3000 4674
282 393 367 478 tot
629 373 1009 444 oottnnnninrt

302 519 405 590 idest,
420 521 512 576 vento
523 510 714 571 susurrantis
729 521 761 567 et
772 499 947 566 sibilhntie:
968 505 1073 584 itaque
1085 495 1189 574 iilum,
1209 511 1240 560 et
1252 519 1353 558 amoe-

301 611 383 668 nitas
394 603 527 678 umbre,
538 614 569 660 et
578 599 699 659 sonitus
709 595 899 656 blandientis
909 592 1029 652 arboris
1039 587 1269 649 illectaverant:
1281 587 1351 646 duo

303 697 357 757 olii
369 707 508 778 pastores
522 687 683 770 Corydon,
696 699 728 747 et
740 684 867 767 Thyrsis
879 685 911 743 in
926 701 1026 742 unum
1037 680 1208 756 locum.(in
1222 698 1296 738 eum
1309 679 1356 734 vi·

302 781 428 857 delicet,
447 783 478 839 in
496 797 559 860 quo
574 769 814 856 eratDaphnis)
828 773 937 853 greges
951 766 1185 850 compulerant:
1200 764 1253 826 ced
1267 782 1354 846 quos

303 866 558 955 gregesiThyreis
567 883 657 937 oves,
668 859 805 943 capellas
816 857 976 940 Corydon,
989 870 1019 918 et
1028 855 1085 916 has
1096 855 1219 938 plenae,
1228 866 1355 912 tumen·

303 977 410 1041 terque
422 951 572 1016 uberibus
584 972 648 1033 prae
658 949 746 1010 lectio
757 949 847 1030 copia
860 971 867 1006 ε
881 946 1033 1006 florebant
1044 965 1118 1004 vero
1130 956 1272 1025 pastores
1282 937 1352 998 duo

303 1050 373 1132 peri
387 1048 500 1105 virtute
515 1053 699 1122 corporum3
719 1033 793 1119 quia
810 1035 958 1096 nimirum
977 1035 1124 1106 Arcades;
1142 1029 1227 1114 quod
1245 1029 1352 1088 honri·

303 1156 380 1196 num
394 1151 492 1216 genus
511 1131 607 1204 forte,
624 1142 657 1188 et
672 1123 856 1186 robustum:
875 1138 965 1184 erant
981 1123 1116 1202 denique
1132 1138 1223 1201 pares
1239 1131 1354 1188 cantu,

210 1269 211 1274 κ
304 1247 393 1310 peres
411 1223 632 1305 responsione,
651 1215 683 1276 id
701 1231 764 1291 est,
779 1213 936 1289 ornoebeo‚
951 1226 982 1272 et
999 1211 1180 1293 responsivo
1192 1205 1353 1267 carmine:

305 1315 395 1397 quasi
410 1311 508 1371 dicat:
523 1309 664 1390 dispares
679 1319 770 1367 erent
784 1307 817 1363 in
832 1302 991 1385 gregibus,
1003 1322 1077 1360 nam
1088 1298 1165 1358 alter
1174 1316 1262 1368 oves,
1272 1292 1356 1354 ulter

305 1423 416 1487 capros
427 1399 556 1483 agebat:
573 1396 626 1458 sed
639 1416 729 1480 pares
739 1397 853 1455 virtute
865 1393 1019 1475 corporis,
1031 1391 1141 1473 patriae
1153 1386 1355 1458 conditione,

305 1489 618 1556 contusomoenitate.
720 1517 724 1526 .

343 1584 373 1642 6.
389 1581 464 1654 Ηίο,
487 1590 570 1650 tunc3
595 1574 645 1635 rel
666 1575 698 1633 in
723 1571 791 1634 loco
816 1572 870 1632 ubi
892 1584 958 1630 erat
978 1566 1138 1650 Daphnis,
1161 1583 1255 1646 caper
1269 1559 1350 1620 mihi

305 1670 513 1740 desertaverat,
530 1665 584 1746 qui
603 1665 664 1740 vir,
684 1676 714 1722 et
727 1663 857 1722 moritus
872 1673 915 1720 est
927 1656 1137 1741 capellarum:
1153 1653 1354 1714 deerraverat

209 1798 212 1804 .
304 1778 390 1832 vero,
396 1773 493 1838 quum
502 1751 633 1812 fortasse
640 1769 698 1832 ego
706 1769 805 1810 essem
812 1763 983 1830 occupatus
995 1740 1200 1806 defendendis
1213 1737 1352 1800 afuturo

305 1845 421 1926 frigore
442 1842 549 1922 myrtis
572 1841 685 1900 teneris
705 1861 712 1898 ε
739 1857 845 1898 errans
867 1858 943 1898 vero
969 1839 1036 1919 ipse
1058 1829 1247 1916 qumodo,
1269 1827 1353 1887 forte

304 1931 456 2016 Daphnin
471 1931 606 2012 aspicio:
621 1927 673 1988 ille
687 1926 766 1988 mibi
780 1929 899 2002 statim,
914 1926 976 1988 buc
991 1924 1079 2000 odeo,
1094 1925 1160 1992 scio
1176 1918 1252 2003 quid
1267 1937 1354 1998 qute-

306 2019 375 2083 ras?
386 2038 531 2101 coprum3
545 2018 634 2076 mitte
646 2015 860 2092 humentem,
872 2017 975 2076 salvus
987 2027 1032 2074 est
1044 2013 1112 2087 ille3
1126 2007 1212 2070 hoedi
1224 2009 1358 2085 insuper

307 2109 385 2171 solvi
396 2121 486 2169 suut:
506 2106 572 2168 vidi
584 2104 672 2182 illos,
692 2117 723 2166 et
734 2108 796 2167 scio
813 2127 876 2188 quo
890 2109 954 2166 sint
964 2105 1045 2165 loci:
1063 2116 1098 2164 tu
1109 2117 1200 2174 vero,
1215 2096 1270 2178 qui
1281 2093 1359 2153 fati-

307 2211 398 2279 gatus
414 2217 446 2256 eo
464 2194 649 2278 quaerendo,
664 2193 737 2255 sede
752 2193 792 2256 ad
809 2193 968 2269 umbram,
985 2192 1231 2274 quietemcape,
1248 2183 1273 2242 si
1287 2200 1357 2240 ces-

306 2351 396 2416 tibus,
415 2351 491 2421 quusi
509 2349 611 2402 diceret
629 2351 704 2402 annis
720 2371 727 2401 z
746 2367 808 2402 rara
854 2345 951 2413 tendo,
963 2343 1055 2411 idest,
1068 2341 1132 2394 dum
1142 2337 1207 2392 mibi
1217 2331 1359 2389 eddcfen-

234 2501 235 2506 1
305 2431 622 2501 loeuti0,pcrnurnerum
630 2429 806 2501 plurativum:
854 2428 973 2481 seculum
981 2417 1357 2499 preparomyrtosofrigorea

306 2509 429 2580 iutelligit
442 2522 528 2560 autern
541 2507 725 2578 pubertatem:
743 2525 809 2581 qua·
855 2507 883 2559 id
899 2519 957 2573 est,
975 2525 1033 2578 quc
1049 2514 1111 2556 eunt
1127 2501 1183 2552 sine
1200 2491 1357 2568 frigoribus.

305 2608 335 2642 re
343 2589 376 2640 ab
384 2589 503 2638 Ausonio
511 2586 737 2658 utrumquesiruui
748 2605 810 2638 con·
854 2587 946 2640 Solent
957 2587 1027 2638 enirn
1040 2595 1161 2655 pastores
1172 2575 1316 2630 vendicare
1327 2573 1349 2623 si
1359 2600 1363 2612 .

307 2671 428 2738 junctum
444 2678 498 2718 ectr
515 2666 587 2716 Dum
596 2667 652 2741 flos
670 2683 765 2730 novus,
783 2675 811 2716 et
852 2666 881 2717 bi
893 2666 952 2718 ioca
966 2665 1055 2736 eliqua
1067 2671 1179 2734 propter
1191 2653 1358 2727 frigusfutu·

308 2763 375 2796 nova
386 2744 472 2813 pubes.
484 2771 517 2786 -
527 2742 640 2796 Arcades
650 2745 734 2795 ambo.
746 2744 807 2795 Nou
852 2765 919 2798 rum.
933 2747 1004 2798 Sero.
1015 2773 1049 2783 —
1059 2743 1110 2794 Pro
1122 2735 1262 2809 multiplici
1274 2735 1359 2784 inter-

307 2840 402 2876 revere
416 2821 550 2874 Arcades:
564 2840 626 2875 nam
641 2821 713 2894 apud
731 2823 809 2878 Mau-
851 2827 1018 2898 pretatione,
1038 2839 1117 2895 quom
1136 2817 1217 2870 trudit
1234 2812 1359 2876 Servius,

309 2916 382 2954 tuum
393 2918 435 2952 res
448 2902 550 2972 agitur:
565 2901 612 2953 sed
623 2903 661 2953 sic
674 2901 766 2974 periti,
779 2914 809 2954 ut
853 2925 907 2957 una
918 2903 1023 2957 videtur
1037 2913 1200 2972 congruere,
1214 2895 1284 2946 Dum
1298 2909 1360 2943 mu·

309 2999 355 3034 eos
367 2979 484 3032 Arcades
495 2993 613 3050 putaret.
626 2981 695 3034 Nem
705 2993 731 3033 et
740 2999 809 3054 pau·
852 2986 898 3037 nio
907 2997 1005 3058 myrtoo
1013 2994 1106 3036 contro
1119 2978 1253 3031 inimicum
1265 2973 1360 3044 frigus,

308 3063 336 3118 lo
355 3075 416 3135 post
434 3061 553 3116 dicturus
570 3059 811 3116 candicantem
857 3063 930 3135 quod
949 3064 1067 3116 tolerare
1082 3059 1135 3113 boc
1154 3072 1237 3128 genus
1252 3053 1357 3106 fruticis

307 3143 388 3218 periti
398 3141 518 3194 Arcades.
697 3206 698 3211 ¹
856 3161 911 3194 non
926 3155 1022 3214 potest.

344 3225 370 3278 6.
383 3223 436 3275 Hic
450 3220 526 3272 mihi.
543 3221 648 3274 Scilicet
664 3221 736 3273 circa
753 3239 812 3274 eam
893 3239 917 3292 7.
928 3222 978 3277 Vir
986 3219 1079 3295 propit.
1088 3215 1203 3280 Abusire
1213 3235 1219 3266 ε
1231 3231 1292 3264 nam
1303 3223 1361 3262 tan-

308 3317 429 3376 purtem‚
446 3304 473 3354 in
491 3318 543 3372 quo
556 3299 677 3370 Daphnis
691 3299 810 3353 redebet.
856 3317 912 3354 turn
923 3303 1061 3354 bominum
1072 3310 1119 3350 cst.
1132 3297 1175 3348 sic
1186 3294 1261 3347 alibi:
1275 3293 1359 3364 Quem

250 3399 252 3404 ’
309 3378 748 3450 InMediceobuoscriptumest,
764 3379 812 3431 ted
857 3381 941 3455 lepore
961 3381 1056 3432 vinem.
1078 3375 1304 3434 hemicranius,
1324 3373 1362 3422 Et

311 3465 355 3517 tic
370 3463 478 3522 melion
495 3461 547 3512 boo
565 3473 620 3525 eet,
642 3479 674 3512 eo
693 3474 811 3530 tempore
856 3461 949 3515 cientis
971 3477 1061 3512 uxores
1078 3453 1175 3508 mariti.
1199 3451 1360 3526 Acprologiu

310 3561 363 3617 quo
374 3553 470 3593 teneros
483 3537 595 3609 defendo
606 3557 621 3588 a
628 3538 732 3611 fripon
743 3557 812 3608 myr-
856 3553 896 3594 cst
907 3561 915 3602 ς
928 3537 1000 3610 quod
1013 3551 1102 3590 tamen
1113 3533 1148 3587 od
1156 3532 1292 3585 Theocriti
1301 3532 1359 3582 iuri·

312 3635 357 3676 tos.
371 3623 405 3674 Et
415 3621 488 3671 varie
506 3617 550 3670 hio
566 3617 641 3670 loeus
660 3621 810 3688 exponitur.
857 3622 985 3672 tationem
998 3617 1099 3670 dictum
1116 3604 1179 3667 det:
1201 3614 1248 3684 qui
1268 3613 1319 3676 eit,
1341 3605 1360 3662 ὅ

310 3701 380 3754 Nam
403 3700 449 3752 olii
473 3696 630 3768 simpliciter
655 3699 811 3769 occipiunt,
855 3696 943 3768 epici,
961 3699 1005 3751 cn
1030 3697 1113 3748 noveii
1136 3693 1208 3760 cipit
1232 3692 1298 3760 ἰνιρ,
1316 3689 1359 3744 Sic

311 3783 381 3834 Duru
391 3793 488 3853 myrtos
498 3790 572 3849 tego,
582 3793 607 3831 et
617 3791 710 3838 tueor,
722 3797 756 3831 ne
767 3799 812 3832 ees
858 3791 950 3832 ornant
968 3779 1043 3848 loqui
1062 3777 1154 3829 Poetoe.
1171 3773 1306 3826 iuvenalis
1324 3771 1357 3836 de

310 3863 394 3932 frigor
414 3870 513 3912 exurat.
526 3855 578 3910 Alii
595 3859 659 3928 quia
674 3860 770 3911 estatis
784 3859 814 3912 il·
856 3857 928 3932 gallo
946 3856 1064 3924 sutili,
1080 3872 1111 3925 9¹
1126 3877 1132 3906 ε
1152 3855 1209 3926 Quo
1227 3852 1360 3906 mordetur

310 3935 811 4010 lndfuieteusseruntternput,dieunt;
854 3937 1075 4016 pallinomarito.

310 4020 430 4093 Defendo
439 4018 578 4091 afripore,
589 4031 650 4090 tego
660 4031 754 4072 contra
766 4019 813 4072 fri·
892 4037 918 4088 9.
933 4016 1072 4090 Cupertibi
1080 4015 1167 4070 salvus
1177 4024 1201 4065 et
1214 4011 1290 4064 hredi.
1304 4013 1357 4062 Aut

308 4121 360 4186 pos
373 4104 497 4154 futorum.
509 4098 560 4150 Atii
573 4097 680 4168 dicunt,
692 4099 759 4152 Dum
770 4099 814 4150 de·
859 4100 922 4169 quio
936 4099 963 4149 in
976 4115 1057 4167 cupro
1070 4108 1110 4148 cst
1125 4111 1184 4165 spes
1200 4091 1358 4153 hoedorum:
