2970 4714
602 408 653 472 tn
678 407 832 476 atain.
1198 409 1239 478 35

185 531 333 619 *exposui
343 533 396 618 (r).
409 527 544 597 Accedit
558 531 715 596 orationis
729 531 868 619 poeticae
883 532 1034 614 facultas,
1048 557 1122 623 quae
1133 535 1166 598 in
1176 534 1242 600 hoc

195 653 295 725 poeta
307 639 371 703 fuit
382 639 516 704 eximia:
533 659 607 727 quae
617 661 654 702 ea
668 637 737 725 ipsa
748 659 860 702 caussa
871 638 943 717 fuit,
957 661 1022 728 qua
1033 639 1168 706 adducti
1180 641 1243 704 viri

196 741 285 810 docti
299 761 407 810 cetera
418 745 516 810 etiam
529 744 639 808 omnia
652 744 685 807 in
698 766 740 808 eo
751 743 895 809 carmine
906 747 1158 832 pronuntiarent
1171 767 1243 811 esse

197 869 335 914 summa.
358 851 467 916 Poetae
481 838 627 914 Maronis
645 850 815 938 ingenium
831 871 1009 937 agnoscere
1028 849 1110 915 mihi
1127 850 1244 917 videor

196 955 297 1019 etiam
309 957 343 1020 in
359 978 414 1036 eo,
435 954 540 1046 quod,
558 979 661 1044 quum
673 971 905 1043 argumentum
919 952 984 1020 hoc
993 955 1037 1020 ab
1049 955 1121 1022 aliis
1134 957 1243 1045 poetis

197 1077 284 1126 esset
297 1078 546 1151 pertractatum,
563 1058 685 1126 relictii
705 1060 830 1140 illeiis,
849 1082 923 1148 quae
936 1060 978 1124 ab
994 1061 1065 1126 aliis
1081 1078 1244 1150 praerepta

197 1185 305 1246 eraut,
323 1169 493 1256 ingenium
507 1167 666 1256 applicuit
683 1167 721 1231 iis
739 1164 909 1245 ornandis,
926 1188 1000 1255 quae
1016 1165 1058 1231 ab
1071 1165 1143 1231 aliis
1159 1191 1244 1231 non-

197 1270 278 1338 dum
294 1289 403 1338 essent
417 1288 586 1362 occupata.
608 1275 657 1336 lta
675 1272 762 1337 forte
777 1271 923 1338 excusari
939 1289 1063 1360 potest,
1083 1271 1175 1362 quod
1189 1272 1244 1337 ille

195 1378 246 1459 id,
261 1379 352 1468 quod
366 1401 533 1443 summurn
547 1379 595 1444 rei
610 1395 831 1459 momentum,
847 1379 918 1466 ipsa
933 1383 1022 1460 ὶιιμιὶ,
1038 1392 1120 1458 erat,
1137 1400 1243 1443 resec·

196 1485 323 1549 tionem
337 1507 455 1564 comae,
473 1483 576 1550 verbo
596 1485 760 1572 exposuit,
781 1501 814 1548 et
832 1506 911 1548 vero
928 1505 970 1547 ne
987 1482 1090 1548 verbo
1105 1481 1244 1573 quidem

196 1591 304 1678 attigit
324 1614 379 1670 ea,
404 1613 478 1680 quae
498 1607 658 1656 resectam
680 1590 750 1655 Nisi
771 1612 900 1656 comam
924 1589 1128 1679 subsequuta
1150 1607 1243 1670 suut,

196 1692 305 1761 donec
320 1695 566 1761 abstraheretur
581 1695 685 1786 Scylla
704 1697 783 1760 navi
796 1696 938 1783 alligata.
959 1694 1197 1784 Exspectabam
1209 1695 1244 1759 in

196 1802 306 1889 primo
324 1802 446 1867 Minois
464 1818 660 1891 conspectu,
680 1803 718 1866 in
732 1803 885 1890 pactione
902 1824 978 1866 cum
996 1823 1036 1866 eo
1053 1799 1243 1882 sancienda,

197 1907 232 1970 in
247 1929 341 1972 coma
355 1908 424 1972 Nisi
439 1905 633 1986 resecanda,
650 1904 825 1987 tradenda,
846 1924 880 1971 et
898 1906 964 1970 fide
979 1907 1102 1972 Minois
1117 1930 1156 1972 ex
1169 1930 1246 1972 con-

198 2008 324 2075 ditione
344 2013 505 2101 pactionis
524 2009 698 2100 exigenda,
721 2029 855 2100 poetam
876 2011 1049 2091 disertum,
1073 2015 1246 2101 copiosum

197 2133 230 2182 et
251 2135 414 2183 ornatum.
430 2118 494 2181 Vix
511 2117 615 2182 verbo
632 2118 827 2182 memoravit
845 2117 917 2182 haec
934 2119 1054 2182 omnia.
1075 2119 1164 2183 Vitio
1180 2117 1247 2184 hoc

196 2224 321 2289 factum
336 2222 442 2305 dices3
460 2225 525 2288 nisi·
532 2222 720 2314 judicioilli
734 2223 898 2289 subtiliori
913 2223 995 2289 illud
1007 2224 1172 2290 tribueris.
1186 2227 1247 2290 Le·

196 2331 345 2396 rioribus
357 2329 514 2421 equidem
524 2333 726 2420 argumentis
735 2331 919 2398 accensebo
930 2354 1028 2397 omne
1042 2330 1139 2410 illud,
1154 2331 1247 2422 quod

199 2457 219 2501 a
237 2437 385 2525 repetitis
405 2453 455 2502 tot
475 2436 663 2526 Virgilianis
685 2437 834 2502 versibus
854 2435 1000 2517 ducitur,
1021 2438 1089 2502 sive
1111 2455 1147 2502 ut
1167 2436 1247 2503 binc

199 2541 332 2630 colligas
342 2543 451 2631 ipsum
460 2545 643 2621 Maronem,
656 2544 726 2608 sive
738 2560 774 2607 ut
786 2543 888 2608 alium
897 2560 1068 2608 auctorem
1075 2545 1177 2608 fuisse
1185 2560 1247 2608 sta·

197 2665 280 2714 tuas·
306 2649 367 2714 Vix
390 2649 479 2714 enim
505 2647 602 2736 firrno
629 2647 735 2713 fundo
761 2649 878 2714 nititur
903 2643 1151 2736 argumentum,
1178 2671 1246 2737 quo

196 2755 339 2844 Scaliger
348 2776 429 2820 usus
438 2771 497 2834 est,
513 2777 617 2845 quum
625 2753 751 2820 diceret
762 2777 769 2816 ε
782 2771 952 2820 auctorem
965 2755 1118 2820 carminis
1131 2771 1167 2819 ut
1175 2775 1246 2818 esse

196 2861 371 2949 Virgilium
383 2859 571 2940 credamus,
585 2861 670 2925 banc
682 2884 784 2925 unam
796 2861 959 2925 rationem
971 2861 1118 2938 vincere,
1132 2881 1247 2924 versus

200 2966 317 3031 crebro
329 2966 384 3032 hic
398 2969 557 3055 repetitos
568 2967 626 3052 (a),
641 2967 698 3057 qui
713 2968 834 3055 passim
846 2967 880 3029 in
894 2965 1031 3030 AEneide
1046 2981 1079 3029 et
1093 2966 1127 3029 in
1142 2965 1247 3029 Geor-

198 3071 279 3158 gicis
296 3087 396 3162 atque
415 3073 449 3135 in
468 3071 629 3138 Bucolicis
650 3073 816 3161 leguntur.
839 3073 940 3161 Atqui
962 3071 1069 3160 potuit
1093 3071 1246 3136 carminis

199 3195 270 3239 esse
282 3174 365 3239 alius
380 3177 484 3240 serior
495 3193 624 3256 auctor,
646 3179 704 3267 qui
722 3200 761 3242 ex
773 3177 910 3265 Virgilio
925 3177 1066 3264 plurima
1079 3191 1248 3239 mutuare-

196 3296 264 3360 tur,
285 3281 338 3344 vel
359 3281 417 3369 qui
436 3280 470 3344 id
486 3300 612 3368 ageret,
630 3300 668 3348 ut
682 3282 811 3370 Virgilii
829 3303 951 3347 nomeu
968 3279 1247 3347 etauctoritatem

195 3387 401 3452 mentiretur.

241 3495 505 3558 Commemoravi
517 3492 627 3560 adhuc
642 3518 694 3575 ea,
711 3517 786 3586 quae
798 3492 970 3583 probabile
983 3493 1092 3558 facere
1104 3493 1248 3581 possint,

196 3597 239 3665 ad
255 3601 427 3664 Maronem
438 3618 609 3665 auctorem
620 3600 685 3668 boc
697 3624 830 3666 carmen
843 3599 1056 3666 referendum
1070 3620 1151 3664 esse.
1163 3599 1251 3664 Alias

196 3706 340 3770 rationes
352 3705 476 3771 Barthii
490 3705 697 3797 aliorumque
713 3730 775 3774 nec
789 3728 1049 3773 commemorare
1061 3706 1170 3794 juvas,
1186 3729 1249 3772 nec

232 3863 272 3938 (¹)
283 3865 351 3917 Vide
362 3865 423 3918 V01·
436 3867 473 3929 ll;
490 3867 607 3940 Dirquis.
620 3869 646 3934 1,
666 3869 688 3940 §.
700 3869 775 3934 Vlll,
794 3887 857 3942 pag.
874 3884 918 3938 173
939 3879 965 3919 et
977 3865 999 3936 5
1013 3865 1090 3930 Xlll,
1108 3863 1143 3918 ad
1156 3864 1249 3935 finem„

195 3965 258 4019 paa-
272 3947 319 4009 28³
338 3947 447 4000 Excurs.
467 3951 545 4020 pam.
566 3950 598 4002 aa
616 3949 718 4003 aneia.
735 3951 774 4016 11,
797 3970 858 4024 pag.
874 3951 939 4014 aaa,
961 3950 1020 4016 309.
1034 3947 1093 3998 vor.
1110 3947 1152 3996 ll:
1176 3959 1202 3997 a
1221 3947 1248 4000 aa

136 4065 138 4068 -
194 4028 328 4100 principio
341 4027 443 4081 AEneid.
454 4029 492 4095 X,
505 4033 654 4102 argumenti
666 4044 757 4092 notam
771 4030 896 4084 editionis
908 4029 988 4098 hujus
998 4027 1058 4078 Vol.
1072 4029 1117 4091 Ν,
1129 4043 1190 4096 pag.
1201 4043 1245 4096 9²·

230 4103 270 4176 (2)
281 4107 416 4180 Apposuit
429 4125 475 4160 eos
487 4109 529 4162 Jo.
544 4107 686 4164 Schrader.
700 4110 886 4163 Emendatiou.
897 4128 925 4181 p.
936 4107 970 4160 33
982 4125 1022 4176 sq.
