2970 4714
267 317 309 435 7's
704 338 880 411 curer

305 467 364 533 llla
376 468 519 553 quidem,
531 467 666 528 nimium
678 467 787 530 Manes
800 481 926 552 experta
938 483 1077 550 severos,

303 562 497 640 Praeceptum
511 556 652 638 signabat
664 558 738 632 iter3
751 577 807 618 nec
820 556 938 617 rettulit
951 560 1034 620 intus

304 650 455 724 Lumina,
468 667 524 706 nec
536 645 616 707 dive
628 649 767 729 corrupit
779 667 911 708 munera
924 645 1042 728 lingua.

304 734 365 796 Sed
376 748 425 811 tu,
437 733 584 812 crudelis,
596 735 732 796 crudelis
746 749 779 796 tu
791 738 905 816 magis,
919 735 1067 818 Orpheo,

304 824 420 886 Oscula
432 845 503 885 cara
514 837 621 907 petens
634 826 748 906 rupisti
757 822 845 905 jussa
858 824 988 885 deorum
1001 849 1009 886 ι

303 911 426 994 Dignus
438 934 526 972 amor
537 914 643 990 venia,
655 926 771 996 qratum
783 915 808 972 si
821 917 950 974 Tartara
961 929 1090 976 nossent

303 1002 467 1062 Peccatum
481 1005 648 1085 ignovisse.
662 1000 720 1062 Sed
733 1016 764 1060 et
776 1022 831 1062 vos
843 1002 914 1062 sede
927 1005 1070 1084 piorum,

304 1090 367 1151 Vos
379 1106 499 1170 manet,
512 1091 624 1165 heroes,
637 1104 748 1168 contra
759 1113 870 1152 nemus.
884 1093 943 1152 Hic
955 1107 987 1152 et
999 1109 1131 1178 uterque
1159 1115 1162 1124 ’

302 1182 452 1260 AEacides,
466 1183 576 1246 Peleus
588 1203 691 1264 nempe
702 1196 734 1241 et
744 1181 927 1242 Telamonia
940 1185 1054 1264 virtus,

301 1271 363 1331 Per
372 1275 463 1353 patris
474 1294 575 1335 secum
587 1270 722 1332 locantur
732 1273 878 1347 numina3
891 1293 1027 1355 quorum

302 1359 478 1422 Connubiis
489 1365 594 1423 Venus
607 1375 637 1421 et
648 1362 754 1422 Virtus
768 1360 904 1443 injunxit
915 1362 1070 1424 honorem
1082 1385 1089 1422 :

303 1450 397 1510 Hunc
409 1455 485 1533 cepit
496 1471 600 1525 serva3
613 1464 662 1510 ast
673 1449 765 1510 illum
776 1453 883 1512 Nereis
896 1456 1023 1512 amavit.

303 1539 425 1600 Assidet
437 1539 481 1600 bis
490 1539 629 1621 juvenis,
642 1541 743 1600 sociat
755 1561 850 1622 quem
863 1540 979 1622 gloria3
991 1541 1080 1602 fortis

302 1630 393 1703 Acer,
408 1633 545 1690 inexustis
556 1629 691 1690 referens
703 1651 721 1688 a
733 1630 866 1690 navibus
880 1631 968 1710 ignes

302 1713 456 1795 Argolicis
467 1715 636 1798 Phrygios,
649 1730 737 1777 torva
750 1717 874 1777 feritate
886 1716 1040 1799 repulsos.

304 1806 333 1865 0
346 1809 416 1887 quis
428 1827 494 1867 non
506 1807 692 1890 repetuttalis
704 1808 840 1867 divortia
853 1805 945 1883 belli,
959 1839 962 1842 ·
994 1843 997 1848 Δ

305 1893 383 1970 Quae
398 1899 483 1958 Troes
495 1897 617 1974 videre,
629 1900 688 1958 viri
701 1897 872 1981 videreque
885 1899 985 1958 Graii!

302 1983 432 2045 Teucria
445 2005 543 2067 quum
556 1985 648 2047 multo
659 1997 802 2046 manaret
812 1987 964 2067 sanguine
976 1985 1084 2062 tellus,

303 2071 344 2130 Et
356 2074 467 2135 Simois
479 2074 660 2158 Xanthique
672 2075 793 2156 liquor;
805 2075 971 2157 Sigeaque,
982 2088 1110 2158 propter,

304 2158 411 2221 Litora
425 2184 522 2244 quum
533 2167 646 2241 Troas,
657 2165 731 2224 saevi
743 2163 832 2223 ducis
845 2165 985 2224 Hectoris
999 2165 1060 2240 ira,

305 2248 418 2312 Videre
430 2255 462 2313 in
476 2254 586 2315 classes
599 2255 725 2314 inimica
737 2266 841 2314 mente
855 2251 997 2334 Pelasgas

305 2338 456 2419 Vulnera,
471 2343 546 2420 tela,
558 2364 662 2419 neces,
674 2345 775 2424 ignes,
788 2342 904 2403 inferre
915 2355 1051 2424 paratos.

304 2427 375 2509 ipsa
385 2430 470 2512 jugis
483 2453 620 2514 namque
630 2432 686 2492 lda
696 2445 797 2514 patens
809 2430 1010 2507 vementibus,
1022 2432 1091 2512 ipsa

304 2517 361 2577 Ida
372 2519 454 2581 faces
466 2521 557 2583 altrix
570 2523 694 2604 cupidis
706 2519 871 2604 praebebat
882 2519 1034 2596 alumnis,

304 2608 416 2668 Omnis
430 2624 464 2670 ut
477 2614 508 2671 in
522 2615 639 2672 cineres
651 2609 774 2672 Rhoetei
787 2610 891 2671 litoris
904 2631 959 2670 ora

304 2693 463 2757 Classibus
475 2698 627 2760 ambustis
639 2699 765 2759 flamma
778 2711 946 2780 superante
959 2695 1096 2756 daretur.

305 2783 389 2842 Hinc
402 2802 469 2846 erat
480 2792 646 2871 oppositus
659 2805 771 2849 contra
781 2789 984 2848 Telamonius
996 2785 1104 2860 heros,

304 2868 504 2957 Objectoque
516 2873 613 2937 dabat
625 2876 727 2958 clipeo
741 2877 931 2950 certamina3
944 2887 974 2934 et
987 2873 1075 2932 illiue

305 2959 426 3019 Hector
436 2977 517 3038 erat,
528 2964 629 3044 Trojae
641 2985 801 3025 summum
815 2961 928 3022 decus:
943 2981 1013 3021 acer
1023 2974 1170 3042 uterque,

305 3044 506 3111 Fulminibus
520 3052 594 3114 caelo
607 3054 704 3114 veluti
717 3053 825 3134 fragor
834 3049 938 3112 editus
952 3048 1032 3124 alt03

305 3133 436 3214 Ignibus
449 3137 500 3201 hic
514 3140 646 3224 tradisque
649 3143 756 3226 fureru
761 3187 770 3216 ‚
784 3143 810 3200 si
822 3136 976 3200 classibus
988 3139 1086 3220 Argos

305 3223 428 3305 Eripiat
441 3226 574 3305 reditus;
587 3229 640 3290 ille
652 3244 684 3292 at
694 3229 847 3291 Vulcania
860 3227 944 3289 ferro

307 3313 443 3376 Vulnera
455 3322 588 3399 protectis
599 3319 755 3403 depellere
768 3315 902 3378 navibus
915 3322 1012 3378 instat.

305 3405 365 3463 Hie
378 3422 445 3467 erat
457 3409 595 3471 AEacides
609 3410 703 3487 alter,
716 3408 839 3471 laetatus
851 3406 988 3483 honore,

306 3493 466 3556 Dardaniis
476 3496 534 3559 alte
546 3497 617 3560 fuso
630 3498 717 3582 quod
729 3499 883 3579 sanguine
894 3496 1015 3577 campis

308 3580 463 3644 Hectoreo
475 3589 575 3648 victor
586 3586 733 3648 lustravit
745 3607 879 3668 corpore
891 3581 1028 3663 Trojam.

305 3668 446 3733 *Rursus
458 3675 570 3738 acerba
583 3676 735 3751 fremunt,
748 3676 834 3734 Paris
848 3675 933 3734 bunc
946 3669 1032 3753 quod
1044 3667 1135 3744 letat,
1149 3680 1179 3729 et
1190 3663 1287 3746 hujus

307 3758 419 3822 *Alma
432 3761 513 3826 dolis
525 3764 626 3826 ltbaei
638 3769 739 3826 virtus
752 3764 838 3845 quod
851 3760 989 3824 concidit
1001 3762 1072 3820 icta.
1271 3763 1314 3810 325

307 3847 389 3911 Huic
401 3857 482 3933 gerit
492 3873 617 3914 aversos
630 3851 734 3935 proles
746 3853 869 3912 Laertia
882 3849 1003 3925 vultus,

309 3937 349 3998 Et
356 3940 424 4021 jam
435 3944 605 4026 Strymonii
617 3941 712 4002 lihesi
723 3943 888 4025 victorque
899 3937 1048 4013 Dolonis,

299 4091 516 4144 Divermrumlorte
528 4097 676 4160 ingeniorum
687 4105 846 4146 construunt
854 4107 931 4146 versut
939 4090 1141 4156 &inq-,utique
1149 4100 1192 4137 rtt.
1200 4083 1242 4132 3²1
1253 4097 1318 4146 sqq..
1364 4125 1366 4130 .
