2918 4682
351 385 402 449 tn
425 379 808 448 ononurconun
832 383 924 449 orn.
950 386 998 450 n.
1128 385 1189 477 ⁵⁰7

156 508 301 584 herbam3
317 504 477 568 celebrant
486 505 628 567 convivia
640 505 719 564 eirca
731 505 852 584 ignem;
864 506 1019 568 Bacchum
1030 510 1192 586 invocant3

156 601 289 659 excitant
296 609 436 680 pastores
447 613 536 667 suos,
546 591 595 652 rel
607 591 645 651 sd
655 593 839 674 sagittarum
848 609 1004 655 certamen
1012 642 1020 671 ‚
1029 599 1194 679 proposito

155 707 250 768 scopo
263 688 296 745 in
311 685 414 757 ulmo,
431 681 480 742 vel
496 681 536 742 ad
552 679 743 763 palestram,
762 701 832 763 quse
848 701 1007 744 exercetur
1022 687 1114 746 nudis
1128 707 1193 746 cor·

154 775 294 857 poribus.
306 777 405 855 lioges
418 775 521 854 primo
533 795 540 832 :
553 791 658 831 nonne
672 769 750 830 illud
768 771 853 831 obem
867 795 961 833 vocem
975 775 1080 836 hortea
1090 775 1194 836 ‹lentit-

155 875 230 936 tunt‚
243 863 379 944 pertinet
389 861 427 922 ad
443 858 564 921 honum
576 857 671 919 utile?
683 859 809 934 Fateor3
830 861 885 920 sed
900 881 936 920 ex
950 881 1016 942 quo
1028 875 1133 922 tamen
1146 883 1194 922 se·

155 953 264 1032 quitur
274 947 418 1036 voluptas
430 969 544 1030 magna
559 950 628 1031 ipso
646 962 791 1030 aspectu:
807 961 838 1009 et
855 948 980 1030 quidem
998 969 1033 1010 ex
1045 950 1193 1032 conjunc-

153 1037 240 1096 tione
252 1057 325 1096 cum
334 1035 403 1096 eliis
412 1034 673 1117 bouisjucundis,
686 1034 764 1096 illud
779 1055 906 1118 quoque
917 1035 957 1096 ad
966 1037 1194 1117 jucunditatem

152 1124 278 1186 videtur
289 1125 455 1206 pertinere.
471 1125 571 1204 Rogas
584 1123 714 1200 deinde,
730 1121 785 1184 ubi
800 1124 920 1184 honum
935 1123 1122 1190 honestum?
1135 1123 1195 1185 hoc

154 1211 320 1294 multiplex
332 1235 338 1269 :
353 1213 515 1272 invocatur
526 1210 681 1286 Bacchus,
693 1225 884 1293 persguntur
894 1213 961 1273 dies
972 1210 1040 1272 festi
1052 1236 1059 1272 ι
1074 1233 1112 1273 en
1126 1211 1197 1272 reli·

153 1302 206 1380 gio
219 1324 225 1359 :
239 1313 419 1360 exercentur
428 1298 550 1378 jaculo,
572 1302 605 1358 in
618 1299 776 1381 palaestra,
797 1321 867 1383 quoe
882 1303 963 1362 iuter
974 1301 1119 1364 honestas
1133 1321 1197 1361 me-

153 1387 323 1447 ditationes
336 1399 565 1446 connumerant
576 1386 717 1448 doctores
729 1389 958 1469 gymnasticon.

194 1475 261 1534 532.
274 1475 344 1535 Non
356 1475 473 1534 omittit
484 1489 578 1558 poeta
592 1475 642 1551 id,
661 1477 744 1558 quod
758 1479 962 1538 necessarium
977 1479 1008 1559 in
1024 1480 1110 1538 omni
1126 1499 1197 1560 per·

153 1566 314 1639 suasione,
326 1565 477 1623 nimirum
490 1566 647 1647 exempla,
663 1587 733 1649 quae
747 1587 811 1628 rem
825 1567 968 1628 firmant:
982 1565 1110 1627 adhibet
1122 1587 1196 1628 vero

154 1650 268 1733 duplex
280 1671 378 1732 genus
390 1650 621 1736 exemplorum,
633 1654 808 1716 humanum
820 1670 853 1717 et
865 1656 1018 1716 divinum.
1037 1657 1072 1714 ln
1085 1654 1196 1716 huma·

152 1743 284 1800 nissunt
294 1741 413 1816 Sabini,
424 1743 477 1823 qui
490 1741 572 1804 hanc
582 1745 678 1805 vitam
689 1743 842 1806 habuere:
852 1747 981 1818 Remus,
992 1745 1197 1818 etilomulus‚

154 1828 208 1909 qui
226 1843 363 1909 pastores
380 1827 523 1890 luerunt:
540 1832 665 1893 Etruria
682 1847 765 1908 tota,
783 1853 854 1915 quor
865 1831 928 1894 hoc
938 1833 1043 1894 studio
1055 1833 1151 1892 crevit
1164 1833 1198 1890 in

153 1937 299 1998 magnam
322 1921 517 1999 potentiam:
539 1921 667 1982 demum
688 1923 787 2004 lioma
809 1925 890 2005 ipss,
912 1921 1107 2004 quaterdeni
1131 1933 1198 1980 arte

153 2003 233 2064 faeta
246 2021 294 2064 est
305 2025 409 2065 rerum
424 2009 567 2067 omnium
580 2008 805 2091 pulcherrima,
826 2025 857 2070 et
870 2029 933 2070 una
947 2025 1060 2091 septem
1076 2021 1198 2069 montes

154 2094 247 2152 unico
259 2115 350 2154 muro
361 2095 580 2157 circumdedit.

192 2183 258 2244 536.
272 2183 318 2242 Ab
330 2183 474 2246 humanis
484 2188 635 2270 exemplis
646 2189 748 2270 pergit
759 2187 797 2248 ad
809 2187 931 2247 divina:
946 2209 1018 2247 nam
1032 2189 1197 2260 Saturnus,

154 2271 208 2352 qui
223 2273 300 2332 vixit
314 2293 408 2332 aureo
424 2273 545 2349 seculo,
563 2278 627 2356 egit
640 2277 736 2334 ritem
750 2275 939 2334 rusticorum
953 2297 959 2332 :
973 2273 1057 2356 quod
1072 2273 1198 2332 Saturni

153 2378 252 2417 aevum
267 2363 422 2440 praecessit
436 2375 558 2422 oetatem
571 2365 673 2437 lovis,
686 2365 741 2446 qui
754 2361 856 2422 dictus
870 2377 915 2422 cst
926 2363 989 2422 Rex
999 2363 1153 2434 Dicturus,
1165 2360 1198 2418 id

154 2459 214 2522 est,
234 2447 406 2508 Cretensis:
427 2452 585 2532 praecessit
601 2453 696 2512 etiarn
711 2466 833 2512 ertatem
849 2449 952 2527 illam,
971 2473 1034 2533 qua
1052 2448 1198 2510 mortales

153 2661 238 2718 putes.
249 2650 303 2704 Alii
312 2651 417 2719 dieunt,
430 2656 513 2708 festos
523 2656 581 2710 dies
591 2675 652 2711 cum
697 2671 737 2712 est
749 2677 764 2711 s
778 2669 852 2710 motu
863 2675 935 2709 urnae
947 2679 953 2708 ι
966 2673 1029 2708 num
1041 2653 1113 2708 ducti
1125 2665 1198 2706 sorte
1285 2641 1288 2646 ¹

153 2727 281 2802 religione
292 2733 488 2787 concelebrant.
502 2738 571 2790 Seni.
696 2737 842 2790 luctantur.
853 2737 923 2790 Serv.

188 2809 248 2864 528.
262 2814 362 2865 Cratera
375 2827 507 2869 eoronam.
517 2813 549 2869 Ti
561 2815 651 2884 orient
731 2819 791 2872 533.
806 2817 933 2890 Siesortis
942 2817 1048 2868 Etruria
1059 2815 1145 2868 erevit.
1154 2813 1197 2866 Se·

153 2889 266 2960 ntipeen
277 2897 395 2960 ημιίκις
406 2897 583 2952 ntAthenaeus
593 2901 650 2967 xv,
696 2897 813 2950 cundum
825 2898 964 2950 historiam
978 2919 983 2947 :
997 2915 1060 2949 narn
1076 2906 1196 2961 constat,

155 2969 185 3030 5;
203 2974 320 3026 referens
339 2975 414 3028 llied.
434 2987 466 3038 Λ,
487 2981 558 3050 47οτ
577 2981 651 3049 stipor
696 2979 797 3032 Tuscos
812 2995 896 3050 usque
914 2975 948 3030 sd
964 2977 1062 3028 fretum
1079 2975 1195 3026 Siculum

151 3044 192 3110 pir
207 3050 315 3118 *tt‘rftoer
329 3053 487 3120 into-rilem
500 3058 593 3125 ποτοῒος
605 3060 651 3112 ubi
697 3060 785 3110 omnis
798 3057 958 3130 possedisse.
974 3055 1043 3107 Serv.
1063 3083 1098 3094 -
1118 3050 1196 3102 Unde

154 3125 241 3178 Schol.
255 3131 310 3194 ἄχρι
321 3133 361 3186 rie
373 3131 485 3200 moriere
501 3135 650 3205 ἐπαίρουσιν,
696 3152 781 3191 totum
792 3157 881 3202 mere,
894 3135 967 3207 quod
978 3153 993 3186 a
1006 3135 1098 3186 dextre
1112 3129 1196 3183 ltalici

155 3207 181 3258 id
193 3221 248 3272 est,
258 3209 327 3279 μέχρι
340 3207 426 3269 nineve.
437 3245 472 3255 -
480 3217 539 3268 Jam
552 3230 653 3290 tempo·
696 3219 781 3270 litoris
794 3229 849 3282 est,
865 3215 1025 3286 tyrrhenum
1037 3213 1142 3264 dicitnr.

156 3285 227 3338 ribus
237 3287 375 3359 Sophoclis
388 3293 586 3346 coronabantur
596 3315 652 3347 cre·
733 3297 791 3361 534.
799 3295 867 3347 Ante
878 3295 992 3346 dirutsm
1000 3290 1195 3364 Carthaginem.

156 3378 224 3418 teres
236 3369 331 3420 fronde
342 3383 388 3421 sut
400 3369 470 3423 lana.
484 3373 516 3425 V.
528 3373 559 3424 G.
697 3377 809 3428 llomani
819 3377 856 3426 its
865 3373 999 3436 vivebant,
1006 3385 1034 3423 ut
1043 3371 1143 3424 diceret
1150 3371 1197 3422 Ca·

191 3446 249 3515 5²9·
261 3449 396 3520 Magistro.
408 3452 447 3501 lta
457 3464 588 3503 vocantur
599 3471 654 3506 non
698 3467 726 3505 to
739 3457 767 3506 in
781 3456 870 3524 operis
885 3454 1030 3524 protentio:
1047 3452 1100 3502 «ur
1110 3452 1195 3502 virum

157 3524 240 3577 solum
253 3525 403 3595 hominum,
416 3529 462 3582 sed
475 3533 555 3583 etism
567 3546 653 3584 recto·
701 3534 822 3585 :honum
834 3551 915 3604 quum
924 3530 1084 3596 laudabant,
1094 3533 1131 3582 ita
1141 3531 1196 3582 lau-

157 3624 197 3657 res
207 3619 233 3658 et
245 3608 408 3662 institutores
422 3612 547 3663 ferarum.
558 3612 651 3684 Virgil.
700 3637 711 3661 ι
722 3613 841 3680 dabant,
864 3613 964 3663 Bonum
986 3610 1129 3684 agricolam
1150 3610 1197 3662 bo-

156 3701 298 3758 praetereo,
315 3690 360 3760 qni
375 3701 430 3740 tum
443 3689 504 3758 hie,
520 3704 575 3744 tunr
589 3693 653 3745 alibi
700 3710 838 3762 unumque
862 3689 995 3742 colonum.
1011 3713 1022 3735 ι
1047 3687 1113 3741 Vide
1137 3705 1195 3758 qun

157 3784 223 3836 steps
236 3785 298 3818 usus
309 3767 361 3819 hac
372 3785 446 3820 rore.
697 3783 807 3822 narrant
818 3769 938 3820 historici
951 3767 985 3818 de
995 3767 1121 3835 Quinctio
1135 3767 1197 3818 Cin·

192 3845 251 3897 531.
275 3845 374 3920 Agresti
394 3847 522 3918 paloestra.
544 3849 653 3902 Rustica
697 3852 821 3914 cinnatu,
838 3848 872 3901 de
887 3846 989 3919 llegulo
1005 3859 1033 3898 et
1043 3845 1194 3898 Tuberone.

157 3923 308 3978 luctatione.
332 3925 455 3978 Palaestra
474 3940 562 3980 autem
580 3927 654 3980 diets
698 3929 731 3982 V.
742 3931 773 3980 G.

157 4015 211 4068 est,
230 4005 270 4056 rel
290 3999 338 4056 tvl
354 4005 394 4060 nir
407 4004 501 4068 emar,
517 4004 545 4057 id
562 4019 617 4072 est,
637 4027 653 4059 n
733 4007 792 4060 536.
802 4007 869 4058 Ante
879 4007 957 4058 etiam
968 4015 1092 4077 sceptrum
1105 4003 1197 4055 Dictaei

157 4079 314 4136 luctatione:
325 4082 367 4137 rel
375 4083 425 4138 tini
432 4085 473 4140 roi
481 4081 590 4148 utnon,
600 4083 652 4139 hoc
697 4087 768 4159 repis.
778 4087 926 4157 Antequam
935 4097 1056 4156 regnaret
1063 4084 1077 4136 J
1080 4085 1196 4155 uppiter,
