2964 4690
213 301 297 370 tat
547 291 947 369 -costntstt‘mnm

231 467 236 474 .
274 406 1285 507 51'.Fingnttoerissibinihilamptiwusmemoriemsuppeditare,

234 517 286 576 oui
301 517 394 576 etiam
407 533 463 574 sua
478 525 526 573 est
539 525 676 586 senecta,
689 526 726 573 ut
740 511 869 594 reliquis
882 511 1066 574 mortalium
1078 513 1189 574 rebus:
1205 527 1283 592 ergo

235 605 297 662 ait:
311 616 390 686 aetas
405 601 514 662 omnia
528 590 647 673 atterit,
663 600 850 664 memoriam
868 621 1016 683 quoque:
1038 601 1186 673 memini,
1206 616 1288 680 puer

233 711 333 774 quurn
345 711 452 767 ersom,
465 711 515 752 me
526 691 651 750 aestivos
664 690 759 749 etiam
769 689 848 766 dies,
858 693 911 774 qui
923 691 1011 772 longi
1024 705 1108 766 sunt,
1118 688 1287 751 cantandis

234 779 428 842 carminibus
440 780 664 840 consumsisset
679 778 860 840 exciderunt
866 777 933 862 jam
944 795 991 840 tot
1000 783 1154 855 carmina3
1169 797 1289 840 memo-

234 869 282 930 ria
293 889 343 930 me
353 867 482 946 deserit,
494 869 572 949 quin
582 887 643 926 rox
652 868 722 950 ipsa
735 889 746 928 :v
754 867 891 929 forsitan
902 889 953 929 me
963 869 1031 952 lupi
1040 867 1189 928 viderunt
1198 867 1286 948 prio·

232 971 298 1032 res,
309 955 437 1040 quando
448 954 536 1038 loqui
548 977 613 1018 non
622 977 752 1039 possum
764 979 770 1016 :
787 957 841 1018 sed
851 955 933 1018 nihil
944 957 1052 1033 refert,
1062 977 1113 1016 me
1120 956 1185 1036 jam
1196 954 1287 1034 loqui

234 1069 300 1108 non
321 1068 429 1130 posse,
454 1049 527 1108 satis
551 1045 619 1108 lraec
639 1061 727 1124 sunt,
746 1051 851 1109 reniet
870 1046 995 1108 divinus
1013 1063 1099 1108 vates
1119 1044 1289 1127 Virgilius,

235 1138 288 1220 qui
304 1135 372 1198 haec
387 1135 460 1214 tibi,
473 1151 503 1196 et
515 1157 613 1218 saepe,
627 1136 752 1200 tolerat.

276 1227 324 1288 56.
337 1224 527 1308 Confugerat
536 1226 644 1287 Moeris
656 1225 695 1286 ad
708 1229 869 1288 memoriae
881 1225 1101 1308 fragilitatem,
1115 1244 1155 1284 ne
1167 1221 1288 1283 diceret

233 1335 341 1377 versus
362 1315 491 1397 plures:
512 1336 579 1376 non
600 1316 738 1377 admittit
761 1319 992 1377 excusationem
1013 1313 1160 1396 Lycidas,
1182 1329 1287 1392 neque

235 1399 349 1477 eredit,
359 1416 512 1484 urgetque
521 1399 608 1462 hunc
618 1403 651 1461 in
661 1401 791 1463 modum
802 1425 810 1461 ι
821 1416 870 1474 tu,
881 1402 1289 1480 caussasexcusationesque

235 1487 414 1562 afferendo,
432 1489 574 1550 incendis
591 1488 805 1571 produ'oisque
825 1489 968 1552 studium
986 1503 1017 1550 et
1028 1486 1220 1550 desiderium
1239 1485 1289 1546 tui

198 1615 202 1628 ·
238 1575 400 1638 audiendi.

279 1666 325 1750 57.
339 1669 454 1727 Invitat
463 1666 576 1728 deinde
587 1668 626 1727 ab
636 1671 875 1750 opportunitate
889 1669 1021 1745 silentii,
1037 1689 1136 1752 quum
1142 1664 1225 1728 nihil
1232 1663 1292 1726 ob-

237 1768 370 1836 strepat,
385 1756 556 1836 quominus
568 1755 718 1816 audiatur
729 1758 850 1832 Moeris3
866 1779 931 1818 non
944 1777 1043 1832 mare;
1059 1771 1114 1816 ant
1128 1775 1222 1815 aurae.

238 1885 243 1894 -
278 1843 327 1922 59.
336 1841 458 1902 Deinde
468 1845 511 1903 sic
520 1858 626 1926 urget:
638 1843 743 1906 media
748 1843 815 1928 jam
826 1848 876 1906 via
888 1861 1011 1929 peracta
1022 1862 1069 1907 est
1078 1845 1156 1926 (hoc
1166 1842 1291 1922 colligit

238 1951 275 1992 ex
294 1930 436 2012 sepulcro
454 1933 598 1994 Bianoris
616 1936 789 2017 incipiente
802 1935 869 2019 jam
889 1937 1057 2019 apparere)
1073 1948 1170 1996 restat
1186 1931 1291 1993 media

239 2017 352 2094 altem,
371 2019 525 2103 adquam
544 2024 757 2104 peragendam
775 2029 983 2087 necessarium
999 2041 1048 2086 est
1066 2024 1215 2085 solatium
1233 2020 1291 2081 ali-

239 2105 326 2188 quod
340 2111 506 2170 carminis:
520 2131 594 2192 ergo
607 2112 770 2176 sedeamus
784 2114 851 2191 hic,
865 2131 895 2176 et
910 2112 1060 2176 canamus
1075 2111 1141 2189 hic,
1156 2113 1211 2173 ulri
1226 2131 1292 2170 me·

240 2195 292 2257 dia
309 2211 361 2258 est·
370 2200 436 2275 via,
453 2199 508 2260 ubi
523 2199 629 2264 dense
642 2202 784 2281 frondes,
799 2226 876 2288 quas
891 2219 921 2266 et
934 2203 1011 2267 hinc
1026 2201 1173 2286 agricolas
1187 2201 1293 2260 decer-

239 2300 336 2370 punt,
357 2285 396 2348 ad
418 2289 594 2352 ornandam
616 2293 810 2374 sepulturam
832 2295 995 2356 Bianoris:
1018 2309 1088 2354 tuto
1109 2291 1161 2353 hic
1182 2289 1294 2350 hoedos

241 2373 389 2458 depone:
413 2376 486 2441 licet
501 2382 585 2440 enim
605 2379 761 2464 deponas,
780 2387 984 2469 quiescasque
1002 2381 1183 2468 paululum,
1205 2377 1295 2439 locus

241 2477 347 2528 tamen
357 2468 616 2533 eritadventandi
627 2473 660 2532 in
671 2471 791 2534 urbem.
804 2473 930 2558 Oly'icis:
940 2495 1005 2534 non
1013 2491 1183 2556 possumus
1195 2471 1297 2552 quies·

242 2575 326 2632 cere,
344 2575 385 2616 ne
404 2559 492 2620 tarde
506 2575 616 2622 euntes
628 2583 692 2622 nox
704 2577 855 2644 occupet,
872 2579 905 2624 et
919 2563 1014 2624 simul
1026 2563 1160 2645 pluvite:
1178 2559 1220 2620 do
1234 2555 1297 2618 hoe

242 2641 320 2719 tibi;
337 2662 412 2726 ergo
428 2665 550 2726 eamus,
567 2647 645 2711 dum
662 2649 759 2713 modo
775 2653 927 2714 continuo
946 2665 1123 2728 cantantes,
1142 2650 1188 2710 sic
1210 2649 1297 2709 enim

279 2811 322 2868 ⁵3.
333 2815 414 2870 Nunc
422 2815 512 2872 oblita.
521 2818 576 2873 Aut
585 2821 694 2888 omissa,
703 2823 747 2877 rel
793 2823 902 2897 qrtendi.
922 2823 1037 2878 ‘l'heoen
1056 2822 1133 2897 ldyll.
1147 2821 1222 2884 ΧΝ,
1243 2835 1297 2871 υτ

243 2891 370 2966 figurate,
378 2914 494 2969 quorum
502 2917 552 2973 ego
563 2899 662 2954 oblitus
670 2918 745 2955 tum:
792 2905 830 2957 orl
838 2905 930 2971 φθηξῐ
934 2927 944 2972 3
951 2901 1019 2957 λώιον
1027 2896 1091 2959 ultre.
1099 2901 1241 2963 Plinvlll,
1249 2915 1281 2950 aa
1292 2919 1299 2948 z

244 2986 271 3026 ct
283 2975 402 3029 ostendit
416 2977 514 3040 Moerin
530 2978 635 3032 nullum
654 2997 746 3046 tuum,
791 2983 843 3038 Sed
854 2985 884 3036 iri
894 2983 974 3036 ltalia
986 3000 1089 3056 quoque
1099 2979 1213 3032 creditur
1222 2977 1299 3049 lupo·

243 3052 293 3105 sed
304 3055 395 3108 omnia
404 3055 660 3112 Menalcaearmina
672 3073 746 3114 retu·
791 3081 850 3116 nrm
873 3064 939 3116 risus
958 3083 1009 3117 erre
1029 3062 1139 3114 noxius.-
1160 3074 1299 3129 vocemque

243 3130 315 3186 lisse.
323 3135 385 3186 Non
393 3152 447 3186 uno
456 3135 655 3209 ostendipotest
663 3157 750 3194 exem·
794 3141 897 3196 bomini
913 3162 990 3216 quem
1005 3142 1103 3215 priores
1118 3134 1298 3208 conumplen·

244 3211 291 3283 plo
304 3210 748 3286 activadeponentiaerehrosumi
794 3233 849 3288 tur,
871 3221 985 3275 adimere
1001 3220 1037 3273 ad
1052 3235 1170 3292 presens.
1192 3216 1298 3266 Tritum

244 3296 366 3365 passive:
379 3292 435 3346 Cic.
443 3293 477 3348 de
486 3296 543 3350 ott.
554 3300 575 3364 l,
589 3299 654 3370 139:
671 3299 749 3354 Odo-
793 3302 871 3354 nimis
880 3312 935 3367 est,
944 3319 1026 3372 quom
1034 3312 1063 3351 nt
1070 3295 1222 3350 Plautinum
1230 3289 1298 3346 illud

244 3375 432 3446 manentique,
442 3375 501 3442 heu,
511 3379 696 3453 quamdiqran'
702 3380 748 3434 do·
792 3379 956 3446 illustretur,
965 3377 1047 3432 Stich.
1056 3377 1101 3438 IV,
1113 3391 1180 3446 ¹27¹
1193 3373 1299 3445 :lupus

243 3453 345 3504 minare
356 3452 473 3506 domino.
790 3460 866 3513 estin
876 3477 1000 3512 remoue.

281 3530 323 3598 54.
337 3529 407 3601 Lupi
423 3533 526 3586 Moerim
544 3537 628 3591 videre
641 3540 745 3611 priores.
828 3539 870 3610 57.
881 3535 1105 3611 Tibisr'letoequor.
1114 3537 1144 3588 ln
1154 3547 1227 3587 tuam
1237 3549 1298 3605 gra·

241 3613 303 3664 {loc
330 3611 411 3663 etiam
437 3610 542 3685 Physiei
566 3615 744 3670 confirmant:
790 3609 1082 3679 tiam.1ithocdioit;
1105 3627 1135 3668 ut
1151 3615 1238 3686 possis
1255 3629 1297 3664 ca·

245 3689 320 3764 qnod
329 3708 381 3742 vox
390 3689 541 3745 detrahitur
550 3697 589 3759 ei,
602 3713 681 3766 quern
692 3698 747 3768 pri·
790 3717 868 3760 nere;
882 3711 982 3750 cuncta
994 3695 1133 3750 siluerunt.
1146 3693 1217 3748 Serv.

242 3785 318 3825 tnurn
335 3769 433 3825 viderit
454 3769 542 3843 lupus.
564 3771 643 3826 Unde
665 3776 746 3828 etiarn
827 3771 1295 3848 63.Noxpluviarrrrecolliqatente,

244 3851 417 3926 proverbium
428 3849 481 3904 hoc
493 3855 748 3929 natumnatum
791 3873 916 3908 venmur.
934 3856 988 3908 Aer
1004 3857 1075 3908 enim
1092 3865 1138 3906 aut
1150 3851 1216 3904 'cum
1235 3863 1297 3902 ortu

244 3945 282 3986 est
292 3931 424 4005 insulula
434 3952 441 3981 :
456 3932 580 4003 quotiens
593 3939 748 4008 supervenit
792 3935 875 4004 Solis,
885 3948 930 3988 ant
941 3953 1002 3987 cum
1010 3951 1109 3986 occasu
1117 3932 1298 3985 mutaturfre·

245 4014 290 4068 ille
300 4013 334 4065 de
346 4029 399 4083 quo
412 4011 562 4082 loquimur,
574 4027 601 4067 et
615 4016 693 4068 nobis
705 4019 747 4069 sni
792 4029 922 4087 quenter:
937 4012 1010 4085 quod
1025 4013 1136 4066 AEneide
1152 4013 1233 4065 etism
1251 4027 1299 4061 sa-

245 4091 387 4169 prtetentia
400 4105 521 4166 amputat
537 4095 693 4150 facultatem
708 4097 747 4149 lo·
791 4096 852 4168 pins
865 4093 1008 4147 indicatur.
1023 4095 1093 4146 Serv.

522 4205 530 4236 l
