2986 4694
569 336 866 402 autument.
924 385 927 394 .
1178 339 1236 422 167

242 459 284 525 Et
295 483 368 543 vos,
381 461 461 542 Sile,
474 461 600 541 Albuti,
615 459 825 550 Arquitique,
838 461 1025 549 Varioque,
1085 463 1088 470 ’

242 563 516 633 scholasticorum
529 567 617 632 natio
629 563 766 630 madens
777 564 908 652 pingui3

245 671 293 735 lte
305 670 397 762 liittc,
411 674 515 738 inanis
528 672 701 764 cymbalou
709 671 909 761 juventutis;

243 774 412 866 Tuque,'o
425 801 573 844 mearum
585 801 677 858 cura,
691 779 800 855 Sexte,
814 799 982 858 curarum,

242 881 337 962 Vale,
351 883 563 976 Sabine3jam
575 884 681 949 valete
694 881 842 948 formosi.

243 987 310 1054 Nos
321 989 364 1054 ad
375 990 489 1058 beatos
501 992 575 1058 vela
586 991 746 1056 mittimus
759 1004 888 1078 portus,

198 1190 224 1232 et
234 1179 387 1236 Grecenica
398 1184 559 1256 eloquentia.
580 1167 653 1235 turbis
669 1184 697 1234 in
742 1181 859 1246 motion,
869 1178 1052 1248 antiquissima
1062 1177 1193 1230 lortelrec
1203 1195 1242 1230 et·

196 1255 249 1311 line
259 1259 541 1318 ‹ludumernendaturn
556 1282 605 1335 pro
620 1263 696 1315 verbo
742 1275 781 1314 aet
797 1263 886 1328 vocis,
904 1257 1136 1323 Scholasticorum,
1152 1271 1243 1311 aucto·

198 1340 288 1390 evirie
297 1339 384 1394 doctis
394 1357 421 1396 et
431 1356 501 1397 recte
512 1355 648 1414 receptum
657 1353 697 1396 est
741 1341 813 1394 ritas.
836 1338 942 1392 medem
962 1337 1067 1410 pinqui.
1092 1337 1197 1389 Dictum
1215 1339 1242 1388 ri

198 1417 395 1486 aBurmaan
411 1422 488 1475 turba
502 1421 638 1474 rhetorum
656 1420 697 1473 in·
737 1420 852 1492 pinque,
863 1437 912 1490 pro
926 1417 1018 1488 adipe,
1031 1429 1152 1482 omento,
1163 1415 1243 1468 adeo-

119 1511 124 1522 ·
189 1494 263 1570 flata
275 1515 331 1551 rore
340 1537 349 1564 ,
363 1503 501 1572 nequiter,
515 1513 544 1553 ut
559 1501 640 1566 elias,
655 1519 697 1554 re·
741 1517 794 1570 que
814 1498 847 1552 de
868 1511 978 1570 stupore
997 1498 1117 1570 ingenii,
1138 1496 1242 1548 madere

199 1573 289 1644 plete,
310 1577 424 1647 satiate,
447 1593 572 1654 turgens,
593 1581 640 1633 uhi
662 1579 696 1633 de
742 1593 831 1634 autern
843 1597 894 1650 pro
911 1577 1057 1631 obductum
1075 1595 1148 1644 esse,
1163 1575 1243 1630 adeo-

197 1654 259 1706 oibo
271 1657 313 1710 vel
324 1673 390 1730 potu
403 1661 504 1734 aqituu
515 1661 595 1714 turba
607 1660 697 1714 rlreto·
743 1679 813 1733 que,
827 1661 981 1732 perfusum,
994 1659 1133 1711 imbutum.
1144 1659 1180 1710 Ut
1192 1659 1240 1710 sit:

197 1751 257 1786 rum
284 1736 353 1790 falso
377 1737 557 1812 eloquentiam
580 1739 697 1793 Atticam
741 1753 768 1791 et
779 1757 855 1791 soso
869 1737 1034 1812 grammatici
1046 1756 1159 1789 acumen
1173 1735 1242 1788 lalso

103 1874 108 1884 Ι
194 1815 362 1884 jactantium.
737 1820 880 1888 jactantes.

233 1893 259 1948 3.
280 1897 377 1952 Versus
397 1903 470 1954 varie
492 1912 617 1954 tentatus·
642 1895 695 1950 vid.
778 1900 802 1952 5.
829 1897 930 1951 Notum
957 1910 997 1950 est
1019 1914 1117 1950 nomen
1144 1895 1243 1967 Apioni

197 1971 340 2030 Burmann.
357 1978 374 2030 l.
388 1999 410 2032 c.
428 1982 557 2032 Vossiana
573 1975 699 2032 emende-
742 1979 916 2054 grammatico
934 1997 950 2030 a
961 1977 1069 2030 Tiberio
1081 1975 1184 2029 Caesere
1199 1979 1241 2028 in-

197 2055 254 2105 tio:
273 2057 309 2108 Et
321 2075 380 2124 vos,
397 2057 507 2131 AElique
525 2058 700 2132 Tarquitique
743 2057 838 2124 ditum,
847 2075 929 2130 quum
937 2075 997 2108 eunt
1005 2053 1155 2127 cymbalum
1165 2075 1244 2132 mqu-

196 2131 351 2208 Varroque,
371 2139 503 2210 scripture
521 2152 646 2192 revocata
664 2135 699 2188 ad
743 2138 773 2192 di
788 2137 953 2211 appellaret,
973 2134 1046 2208 quod
1065 2136 1100 2190 ad
1115 2137 1243 2204 juvenum

197 2227 263 2266 nota
275 2219 420 2272 nominate
433 2218 700 2285 commendans,me-
744 2235 821 2271 eures
829 2216 1010 2288 loquaciteret
1018 2216 1132 2267 inaniter
1141 2227 1244 2287 strepe-

197 2304 240 2345 tro
252 2301 421 2368 repugnatio
434 2297 509 2364 AEli,
519 2313 548 2350 ut
561 2299 629 2352 bene
640 2315 699 2348 mo-
743 2311 792 2351 ret.
814 2299 907 2368 ltaque
930 2294 1016 2348 inanis
1035 2293 1181 2365 juventutis
1200 2295 1242 2345 vix

198 2374 304 2424 uuitlo.
315 2373 454 2430 Schrader.
466 2378 540 2448 pref.
558 2375 697 2429 Emendat.
743 2377 812 2431 liene
824 2377 936 2448 legitur,
954 2372 1001 2426 sed
1017 2384 1063 2426 aut
1078 2372 1157 2424 inam
1172 2391 1244 2444 cym-

196 2471 224 2523 p.
237 2453 354 2504 XXXIV.
366 2455 393 2508 Si
404 2455 437 2508 tle
453 2457 542 2528 priore
555 2455 658 2528 syllaba
669 2455 698 2506 in
744 2455 840 2526 lehn,
861 2468 906 2508 eut
932 2473 993 2506 nunt
1014 2454 1184 2518 Burmenno,
1203 2453 1243 2503 Ite

186 2529 264 2602 ¹Stilo
271 2546 415 2600 constaret,
421 2533 532 2590 heberet
539 2533 591 2588 boc
598 2533 696 2586 locum.
744 2535 816 2602 ltine,
827 2537 928 2600 inanes,
935 2531 1129 2606 corrigendum.
1140 2533 1184 2584 Ait
1194 2533 1243 2604 igi-

196 2610 254 2665 Nee
267 2631 329 2665 vero
340 2613 367 2667 lti
381 2631 587 2686 quoqueversus
597 2613 630 2666 de
641 2613 699 2666 rlre·
743 2627 786 2668 tur
799 2617 926 2683 omnino,
943 2632 970 2666 se
982 2611 1104 2667 rhetores
1116 2625 1141 2665 et
1152 2629 1228 2685 gram

195 2691 298 2745 toribus
311 2695 398 2766 accipi
410 2707 539 2766 possunt:
555 2695 614 2766 quis
626 2695 697 2746 enim
741 2699 853 2750 naticae
868 2695 957 2748 valere
966 2694 1069 2764 jubere.

195 2771 342 2826 Varronem
359 2776 429 2829 inter
447 2773 566 2828 rhetores
583 2773 697 2827 relatum
776 2775 802 2830 6.
815 2775 939 2829 Heinsius
956 2772 1096 2844 castigavit
1110 2769 1240 2823 feliciter:

196 2850 315 2904 audivit?
330 2871 380 2906 nac
398 2853 551 2908 scholastici
567 2851 594 2906 h.
614 2851 631 2904 l.
650 2852 696 2906 de·
743 2855 855 2928 Tuque,
875 2870 1025 2906 ontearum
1046 2868 1127 2916 eura,
1146 2849 1242 2914 Sexte,

196 2927 354 2986 clamatores
362 2951 419 2986 esse
427 2933 698 3006 possuntnedqrarn·
741 2936 889 2988 Musarum.
907 2935 948 2985 Jo.
968 2930 1107 2992 Schrader.
1136 2929 1243 2980 cltarto-

196 3011 308 3062 matieos
325 3030 472 3065 memorate
488 3031 559 3065 nune
575 3011 696 3077 videtur,
742 3011 936 3081 rum.Quislric
946 3010 1016 3064 Sext.
1027 3009 1140 3062 Sabinus
1151 3009 1241 3074 luerit,

196 3083 318 3140 homines
330 3091 357 3140 in
367 3093 496 3144 sermonis
507 3093 609 3142 ratione
618 3103 698 3144 eten-
741 3111 813 3146 nunc
827 3094 974 3164 ignoratur·

197 3165 697 3240 tiquitateillustrandaoceupatos.Ex
778 3189 802 3242 7.
815 3169 936 3241 femori.
957 3167 983 3220 Si
1002 3185 1092 3218 verum
1110 3177 1194 3230 estet,
1214 3165 1241 3218 in

197 3262 229 3296 eo
237 3263 334 3318 genere
343 3249 427 3300 Varro
438 3249 504 3312 tait,
515 3251 625 3320 ejusque
633 3267 699 3320 prae·
743 3267 889 3322 puerorum
896 3263 1012 3300 aurorem
1021 3245 1173 3314 proniorem
1180 3243 1242 3293 luis-

197 3337 291 3396 ceptor
307 3327 336 3378 L.
351 3327 434 3378 AElins
451 3325 516 3380 Stilo
533 3327 573 3398 (v.
588 3327 656 3379 Geli.
669 3329 697 3393 l,
743 3349 772 3382 se
779 3330 933 3380 Maronem:
944 3323 1023 3376 lectio
1033 3341 1086 3373 non
1095 3320 1242 3374 abhorrens

199 3404 239 3457 18.
253 3405 329 3472 xvi,
346 3407 394 3479 8),
410 3411 496 3461 Varro
514 3419 603 3459 autern
618 3426 699 3460 senex
743 3410 813 3462 loret
825 3409 966 3460 Burmann.
983 3403 1052 3472 conj.
1062 3399 1164 3472 famosi
1173 3438 1182 3466 ,
1193 3399 1244 3472 fu·

194 3483 299 3556 Virgilii
308 3488 446 3556 juventam
459 3488 561 3559 attigit:
577 3499 697 3538 mortuos
743 3487 815 3541 mosi.

195 3565 351 3636 eniqnestU.
360 3566 389 3620 C.
401 3569 462 3638 726,
474 3586 527 3638 quo
537 3567 662 3640 Virgilius
672 3585 696 3620 a.
779 3567 804 3619 8.
817 3565 872 3618 Nos
887 3564 923 3615 ad
938 3563 1022 3614 beator
1038 3557 1096 3612 vela
1115 3558 1243 3611 mittimus

195 3643 276 3696 XLlll
293 3646 395 3718 egebat.
412 3649 441 3700 L.
456 3649 609 3720 Tarquitius
628 3645 698 3700 libro
739 3655 838 3718 portio.
858 3643 920 3696 Non
938 3655 967 3694 ut
985 3639 1102 3692 Athenas
1120 3640 1241 3712 navigetr

197 3724 697 3800 deDisciplinaEtrusceetOstentario
743 3726 825 3780 sedut
833 3725 867 3778 ed
874 3721 1073 3796 philosophiam
1082 3739 1108 3772 se
1119 3719 1242 3771 conferre

197 3805 302 3858 claruit.
321 3808 434 3861 Videtur
451 3808 524 3861 idem
540 3807 621 3862 verba
641 3811 697 3878 ejus
742 3807 831 3874 dicat,
845 3824 902 3878 quae
917 3803 1030 3876 sapienti
1042 3819 1091 3872 pro
1104 3812 1184 3872 portu
1201 3812 1241 3850 est

198 3883 345 3958 discipline
373 3889 531 3962 explicuisse
558 3901 604 3943 aut
631 3888 697 3942 alias
742 3901 768 3941 et
784 3888 952 3942 securitatem
967 3880 1241 3954 tranquillitatemque

198 3963 381 4022 Grammatice
392 3983 482 4042 portes
495 3971 620 4042 attigisse.
742 3968 830 4022 affert.
843 3963 953 4018 Audivit
964 3977 1052 4016 autem
1069 3957 1145 4009 lllaro
1162 3955 1242 4027 Syro-

235 4047 259 4115 4-
270 4050 297 4102 Si
310 4049 413 4122 Virgilii
422 4063 491 4106 esset
499 4049 552 4106 hoe
564 4069 625 4104 vere
634 4069 698 4124 poe·
741 4067 802 4102 nent
810 4049 907 4101 Rome.
919 4065 943 4098 r.
952 4043 1045 4098 Phocae
1056 4056 1161 4094 carmen
1171 4055 1196 4086 v.
1206 4037 1240 4089 63
