2998 4670
380 393 431 457 nr
455 390 839 457 oaoaoroonon
861 393 955 458 nin.
980 395 1052 461 111.
1168 397 1231 485 5³9

197 523 286 588 runt,
298 533 363 574 sese
375 517 557 598 impetentes
568 513 693 574 alternis
703 526 734 573 et
743 513 857 574 crebris
868 516 1064 594 vulneribus,
1073 517 1158 579 unde
1167 539 1235 579 san·

199 604 269 682 guis
282 603 350 664 fluit
364 603 441 666 adeo
453 606 612 688 copiosus,
631 617 666 662 nt
682 600 868 685 perfundere
886 619 983 682 totos,
1001 621 1032 668 et
1048 607 1174 670 abluere
1192 607 1236 666 ri·

201 689 321 754 dentur.

238 802 305 842 222.
316 782 352 841 ln
364 794 429 843 tam
444 784 505 844 acri
518 802 639 864 pugna,
652 801 715 842 non
729 784 846 842 omittit
858 798 953 864 poeta
964 789 1156 848 mentionem
1168 807 1236 848 con·

199 887 315 944 nuum,
331 890 396 930 non
409 869 568 930 fremitum
581 870 752 950 sylvarum,
771 885 801 928 et
813 870 880 930 celi
895 875 1069 934 resonantis
1081 872 1237 936 adrestos

200 954 286 1014 ictus.
306 955 388 1017 lllud
403 978 515 1018 cornua
528 969 665 1038 uiuentur
678 960 709 1017 in
726 957 846 1017 obnixos
860 969 904 1018 est
918 958 1048 1040 perinde
1062 981 1098 1020 ac
1115 963 1141 1020 si
1156 961 1238 1022 dice·

200 1055 263 1104 ret:
276 1043 328 1105 hic
340 1061 430 1126 urget
443 1049 616 1128 premitque
630 1048 742 1107 acriter
757 1045 905 1107 cornibus
920 1047 1017 1108 alium
1030 1049 1239 1126 obnitentem,

200 1142 230 1191 et
241 1147 347 1193 contra
360 1137 560 1194 resistentem.

239 1219 307 1295 ²²4·
322 1222 398 1281 Post
412 1241 565 1302 pugnem,
584 1239 647 1280 esse
664 1234 824 1300 nequeunt
839 1220 1002 1283 bellatores
1018 1225 1098 1283 tauri
1118 1224 1151 1283 in
1168 1221 1237 1283 loco

199 1307 324 1382 eodem;
336 1308 454 1370 excedit
465 1311 579 1383 victns3
592 1307 712 1367 exsulat
724 1308 757 1366 in
766 1307 836 1368 loco
849 1310 973 1389 ignot03
984 1312 1081 1391 gemit
1091 1307 1238 1390 doletque

199 1395 317 1456 inultus
332 1399 537 1478 ignominiam
552 1399 672 1456 amissae
686 1395 807 1476 glorisn
827 1413 964 1481 acceptas
976 1399 1098 1482 plagas,
1118 1418 1238 1458 amores

198 1484 347 1565 perditos.
366 1487 493 1548 Excedit
507 1508 581 1547 vero
595 1505 666 1547 cum
680 1487 800 1566 ingenti
815 1485 933 1548 doloris
946 1501 1036 1563 nota,
1055 1501 1238 1567 retorquens
1305 1491 1308 1502 '

198 1589 307 1654 caput,
320 1591 557 1660 respectansque
568 1575 651 1650 loca,
667 1575 700 1634 in
715 1575 829 1656 quibus
844 1578 1011 1659 imperium
1024 1597 1117 1658 super
1128 1594 1237 1636 vaccas

198 1672 347 1722 tenuerat.

197 1785 301 1846 scirem
319 1793 401 1846 duelli
417 1807 555 1846 taurorum
574 1793 695 1846 rivalium
741 1792 886 1866 lonqua,rd
895 1807 944 1862 est,
953 1793 1022 1847 altus
1030 1791 1087 1845 eseli
1094 1789 1237 1862 Olympus,

197 1866 312 1923 habetur
321 1873 696 1946 AEneid.Xll,716.-anna
742 1889 822 1943 quem
833 1891 914 1946 super
930 1871 1014 1926 nubes
1031 1871 1131 1944 porrigi
1149 1869 1239 1922 existi·

197 1948 294 1999 mirnm
307 1952 334 2002 ia
350 1952 459 2005 modum
473 1955 628 2026 exprimitur
639 1971 697 2006 rer·
740 1952 851 2005 mebant
862 1966 980 2016 veterem
992 1953 1049 2006 Ecl.
1061 1953 1109 2018 Vl,
1117 1949 1166 2012 86;
1179 1947 1236 2000 AEn·

197 2025 256 2095 bis,
276 2028 317 2081 illi
333 2031 504 2095 alterutrata,-
523 2047 549 2086 et
566 2035 592 2086 vi
606 2056 613 2083 :
633 2051 697 2105 pro-
740 2033 802 2099 Vll,
815 2033 864 2086 288
875 2054 882 2095 ;
892 2036 934 2086 Ex
945 2034 1037 2086 oetltere
1048 2032 1125 2105 longo
1136 2051 1146 2079 .-
1158 2025 1237 2082 Ovid·

198 2105 308 2160 ductam
321 2110 472 2182 spondeum
487 2112 589 2178 multu,
607 2112 698 2165 subse·
740 2111 849 2164 Metam.
867 2114 917 2178 vt,
937 2114 987 2181 64,
1005 2111 1112 2185 lonqum
1130 2107 1238 2162 cctam:

89 2256 96 2272 Ι
200 2189 290 2257 quitur
296 2211 393 2264 magno
400 2194 519 2265 pondere
527 2193 696 2246 choriambus
740 2191 844 2244 AEneid.
857 2191 982 2258 lll,383;
995 2190 1073 2263 lonqa
1081 2187 1174 2262 procul
1185 2187 1242 2239 lon·

197 2267 361 2333 vulnenbnn
381 2285 407 2324 ct
426 2276 522 2326 iterum
538 2273 695 2344 spondeum
738 2269 1239 2339 qisviadioiditinsictenisrlloratius,

198 2347 295 2402 deinde
306 2353 424 2418 molossi,
432 2355 509 2423 quasi
517 2355 586 2405 inter
595 2370 622 2404 se
632 2369 698 2423 paq·
740 2349 844 2416 lll‚0d.
855 2335 896 2414 in,
905 2350 952 2418 373
961 2348 1198 2421 lonpuspontru.V.
1206 2345 1237 2396 G.

199 2440 310 2494 nantes,
330 2431 433 2484 obnixos
449 2430 696 2504 urpuenturrdeni·
777 2426 835 2479 225.
858 2428 946 2481 Victus
965 2427 1024 2478 abit.
1044 2429 1077 2480 Se
1102 2423 1236 2477 subducit.

199 2524 250 2577 que
268 2521 330 2578 post
349 2509 458 2580 plenum
477 2509 587 2560 verbnm
609 2519 694 2574 vasto,
738 2507 832 2560 Pestus
850 2506 932 2560 habet
945 2509 1091 2580 abqreqarr,
1110 2503 1183 2576 qnod
1199 2515 1239 2556 te·

199 2585 328 2638 obscurus
344 2587 388 2640 illc
405 2605 485 2640 sonus
503 2607 562 2640 cum
579 2588 694 2661 panitas,
739 2605 801 2640 men
812 2607 867 2641 non
877 2606 982 2660 semper
991 2586 1135 2658 respondet
1145 2585 1238 2638 Grssco

198 2669 245 2737 qni
256 2681 379 2720 asturam
391 2671 516 2722 imitatur.
530 2671 592 2721 llrec
607 2671 696 2720 omnia
739 2667 823 2720 verbo
838 2669 1006 2737 icmcqrarir,
1026 2666 1099 2740 qnod
1115 2679 1154 2720 est
1166 2689 1178 2713 ι
1187 2683 1239 2737 pu·

198 2748 235 2800 ita
247 2747 318 2800 hanc
327 2749 534 2823 descriptionem
544 2763 654 2814 ornant,
667 2761 695 2801 ut
743 2749 838 2802 -clons
860 2768 941 2802 causa
960 2762 1109 2802 armentum
1130 2749 1238 2820 ingere,

199 2830 278 2880 etism
289 2830 308 2881 ii
320 2829 498 2900 delectentur,
511 2831 609 2902 quibua
618 2849 695 2884 aures
743 2848 884 2884 «seorsum
899 2831 974 2902 pasci
991 2848 1007 2881 e
1020 2847 1137 2902 greges,
1152 2827 1239 2897 deque

199 2909 306 2961 minime
317 2911 438 2972 delicate
453 2927 522 2966 sunt.
535 2914 567 2968 V.
576 2915 607 2966 G.
743 2913 821 2964 tauris
838 2913 947 2983 proprie
964 2910 1069 2962 dicitnr.
1086 2937 1122 2950 -
1132 2905 1238 2959 Exulat.

236 2988 294 3039 223.
313 2991 427 3044 lieboant
444 2992 522 3044 silum
544 2993 697 3059 Resnltant,
742 2991 822 3044 Extra
838 3008 914 3043 suum
931 2990 1016 3042 soluxn
1033 2988 1188 3040 habitat—
1200 2983 1239 3035 De

197 3069 356 3136 remugiunt.
364 3069 409 3120 Est
418 3085 506 3123 antem
513 3073 634 3125 Graecum
642 3092 698 3126 ver-
742 3089 833 3143 pugna
851 3083 1000 3131 taurorum,
1020 3069 1091 3136 opp.
1104 3071 1187 3128 ersy·
1201 3063 1239 3130 Η,

196 3144 277 3204 bum
298 3164 360 3197 narn
381 3149 453 3219 apud
469 3151 578 3202 Latinos
596 3151 697 3203 nullum
743 3151 791 3216 44:
803 3149 943 3213 Phaedrus,
956 3147 1011 3198 fab.
1024 3147 1048 3208 l,
1062 3145 1104 3196 31.

198 3225 308 3278 verbam
320 3239 375 3292 est,
389 3229 461 3298 quod
473 3242 534 3282 ante
546 3249 561 3280 c
575 3230 696 3297 finalem,
778 3228 836 3281 228.
852 3229 997 3298 Aqnctcns.
1013 3225 1106 3275 Cicero
1121 3221 1154 3273 de
1168 3220 1241 3272 Cati·

199 3304 569 3379 babeat05e1cep101ncltoo:
580 3310 698 3380 qnodta·
740 3309 809 3360 lina:
828 3309 996 3376 «lictorquet
1011 3303 1104 3355 oculos
1117 3303 1240 3373 prolecto

198 3403 259 3460 men
284 3390 395 3458 majores
422 3388 499 3442 aliter
525 3388 695 3454 scribebant,
744 3406 834 3458 canpe
855 3386 888 3439 ad
907 3386 978 3438 lianc
998 3384 1105 3450 urbem,
1125 3399 1204 3453 qnam
1224 3401 1238 3434 e

200 3467 389 3536 aspirationem
413 3471 611 3541 interponentes
632 3469 696 3521 dna·
744 3461 1237 3534 nanisiaucibusereptamesselugetn·

199 3544 249 3598 bus
275 3549 434 3613 vocalibus,
456 3563 483 3602 et
507 3550 633 3602 dicebant
656 3550 697 3600 in·
740 3548 882 3600 Gontorsio
893 3549 957 3612 ista,
971 3556 1017 3596 aut
1029 3543 1141 3596 retortio
1152 3539 1243 3594 oculo·

199 3625 279 3678 color
290 3629 341 3682 tria
351 3629 565 3683 enimbsbebant
573 3633 696 3696 nomina,
742 3647 817 3694 runi,
831 3640 857 3679 et
867 3625 1006 3678 conversio
1019 3624 1115 3694 capitis
1127 3635 1193 3674 nota
1201 3634 1241 3674 est

199 3708 228 3758 in
242 3708 337 3777 quibus
346 3727 361 3758 c
372 3708 476 3761 literam
487 3722 643 3782 sequeretur
658 3727 698 3762 aa·
742 3709 832 3780 magni
849 3707 979 3771 allectus,
994 3703 1140 3775 prasertim
1153 3701 1242 3773 indiq-

199 3786 500 3859 pirati03sepulchrum,
516 3788 619 3854 ombus,
636 3787 697 3862 pul·
741 3789 866 3840 nationis.
888 3786 927 3838 De
953 3783 1053 3856 Pyrrho
1076 3782 1242 3852 relinquente

198 3865 275 3918 aber:
288 3887 303 3918 e
314 3867 411 3938 quibus
418 3867 527 3940 pulcher
537 3881 638 3920 tanturn
648 3868 697 3921 bo·
742 3865 862 3918 Siciliam.
870 3865 923 3916 vid.
936 3864 1004 3915 Plus.
1018 3865 1045 3915 in
1058 3863 1114 3932 ejus
1125 3861 1189 3911 rita.
1202 3859 1242 3911 De

199 3943 243 3998 die
258 3948 352 4018 recipit
370 3951 565 4020 aspirationem.
582 3949 652 4001 Sero.
663 3977 698 3989 -
741 3944 873 3997 Annibale
882 3943 992 3997 cedente
999 3941 1077 3995 ltalia
1084 3942 1120 3992 ita
1127 3939 1183 3989 Ltv.
1193 3937 1239 3990 lib.

199 4027 303 4103 Longae
314 4030 455 4104 Olpnpas:
465 4047 521 4081 non
527 4027 698 4080 Thessalicus
741 4026 830 4077 XXX:
842 4025 1015 4095 «Respexisse
1027 4039 1096 4091 sepe
1108 4018 1189 4070 ltalie
1198 4017 1242 4070 lit-

196 4109 623 4184 Olynpuqutllnxnrannnspntat
631 4129 637 4158 ι
646 4107 692 4163 sed
745 4119 839 4166 ntora3
854 4115 880 4156 et
892 4103 963 4156 Deos
977 4101 1151 4171 hominesque
1161 4113 1242 4150 acon·
