<?xml version="1.0" encoding="UTF-8"?>
<!DOCTYPE html PUBLIC "-//W3C//DTD XHTML 1.0 Transitional//EN"
    "http://www.w3.org/TR/xhtml1/DTD/xhtml1-transitional.dtd">
<html xmlns="http://www.w3.org/1999/xhtml" xml:lang="en" lang="en">
 <head>
  <title>
</title>
<meta http-equiv="Content-Type" content="text/html;charset=utf-8" />
  <meta name='ocr-system' content='tesseract 3.04.00' />
  <meta name='ocr-capabilities' content='ocr_page ocr_carea ocr_par ocr_line ocrx_word'/>
</head>
<body>
  <div class='ocr_page' id='page_1' title='image "./pvirgiliusmaroq04barbgoog_0381.png"; bbox 0 0 2964 4690; ppageno 0'>
   <div class='ocr_carea' id='block_1_1' title="bbox 366 401 1206 473">
    <p class='ocr_par' dir='ltr' id='par_1_1' title="bbox 366 401 1206 473">
     <span class='ocr_line' id='line_1_1' title="bbox 366 401 1206 473; baseline -0.004 0"><span class='ocrx_word' id='word_1_1' title='bbox 366 407 416 473; x_wconf 83' lang='grc' dir='ltr'><strong>ΙΝ</strong></span> <span class='ocrx_word' id='word_1_2' title='bbox 441 401 832 472; x_wconf 86' lang='lat' dir='ltr'>GEORGICORUM</span> <span class='ocrx_word' id='word_1_3' title='bbox 855 401 948 468; x_wconf 90' lang='lat' dir='ltr'><strong>LIB.</strong></span> <span class='ocrx_word' id='word_1_4' title='bbox 974 403 1000 468; x_wconf 91' lang='lat'><strong>1.</strong></span> <span class='ocrx_word' id='word_1_5' title='bbox 1144 403 1206 470; x_wconf 79' lang='lat'><strong>385</strong></span> 
     </span>
    </p>
   </div>
   <div class='ocr_carea' id='block_1_2' title="bbox 160 523 1209 702">
    <p class='ocr_par' dir='ltr' id='par_1_2' title="bbox 160 523 1209 702">
     <span class='ocr_line' id='line_1_2' title="bbox 205 523 1209 614; baseline -0.004 -22"><span class='ocrx_word' id='word_1_6' title='bbox 205 533 269 614; x_wconf 88' lang='lat'><strong>175.</strong></span> <span class='ocrx_word' id='word_1_7' title='bbox 279 534 357 592; x_wconf 87' lang='lat' dir='ltr'><strong>Nam</strong></span> <span class='ocrx_word' id='word_1_8' title='bbox 368 551 519 614; x_wconf 85' lang='lat' dir='ltr'><strong>suspensa</strong></span> <span class='ocrx_word' id='word_1_9' title='bbox 531 527 571 588; x_wconf 91' lang='lat' dir='ltr'><strong>ad</strong></span> <span class='ocrx_word' id='word_1_10' title='bbox 582 526 705 589; x_wconf 85' lang='lat' dir='ltr'><strong>fumum</strong></span> <span class='ocrx_word' id='word_1_11' title='bbox 716 524 846 601; x_wconf 88' lang='lat' dir='ltr'><strong>robora,</strong></span> <span class='ocrx_word' id='word_1_12' title='bbox 856 527 882 586; x_wconf 87' lang='lat' dir='ltr'><strong>si</strong></span> <span class='ocrx_word' id='word_1_13' title='bbox 893 528 988 587; x_wconf 84' lang='lat' dir='ltr'><strong>rimas</strong></span> <span class='ocrx_word' id='word_1_14' title='bbox 998 545 1062 587; x_wconf 88' lang='lat' dir='ltr'><strong>non</strong></span> <span class='ocrx_word' id='word_1_15' title='bbox 1072 523 1209 602; x_wconf 84' lang='lat' dir='ltr'><strong>faciunt,</strong></span> 
     </span>
     <span class='ocr_line' id='line_1_3' title="bbox 160 611 1207 702; baseline -0.005 -24"><span class='ocrx_word' id='word_1_16' title='bbox 160 635 234 702; x_wconf 82' lang='lat' dir='ltr'><strong>apta</strong></span> <span class='ocrx_word' id='word_1_17' title='bbox 247 635 322 681; x_wconf 83' lang='lat' dir='ltr'><strong>sunt</strong></span> <span class='ocrx_word' id='word_1_18' title='bbox 333 617 530 681; x_wconf 86' lang='lat' dir='ltr'><strong>conficiendo</strong></span> <span class='ocrx_word' id='word_1_19' title='bbox 545 631 668 677; x_wconf 87' lang='lat' dir='ltr'><strong>aratro:</strong></span> <span class='ocrx_word' id='word_1_20' title='bbox 684 629 775 696; x_wconf 74' lang='lat' dir='ltr'><strong>ergo,</strong></span> <span class='ocrx_word' id='word_1_21' title='bbox 792 613 899 675; x_wconf 79' lang='lat' dir='ltr'><strong>fumus</strong></span> <span class='ocrx_word' id='word_1_22' title='bbox 919 611 1061 697; x_wconf 82' lang='lat' dir='ltr'>exploret</span> <span class='ocrx_word' id='word_1_23' title='bbox 1076 612 1207 690; x_wconf 86' lang='lat' dir='ltr'><strong>robora,</strong></span> 
     </span>
    </p>
   </div>
   <div class='ocr_carea' id='block_1_3' title="bbox 159 701 1208 881">
    <p class='ocr_par' dir='ltr' id='par_1_3' title="bbox 159 701 1208 881">
     <span class='ocr_line' id='line_1_4' title="bbox 159 701 1208 791; baseline -0.009 -21"><span class='ocrx_word' id='word_1_24' title='bbox 159 713 325 770; x_wconf 81' lang='lat' dir='ltr'><strong>examinet.</strong></span> <span class='ocrx_word' id='word_1_25' title='bbox 336 711 396 770; x_wconf 91' lang='lat' dir='ltr'><strong>Hic</strong></span> <span class='ocrx_word' id='word_1_26' title='bbox 406 706 571 791; x_wconf 78' lang='lat' dir='ltr'><strong>patrobam</strong></span> <span class='ocrx_word' id='word_1_27' title='bbox 580 705 699 787; x_wconf 87' lang='lat' dir='ltr'><strong>accipio</strong></span> <span class='ocrx_word' id='word_1_28' title='bbox 708 706 853 786; x_wconf 85' lang='lat' dir='ltr'><strong>quamvis</strong></span> <span class='ocrx_word' id='word_1_29' title='bbox 863 701 1025 774; x_wconf 77' lang='lat' dir='ltr'>robustam</span> <span class='ocrx_word' id='word_1_30' title='bbox 1034 704 1208 778; x_wconf 81' lang='lat' dir='ltr'><strong>materiam,</strong></span> 
     </span>
     <span class='ocr_line' id='line_1_5' title="bbox 159 791 1208 881; baseline -0.005 -24"><span class='ocrx_word' id='word_1_31' title='bbox 159 817 224 857; x_wconf 90' lang='lat' dir='ltr'><strong>non</strong></span> <span class='ocrx_word' id='word_1_32' title='bbox 237 801 391 880; x_wconf 74' lang='lat' dir='ltr'><strong>signatam</strong></span> <span class='ocrx_word' id='word_1_33' title='bbox 406 799 558 881; x_wconf 88' lang='lat' dir='ltr'><strong>speciem,</strong></span> <span class='ocrx_word' id='word_1_34' title='bbox 578 797 670 856; x_wconf 88' lang='lat' dir='ltr'><strong>sicuti</strong></span> <span class='ocrx_word' id='word_1_35' title='bbox 682 814 793 876; x_wconf 86' lang='lat' dir='ltr'><strong>supra,</strong></span> <span class='ocrx_word' id='word_1_36' title='bbox 811 813 899 876; x_wconf 77' lang='lat' dir='ltr'><strong>prave</strong></span> <span class='ocrx_word' id='word_1_37' title='bbox 912 791 1000 853; x_wconf 84' lang='lat' dir='ltr'><strong>robur</strong></span> <span class='ocrx_word' id='word_1_38' title='bbox 1011 795 1120 853; x_wconf 84' lang='lat' dir='ltr'><strong>aratri:</strong></span> <span class='ocrx_word' id='word_1_39' title='bbox 1133 813 1208 852; x_wconf 87' lang='lat' dir='ltr'><strong>nam</strong></span> 
     </span>
    </p>
   </div>
   <div class='ocr_carea' id='block_1_4' title="bbox 158 885 1210 1056">
    <p class='ocr_par' dir='ltr' id='par_1_4' title="bbox 158 885 1210 1056">
     <span class='ocr_line' id='line_1_6' title="bbox 158 885 879 969; baseline -0.006 -23"><span class='ocrx_word' id='word_1_40' title='bbox 158 902 253 966; x_wconf 81' lang='lat' dir='ltr'><strong>poeta</strong></span> <span class='ocrx_word' id='word_1_41' title='bbox 263 888 330 968; x_wconf 88' lang='lat' dir='ltr'><strong>jam</strong></span> <span class='ocrx_word' id='word_1_42' title='bbox 345 885 468 947; x_wconf 90' lang='lat' dir='ltr'><strong>ulmum</strong></span> <span class='ocrx_word' id='word_1_43' title='bbox 480 907 539 969; x_wconf 89' lang='lat' dir='ltr'><strong>pro</strong></span> <span class='ocrx_word' id='word_1_44' title='bbox 555 885 685 946; x_wconf 87' lang='lat' dir='ltr'><strong>materia</strong></span> <span class='ocrx_word' id='word_1_45' title='bbox 701 885 879 964; x_wconf 72' lang='lat' dir='ltr'><strong>assignavit.</strong></span> 
     </span>
     <span class='ocr_line' id='line_1_7' title="bbox 203 969 1210 1056; baseline -0.002 -22"><span class='ocrx_word' id='word_1_46' title='bbox 203 976 268 1056; x_wconf 84' lang='lat'>176.</span> <span class='ocrx_word' id='word_1_47' title='bbox 281 977 502 1036; x_wconf 80' lang='lat' dir='ltr'><strong>instrumentis</strong></span> <span class='ocrx_word' id='word_1_48' title='bbox 515 975 638 1034; x_wconf 84' lang='lat' dir='ltr'><strong>rusticis</strong></span> <span class='ocrx_word' id='word_1_49' title='bbox 649 975 803 1047; x_wconf 85' lang='lat' dir='ltr'><strong>annectit,</strong></span> <span class='ocrx_word' id='word_1_50' title='bbox 815 973 863 1032; x_wconf 92' lang='lat' dir='ltr'><strong>uti</strong></span> <span class='ocrx_word' id='word_1_51' title='bbox 878 969 1019 1053; x_wconf 84' lang='lat' dir='ltr'><strong>paranda</strong></span> <span class='ocrx_word' id='word_1_52' title='bbox 1031 991 1120 1030; x_wconf 86' lang='lat' dir='ltr'><strong>area:</strong></span> <span class='ocrx_word' id='word_1_53' title='bbox 1133 991 1210 1052; x_wconf 83' lang='lat' dir='ltr'><strong>prae·</strong></span> 
     </span>
    </p>
   </div>
   <div class='ocr_carea' id='block_1_5' title="bbox 159 1059 1211 1235">
    <p class='ocr_par' dir='ltr' id='par_1_5' title="bbox 159 1059 1211 1235">
     <span class='ocr_line' id='line_1_8' title="bbox 160 1059 1211 1147; baseline -0.003 -25"><span class='ocrx_word' id='word_1_54' title='bbox 160 1065 256 1125; x_wconf 89' lang='lat' dir='ltr'><strong>misso</strong></span> <span class='ocrx_word' id='word_1_55' title='bbox 271 1063 479 1147; x_wconf 86' lang='lat' dir='ltr'><strong>prooemiolo:</strong></span> <span class='ocrx_word' id='word_1_56' title='bbox 496 1083 639 1146; x_wconf 89' lang='lat' dir='ltr'><strong>possum,</strong></span> <span class='ocrx_word' id='word_1_57' title='bbox 656 1063 774 1142; x_wconf 88' lang='lat' dir='ltr'><strong>inquit,</strong></span> <span class='ocrx_word' id='word_1_58' title='bbox 787 1082 806 1121; x_wconf 94' lang='lat' dir='ltr'><strong>o</strong></span> <span class='ocrx_word' id='word_1_59' title='bbox 820 1061 972 1141; x_wconf 78' lang='lat' dir='ltr'><strong>agricola,</strong></span> <span class='ocrx_word' id='word_1_60' title='bbox 983 1059 1112 1134; x_wconf 84' lang='lat' dir='ltr'><strong>referre,</strong></span> <span class='ocrx_word' id='word_1_61' title='bbox 1123 1079 1211 1119; x_wconf 90' lang='lat' dir='ltr'><strong>revo-</strong></span> 
     </span>
     <span class='ocr_line' id='line_1_9' title="bbox 159 1151 1210 1235; baseline -0.004 -23"><span class='ocrx_word' id='word_1_62' title='bbox 159 1173 228 1213; x_wconf 86' lang='lat' dir='ltr'><strong>care</strong></span> <span class='ocrx_word' id='word_1_63' title='bbox 252 1156 311 1215; x_wconf 94' lang='lat' dir='ltr'><strong>tibi</strong></span> <span class='ocrx_word' id='word_1_64' title='bbox 330 1157 362 1214; x_wconf 88' lang='lat' dir='ltr'><strong>in</strong></span> <span class='ocrx_word' id='word_1_65' title='bbox 387 1155 571 1215; x_wconf 85' lang='lat' dir='ltr'><strong>memoriam</strong></span> <span class='ocrx_word' id='word_1_66' title='bbox 590 1165 750 1235; x_wconf 72' lang='lat' dir='ltr'><strong>praecepta</strong></span> <span class='ocrx_word' id='word_1_67' title='bbox 767 1164 908 1212; x_wconf 84' lang='lat' dir='ltr'><strong>veterum</strong></span> <span class='ocrx_word' id='word_1_68' title='bbox 926 1152 1150 1231; x_wconf 74' lang='lat' dir='ltr'><strong>magistrorum</strong></span> <span class='ocrx_word' id='word_1_69' title='bbox 1164 1151 1210 1210; x_wconf 89' lang='lat' dir='ltr'><strong>rei</strong></span> 
     </span>
    </p>
   </div>
   <div class='ocr_carea' id='block_1_6' title="bbox 154 1327 1213 3722">
    <p class='ocr_par' dir='ltr' id='par_1_6' title="bbox 156 1327 1213 1642">
     <span class='ocr_line' id='line_1_10' title="bbox 156 1327 1212 1405; baseline -0.001 -26"><span class='ocrx_word' id='word_1_70' title='bbox 156 1327 243 1381; x_wconf 82' lang='lat' dir='ltr'><strong>thecae</strong></span> <span class='ocrx_word' id='word_1_71' title='bbox 265 1331 353 1404; x_wconf 69' lang='lat' dir='ltr'><strong>Regiae</strong></span> <span class='ocrx_word' id='word_1_72' title='bbox 383 1331 511 1398; x_wconf 85' lang='lat' dir='ltr'><strong>codices,</strong></span> <span class='ocrx_word' id='word_1_73' title='bbox 540 1332 664 1405; x_wconf 88' lang='lat' dir='ltr'><strong>inscripti</strong></span> <span class='ocrx_word' id='word_1_74' title='bbox 709 1345 771 1400; x_wconf 85' lang='lat' dir='ltr'><strong>stat,</strong></span> <span class='ocrx_word' id='word_1_75' title='bbox 779 1327 1212 1400; x_wconf 74' lang='lat' dir='ltr'><strong>rotiscaruissevirgilianumara·</strong></span> 
     </span>
     <span class='ocr_line' id='line_1_11' title="bbox 160 1407 1210 1484; baseline -0.004 -25"><span class='ocrx_word' id='word_1_76' title='bbox 160 1407 445 1482; x_wconf 72' lang='lat' dir='ltr'><strong>7925et7926Jtaque</strong></span> <span class='ocrx_word' id='word_1_77' title='bbox 453 1409 663 1482; x_wconf 73' lang='lat' dir='ltr'><strong>geminambanc</strong></span> <span class='ocrx_word' id='word_1_78' title='bbox 709 1424 792 1480; x_wconf 84' lang='lat' dir='ltr'><strong>trum,</strong></span> <span class='ocrx_word' id='word_1_79' title='bbox 803 1426 829 1465; x_wconf 89' lang='lat' dir='ltr'><strong>et</strong></span> <span class='ocrx_word' id='word_1_80' title='bbox 840 1431 922 1484; x_wconf 83' lang='lat' dir='ltr'><strong>quarn</strong></span> <span class='ocrx_word' id='word_1_81' title='bbox 934 1410 1001 1462; x_wconf 86' lang='lat' dir='ltr'><strong>nulli</strong></span> <span class='ocrx_word' id='word_1_82' title='bbox 1011 1411 1064 1460; x_wconf 90' lang='lat' dir='ltr'><strong>sint</strong></span> <span class='ocrx_word' id='word_1_83' title='bbox 1074 1409 1130 1458; x_wconf 90' lang='lat' dir='ltr'><strong>sine</strong></span> <span class='ocrx_word' id='word_1_84' title='bbox 1144 1407 1210 1456; x_wconf 85' lang='lat' dir='ltr'><strong>rotis</strong></span> 
     </span>
     <span class='ocr_line' id='line_1_12' title="bbox 159 1483 1213 1562; baseline -0.002 -24"><span class='ocrx_word' id='word_1_85' title='bbox 159 1487 365 1559; x_wconf 82' lang='lat' dir='ltr'><strong>explicationem</strong></span> <span class='ocrx_word' id='word_1_86' title='bbox 388 1490 538 1562; x_wconf 68' lang='lat' dir='ltr'><strong>legentibus</strong></span> <span class='ocrx_word' id='word_1_87' title='bbox 559 1508 662 1562; x_wconf 88' lang='lat' dir='ltr'><strong>propo·</strong></span> <span class='ocrx_word' id='word_1_88' title='bbox 708 1509 809 1556; x_wconf 71' lang='lat' dir='ltr'><strong>cumn,</strong></span> <span class='ocrx_word' id='word_1_89' title='bbox 820 1491 963 1544; x_wconf 87' lang='lat' dir='ltr'><strong>lectionem</strong></span> <span class='ocrx_word' id='word_1_90' title='bbox 976 1489 1039 1538; x_wconf 86' lang='lat' dir='ltr'><strong>imos</strong></span> <span class='ocrx_word' id='word_1_91' title='bbox 1053 1483 1213 1538; x_wconf 84' lang='lat' dir='ltr'><strong>cursuselte-</strong></span> 
     </span>
     <span class='ocr_line' id='line_1_13' title="bbox 158 1565 996 1642; baseline 0.006 -26"><span class='ocrx_word' id='word_1_92' title='bbox 158 1565 276 1618; x_wconf 84' lang='lat' dir='ltr'><strong>nendum</strong></span> <span class='ocrx_word' id='word_1_93' title='bbox 291 1571 404 1620; x_wconf 84' lang='lat' dir='ltr'><strong>censui:</strong></span> <span class='ocrx_word' id='word_1_94' title='bbox 425 1569 454 1619; x_wconf 83' lang='lat'><strong>1⁰</strong></span> <span class='ocrx_word' id='word_1_95' title='bbox 469 1568 596 1642; x_wconf 71' lang='lat' dir='ltr'><strong>Agricola</strong></span> <span class='ocrx_word' id='word_1_96' title='bbox 614 1571 662 1621; x_wconf 87' lang='lat' dir='ltr'><strong>sti·</strong></span> <span class='ocrx_word' id='word_1_97' title='bbox 707 1571 731 1622; x_wconf 89' lang='lat' dir='ltr'><strong>ri</strong></span> <span class='ocrx_word' id='word_1_98' title='bbox 742 1570 946 1642; x_wconf 73' lang='lat' dir='ltr'><strong>preferendam.</strong></span> <span class='ocrx_word' id='word_1_99' title='bbox 993 1588 996 1594; x_wconf 89' lang='grc'><strong>’</strong></span> 
     </span>
    </p>

    <p class='ocr_par' dir='ltr' id='par_1_7' title="bbox 154 1647 1213 3722">
     <span class='ocr_line' id='line_1_14' title="bbox 159 1647 1212 1720; baseline -0.002 -22"><span class='ocrx_word' id='word_1_100' title='bbox 159 1661 221 1698; x_wconf 82' lang='lat' dir='ltr'><strong>vam</strong></span> <span class='ocrx_word' id='word_1_101' title='bbox 241 1647 365 1702; x_wconf 83' lang='lat' dir='ltr'><strong>manibus</strong></span> <span class='ocrx_word' id='word_1_102' title='bbox 388 1660 497 1714; x_wconf 88' lang='lat' dir='ltr'><strong>tenens,</strong></span> <span class='ocrx_word' id='word_1_103' title='bbox 517 1661 663 1720; x_wconf 84' lang='lat' dir='ltr'><strong>postquam</strong></span> <span class='ocrx_word' id='word_1_104' title='bbox 742 1651 1053 1712; x_wconf 80' lang='lat' dir='ltr'><strong>ldemvirclarissimus,</strong></span> <span class='ocrx_word' id='word_1_105' title='bbox 1066 1647 1212 1716; x_wconf 85' lang='lat' dir='ltr'><strong>cujussen·</strong></span> 
     </span>
     <span class='ocr_line' id='line_1_15' title="bbox 158 1724 1213 1801; baseline 0 -26"><span class='ocrx_word' id='word_1_106' title='bbox 158 1724 269 1798; x_wconf 68' lang='lat' dir='ltr'><strong>longum</strong></span> <span class='ocrx_word' id='word_1_107' title='bbox 284 1726 319 1779; x_wconf 86' lang='lat' dir='ltr'><strong>ad</strong></span> <span class='ocrx_word' id='word_1_108' title='bbox 335 1730 525 1781; x_wconf 80' lang='lat' dir='ltr'><strong>extremitatem</strong></span> <span class='ocrx_word' id='word_1_109' title='bbox 540 1730 597 1801; x_wconf 75' lang='lat' dir='ltr'><strong>agri</strong></span> <span class='ocrx_word' id='word_1_110' title='bbox 608 1727 663 1780; x_wconf 89' lang='lat' dir='ltr'><strong>sul·</strong></span> <span class='ocrx_word' id='word_1_111' title='bbox 707 1735 819 1784; x_wconf 85' lang='lat' dir='ltr'><strong>tentiam</strong></span> <span class='ocrx_word' id='word_1_112' title='bbox 830 1729 865 1783; x_wconf 90' lang='lat' dir='ltr'><strong>ad</strong></span> <span class='ocrx_word' id='word_1_113' title='bbox 872 1748 940 1782; x_wconf 84' lang='lat' dir='ltr'><strong>vers.</strong></span> <span class='ocrx_word' id='word_1_114' title='bbox 950 1731 983 1796; x_wconf 76' lang='grc'><strong>48</strong></span> <span class='ocrx_word' id='word_1_115' title='bbox 991 1747 1073 1800; x_wconf 85' lang='lat' dir='ltr'><strong>supra</strong></span> <span class='ocrx_word' id='word_1_116' title='bbox 1083 1743 1213 1778; x_wconf 79' lang='lat' dir='ltr'><strong>meinora-</strong></span> 
     </span>
     <span class='ocr_line' id='line_1_16' title="bbox 159 1801 1212 1881; baseline -0.001 -24"><span class='ocrx_word' id='word_1_117' title='bbox 159 1801 221 1857; x_wconf 83' lang='lat' dir='ltr'><strong>cum</strong></span> <span class='ocrx_word' id='word_1_118' title='bbox 235 1805 404 1877; x_wconf 83' lang='lat' dir='ltr'><strong>perduxerit,</strong></span> <span class='ocrx_word' id='word_1_119' title='bbox 422 1807 504 1861; x_wconf 85' lang='lat' dir='ltr'><strong>flectit</strong></span> <span class='ocrx_word' id='word_1_120' title='bbox 520 1821 547 1861; x_wconf 87' lang='lat' dir='ltr'><strong>et</strong></span> <span class='ocrx_word' id='word_1_121' title='bbox 564 1819 665 1881; x_wconf 79' lang='lat' dir='ltr'><strong>torquet</strong></span> <span class='ocrx_word' id='word_1_122' title='bbox 707 1811 914 1879; x_wconf 80' lang='lat' dir='ltr'><strong>vi‚baecomnin</strong></span> <span class='ocrx_word' id='word_1_123' title='bbox 926 1807 1110 1862; x_wconf 85' lang='lat' dir='ltr'><strong>confirmando</strong></span> <span class='ocrx_word' id='word_1_124' title='bbox 1119 1805 1212 1870; x_wconf 83' lang='lat' dir='ltr'><strong>addit,</strong></span> 
     </span>
     <span class='ocr_line' id='line_1_17' title="bbox 158 1883 1210 1961; baseline 0.001 -25"><span class='ocrx_word' id='word_1_125' title='bbox 158 1883 242 1937; x_wconf 86' lang='lat' dir='ltr'><strong>boves</strong></span> <span class='ocrx_word' id='word_1_126' title='bbox 258 1901 431 1959; x_wconf 84' lang='lat' dir='ltr'><strong>aratrumque</strong></span> <span class='ocrx_word' id='word_1_127' title='bbox 442 1909 458 1938; x_wconf 85' lang='lat' dir='ltr'><strong>a</strong></span> <span class='ocrx_word' id='word_1_128' title='bbox 471 1899 556 1961; x_wconf 72' lang='lat' dir='ltr'><strong>serpo,</strong></span> <span class='ocrx_word' id='word_1_129' title='bbox 570 1887 605 1940; x_wconf 88' lang='lat' dir='ltr'><strong>ab</strong></span> <span class='ocrx_word' id='word_1_130' title='bbox 619 1907 663 1940; x_wconf 83' lang='lat' dir='ltr'><strong>ex·</strong></span> <span class='ocrx_word' id='word_1_131' title='bbox 707 1891 790 1944; x_wconf 88' lang='lat' dir='ltr'><strong>bodie</strong></span> <span class='ocrx_word' id='word_1_132' title='bbox 806 1893 887 1944; x_wconf 84' lang='lat' dir='ltr'><strong>etiam</strong></span> <span class='ocrx_word' id='word_1_133' title='bbox 903 1888 989 1943; x_wconf 84' lang='lat' dir='ltr'><strong>videri</strong></span> <span class='ocrx_word' id='word_1_134' title='bbox 1005 1891 1033 1941; x_wconf 88' lang='lat' dir='ltr'><strong>in</strong></span> <span class='ocrx_word' id='word_1_135' title='bbox 1049 1885 1210 1940; x_wconf 84' lang='lat' dir='ltr'><strong>australibus</strong></span> 
     </span>
     <span class='ocr_line' id='line_1_18' title="bbox 159 1966 1211 2043; baseline 0 -25"><span class='ocrx_word' id='word_1_136' title='bbox 159 1978 245 2018; x_wconf 85' lang='lat' dir='ltr'><strong>trema</strong></span> <span class='ocrx_word' id='word_1_137' title='bbox 252 1969 309 2037; x_wconf 86' lang='lat' dir='ltr'><strong>ejus</strong></span> <span class='ocrx_word' id='word_1_138' title='bbox 320 1981 411 2038; x_wconf 85' lang='lat' dir='ltr'><strong>parte,</strong></span> <span class='ocrx_word' id='word_1_139' title='bbox 422 1967 456 2020; x_wconf 89' lang='lat' dir='ltr'><strong>ad</strong></span> <span class='ocrx_word' id='word_1_140' title='bbox 469 1968 550 2021; x_wconf 90' lang='lat' dir='ltr'><strong>alium</strong></span> <span class='ocrx_word' id='word_1_141' title='bbox 559 1966 663 2022; x_wconf 88' lang='lat' dir='ltr'><strong>sulcum</strong></span> <span class='ocrx_word' id='word_1_142' title='bbox 708 1972 855 2026; x_wconf 82' lang='lat' dir='ltr'><strong>Galliarum</strong></span> <span class='ocrx_word' id='word_1_143' title='bbox 871 1972 1016 2043; x_wconf 85' lang='lat' dir='ltr'><strong>provinciis</strong></span> <span class='ocrx_word' id='word_1_144' title='bbox 1033 1967 1117 2022; x_wconf 86' lang='lat' dir='ltr'><strong>multa</strong></span> <span class='ocrx_word' id='word_1_145' title='bbox 1138 1969 1211 2036; x_wconf 87' lang='lat' dir='ltr'><strong>ejus-</strong></span> 
     </span>
     <span class='ocr_line' id='line_1_19' title="bbox 159 2043 1212 2120; baseline 0 -23"><span class='ocrx_word' id='word_1_146' title='bbox 159 2043 611 2120; x_wconf 72' lang='lat' dir='ltr'><strong>deintegroperliciendum,douec</strong></span> <span class='ocrx_word' id='word_1_147' title='bbox 622 2061 663 2098; x_wconf 91' lang='lat' dir='ltr'><strong>to-</strong></span> <span class='ocrx_word' id='word_1_148' title='bbox 708 2051 781 2103; x_wconf 89' lang='lat' dir='ltr'><strong>modi</strong></span> <span class='ocrx_word' id='word_1_149' title='bbox 798 2064 888 2103; x_wconf 84' lang='lat' dir='ltr'><strong>aratra</strong></span> <span class='ocrx_word' id='word_1_150' title='bbox 906 2051 963 2103; x_wconf 83' lang='lat' dir='ltr'><strong>sine</strong></span> <span class='ocrx_word' id='word_1_151' title='bbox 984 2049 1057 2114; x_wconf 82' lang='lat' dir='ltr'><strong>rutis,</strong></span> <span class='ocrx_word' id='word_1_152' title='bbox 1074 2059 1101 2100; x_wconf 85' lang='lat' dir='ltr'><strong>et</strong></span> <span class='ocrx_word' id='word_1_153' title='bbox 1120 2045 1212 2117; x_wconf 80' lang='lat' dir='ltr'><strong>qualia</strong></span> 
     </span>
     <span class='ocr_line' id='line_1_20' title="bbox 157 2127 1209 2204; baseline -0.003 -24"><span class='ocrx_word' id='word_1_154' title='bbox 157 2131 344 2202; x_wconf 77' lang='lat' dir='ltr'><strong>tumincoeptae</strong></span> <span class='ocrx_word' id='word_1_155' title='bbox 357 2132 485 2184; x_wconf 86' lang='lat' dir='ltr'><strong>arationis</strong></span> <span class='ocrx_word' id='word_1_156' title='bbox 495 2149 564 2204; x_wconf 83' lang='lat' dir='ltr'><strong>opus</strong></span> <span class='ocrx_word' id='word_1_157' title='bbox 575 2131 663 2184; x_wconf 85' lang='lat' dir='ltr'><strong>absol·</strong></span> <span class='ocrx_word' id='word_1_158' title='bbox 706 2131 821 2186; x_wconf 78' lang='lat' dir='ltr'><strong>Romani</strong></span> <span class='ocrx_word' id='word_1_159' title='bbox 836 2129 974 2203; x_wconf 87' lang='lat' dir='ltr'><strong>quondam</strong></span> <span class='ocrx_word' id='word_1_160' title='bbox 985 2129 1038 2182; x_wconf 85' lang='lat' dir='ltr'><strong>buc</strong></span> <span class='ocrx_word' id='word_1_161' title='bbox 1053 2127 1209 2182; x_wconf 85' lang='lat' dir='ltr'><strong>attulerunt.</strong></span> 
     </span>
     <span class='ocr_line' id='line_1_21' title="bbox 157 2203 1210 2283; baseline -0.003 -23"><span class='ocrx_word' id='word_1_162' title='bbox 157 2211 242 2262; x_wconf 77' lang='lat' dir='ltr'><strong>verit:</strong></span> <span class='ocrx_word' id='word_1_163' title='bbox 258 2211 371 2282; x_wconf 83' lang='lat' dir='ltr'><strong>quisque</strong></span> <span class='ocrx_word' id='word_1_164' title='bbox 381 2210 471 2264; x_wconf 86' lang='lat' dir='ltr'><strong>sulcus</strong></span> <span class='ocrx_word' id='word_1_165' title='bbox 483 2229 545 2283; x_wconf 86' lang='lat' dir='ltr'><strong>pars</strong></span> <span class='ocrx_word' id='word_1_166' title='bbox 558 2203 663 2283; x_wconf 66' lang='lat' dir='ltr'><strong>est&#39;per·</strong></span> <span class='ocrx_word' id='word_1_167' title='bbox 745 2211 803 2280; x_wconf 85' lang='lat'>175.</span> <span class='ocrx_word' id='word_1_168' title='bbox 816 2213 942 2283; x_wconf 78' lang='lat' dir='ltr'><strong>Suspenso</strong></span> <span class='ocrx_word' id='word_1_169' title='bbox 953 2209 1022 2282; x_wconf 81' lang='lat' dir='ltr'><strong>focis</strong></span> <span class='ocrx_word' id='word_1_170' title='bbox 1037 2205 1155 2278; x_wconf 75' lang='lat' dir='ltr'><strong>explorat</strong></span> <span class='ocrx_word' id='word_1_171' title='bbox 1169 2225 1210 2258; x_wconf 85' lang='lat' dir='ltr'><strong>ro-</strong></span> 
     </span>
     <span class='ocr_line' id='line_1_22' title="bbox 156 2285 1209 2362; baseline -0.003 -21"><span class='ocrx_word' id='word_1_172' title='bbox 156 2291 277 2342; x_wconf 79' lang='lat' dir='ltr'><strong>currmdi</strong></span> <span class='ocrx_word' id='word_1_173' title='bbox 288 2289 406 2353; x_wconf 79' lang='lat' dir='ltr'><strong>laboris;</strong></span> <span class='ocrx_word' id='word_1_174' title='bbox 422 2304 448 2344; x_wconf 91' lang='lat' dir='ltr'><strong>et</strong></span> <span class='ocrx_word' id='word_1_175' title='bbox 466 2291 534 2344; x_wconf 87' lang='lat' dir='ltr'><strong>sulci</strong></span> <span class='ocrx_word' id='word_1_176' title='bbox 544 2291 662 2344; x_wconf 84' lang='lat' dir='ltr'><strong>coniecti</strong></span> <span class='ocrx_word' id='word_1_177' title='bbox 707 2291 767 2342; x_wconf 83' lang='lat' dir='ltr'><strong>bora</strong></span> <span class='ocrx_word' id='word_1_178' title='bbox 777 2290 880 2362; x_wconf 84' lang='lat' dir='ltr'><strong>fumus.</strong></span> <span class='ocrx_word' id='word_1_179' title='bbox 896 2289 1016 2340; x_wconf 73' lang='lat' dir='ltr'><strong>Probata</strong></span> <span class='ocrx_word' id='word_1_180' title='bbox 1029 2289 1100 2338; x_wconf 87' lang='lat' dir='ltr'><strong>enim</strong></span> <span class='ocrx_word' id='word_1_181' title='bbox 1114 2285 1209 2338; x_wconf 86' lang='lat' dir='ltr'><strong>solidi-</strong></span> 
     </span>
     <span class='ocr_line' id='line_1_23' title="bbox 158 2365 1209 2439; baseline 0 -21"><span class='ocrx_word' id='word_1_182' title='bbox 158 2367 217 2422; x_wconf 85' lang='lat' dir='ltr'><strong>linis</strong></span> <span class='ocrx_word' id='word_1_183' title='bbox 226 2382 266 2422; x_wconf 85' lang='lat' dir='ltr'><strong>est</strong></span> <span class='ocrx_word' id='word_1_184' title='bbox 274 2389 359 2424; x_wconf 79' lang='lat' dir='ltr'><strong>cursus</strong></span> <span class='ocrx_word' id='word_1_185' title='bbox 370 2385 519 2436; x_wconf 85' lang='lat' dir='ltr'><strong>extremus,</strong></span> <span class='ocrx_word' id='word_1_186' title='bbox 529 2369 660 2423; x_wconf 81' lang='lat' dir='ltr'><strong>velimus:</strong></span> <span class='ocrx_word' id='word_1_187' title='bbox 707 2371 769 2421; x_wconf 84' lang='lat' dir='ltr'><strong>tatis</strong></span> <span class='ocrx_word' id='word_1_188' title='bbox 778 2383 838 2421; x_wconf 88' lang='lat' dir='ltr'><strong>sunt</strong></span> <span class='ocrx_word' id='word_1_189' title='bbox 846 2369 932 2439; x_wconf 80' lang='lat' dir='ltr'><strong>ligna,</strong></span> <span class='ocrx_word' id='word_1_190' title='bbox 944 2369 1004 2419; x_wconf 88' lang='lat' dir='ltr'><strong>siin</strong></span> <span class='ocrx_word' id='word_1_191' title='bbox 1014 2367 1090 2418; x_wconf 84' lang='lat' dir='ltr'><strong>fumo</strong></span> <span class='ocrx_word' id='word_1_192' title='bbox 1100 2365 1209 2418; x_wconf 81' lang='lat' dir='ltr'><strong>minime</strong></span> 
     </span>
     <span class='ocr_line' id='line_1_24' title="bbox 156 2445 1209 2520; baseline -0.004 -20"><span class='ocrx_word' id='word_1_193' title='bbox 156 2467 219 2501; x_wconf 87' lang='lat' dir='ltr'><strong>nam</strong></span> <span class='ocrx_word' id='word_1_194' title='bbox 231 2447 342 2515; x_wconf 88' lang='lat' dir='ltr'><strong>Cicero,</strong></span> <span class='ocrx_word' id='word_1_195' title='bbox 356 2467 407 2520; x_wconf 87' lang='lat' dir='ltr'><strong>pro</strong></span> <span class='ocrx_word' id='word_1_196' title='bbox 422 2450 501 2502; x_wconf 82' lang='lat' dir='ltr'><strong>llosc.</strong></span> <span class='ocrx_word' id='word_1_197' title='bbox 515 2449 589 2501; x_wconf 87' lang='lat' dir='ltr'><strong>Com.</strong></span> <span class='ocrx_word' id='word_1_198' title='bbox 610 2467 643 2501; x_wconf 86' lang='lat' dir='ltr'><strong>ao</strong></span> <span class='ocrx_word' id='word_1_199' title='bbox 652 2485 665 2514; x_wconf 87' lang='lat'><strong>,</strong></span> <span class='ocrx_word' id='word_1_200' title='bbox 705 2449 1074 2517; x_wconf 82' lang='lat' dir='ltr'><strong>rimasefleceriut;namque</strong></span> <span class='ocrx_word' id='word_1_201' title='bbox 1084 2445 1119 2497; x_wconf 82' lang='lat' dir='ltr'><strong>ad</strong></span> <span class='ocrx_word' id='word_1_202' title='bbox 1132 2462 1209 2498; x_wconf 82' lang='lat' dir='ltr'><strong>exsu-</strong></span> 
     </span>
     <span class='ocr_line' id='line_1_25' title="bbox 158 2527 1208 2600; baseline 0 -22"><span class='ocrx_word' id='word_1_203' title='bbox 158 2528 223 2579; x_wconf 82' lang='lat' dir='ltr'><strong>t&#39;nros</strong></span> <span class='ocrx_word' id='word_1_204' title='bbox 234 2545 353 2600; x_wconf 55' lang='lat' dir='ltr'><strong>unguen</strong></span> <span class='ocrx_word' id='word_1_205' title='bbox 364 2530 508 2596; x_wconf 83' lang='lat' dir='ltr'><strong>Horatius,</strong></span> <span class='ocrx_word' id='word_1_206' title='bbox 521 2529 577 2580; x_wconf 74' lang='lat' dir='ltr'><strong>Art.</strong></span> <span class='ocrx_word' id='word_1_207' title='bbox 588 2530 667 2580; x_wconf 68' lang='lat' dir='ltr'><strong>Poen</strong></span> <span class='ocrx_word' id='word_1_208' title='bbox 706 2527 826 2580; x_wconf 84' lang='lat' dir='ltr'><strong>dandum</strong></span> <span class='ocrx_word' id='word_1_209' title='bbox 837 2529 940 2580; x_wconf 85' lang='lat' dir='ltr'><strong>fumum</strong></span> <span class='ocrx_word' id='word_1_210' title='bbox 951 2527 1086 2591; x_wconf 86' lang='lat' dir='ltr'><strong>adhibita,</strong></span> <span class='ocrx_word' id='word_1_211' title='bbox 1096 2527 1208 2578; x_wconf 74' lang='lat' dir='ltr'><strong>urinas</strong></span> 
     </span>
     <span class='ocr_line' id='line_1_26' title="bbox 158 2606 1208 2675; baseline -0.004 -15"><span class='ocrx_word' id='word_1_212' title='bbox 158 2606 209 2673; x_wconf 77' lang='lat'><strong>32,</strong></span> <span class='ocrx_word' id='word_1_213' title='bbox 222 2606 435 2675; x_wconf 81' lang='lat' dir='ltr'><strong>imumfebrum,</strong></span> <span class='ocrx_word' id='word_1_214' title='bbox 446 2610 475 2660; x_wconf 86' lang='lat' dir='ltr'><strong>in</strong></span> <span class='ocrx_word' id='word_1_215' title='bbox 485 2609 661 2661; x_wconf 82' lang='lat' dir='ltr'><strong>extremarici</strong></span> <span class='ocrx_word' id='word_1_216' title='bbox 705 2608 809 2661; x_wconf 80' lang='lat' dir='ltr'><strong>faciunt</strong></span> <span class='ocrx_word' id='word_1_217' title='bbox 823 2621 849 2660; x_wconf 87' lang='lat' dir='ltr'><strong>et</strong></span> <span class='ocrx_word' id='word_1_218' title='bbox 863 2610 1007 2672; x_wconf 81' lang='lat' dir='ltr'><strong>scissuras,</strong></span> <span class='ocrx_word' id='word_1_219' title='bbox 1024 2607 1094 2659; x_wconf 86' lang='lat' dir='ltr'><strong>mala</strong></span> <span class='ocrx_word' id='word_1_220' title='bbox 1106 2617 1168 2658; x_wconf 87' lang='lat' dir='ltr'><strong>sunt</strong></span> <span class='ocrx_word' id='word_1_221' title='bbox 1180 2615 1208 2658; x_wconf 84' lang='lat' dir='ltr'><strong>et</strong></span> 
     </span>
     <span class='ocr_line' id='line_1_27' title="bbox 154 2683 1209 2758; baseline -0.001 -20"><span class='ocrx_word' id='word_1_222' title='bbox 154 2699 234 2758; x_wconf 84' lang='lat' dir='ltr'><strong>parte</strong></span> <span class='ocrx_word' id='word_1_223' title='bbox 245 2685 428 2752; x_wconf 67' lang='lat' dir='ltr'><strong>habitantem</strong></span> <span class='ocrx_word' id='word_1_224' title='bbox 441 2687 554 2740; x_wconf 81' lang='lat' dir='ltr'><strong>Ovidius</strong></span> <span class='ocrx_word' id='word_1_225' title='bbox 565 2687 599 2742; x_wconf 88' lang='lat' dir='ltr'><strong>de</strong></span> <span class='ocrx_word' id='word_1_226' title='bbox 608 2689 663 2742; x_wconf 90' lang='lat' dir='ltr'><strong>Nu·</strong></span> <span class='ocrx_word' id='word_1_227' title='bbox 705 2687 818 2741; x_wconf 81' lang='lat' dir='ltr'><strong>infirma.</strong></span> <span class='ocrx_word' id='word_1_228' title='bbox 837 2689 907 2742; x_wconf 84' lang='lat' dir='ltr'><strong>Serv.</strong></span> <span class='ocrx_word' id='word_1_229' title='bbox 922 2719 957 2727; x_wconf 93' lang='lat'><strong>—</strong></span> <span class='ocrx_word' id='word_1_230' title='bbox 973 2687 1035 2739; x_wconf 88' lang='lat' dir='ltr'><strong>Non</strong></span> <span class='ocrx_word' id='word_1_231' title='bbox 1052 2699 1155 2738; x_wconf 86' lang='lat' dir='ltr'><strong>tantum</strong></span> <span class='ocrx_word' id='word_1_232' title='bbox 1172 2683 1209 2738; x_wconf 84' lang='lat' dir='ltr'><strong>ad</strong></span> 
     </span>
     <span class='ocr_line' id='line_1_28' title="bbox 156 2764 1207 2841; baseline -0.002 -23"><span class='ocrx_word' id='word_1_233' title='bbox 156 2787 202 2835; x_wconf 86' lang='lat' dir='ltr'><strong>ce,</strong></span> <span class='ocrx_word' id='word_1_234' title='bbox 213 2767 263 2834; x_wconf 75' lang='lat'><strong>6²,</strong></span> <span class='ocrx_word' id='word_1_235' title='bbox 281 2785 338 2839; x_wconf 79' lang='lat' dir='ltr'><strong>quse</strong></span> <span class='ocrx_word' id='word_1_236' title='bbox 356 2768 438 2820; x_wconf 83' lang='lat' dir='ltr'><strong>imum</strong></span> <span class='ocrx_word' id='word_1_237' title='bbox 451 2768 530 2841; x_wconf 74' lang='lat' dir='ltr'><strong>agelli</strong></span> <span class='ocrx_word' id='word_1_238' title='bbox 541 2769 662 2841; x_wconf 75' lang='lat' dir='ltr'><strong>fundum</strong></span> <span class='ocrx_word' id='word_1_239' title='bbox 704 2766 890 2840; x_wconf 87' lang='lat' dir='ltr'><strong>probandum,</strong></span> <span class='ocrx_word' id='word_1_240' title='bbox 908 2767 956 2821; x_wconf 91' lang='lat' dir='ltr'><strong>sed</strong></span> <span class='ocrx_word' id='word_1_241' title='bbox 974 2766 1009 2818; x_wconf 88' lang='lat' dir='ltr'><strong>ad</strong></span> <span class='ocrx_word' id='word_1_242' title='bbox 1025 2764 1207 2820; x_wconf 85' lang='lat' dir='ltr'><strong>indurandum</strong></span> 
     </span>
     <span class='ocr_line' id='line_1_29' title="bbox 156 2846 1207 2922; baseline 0 -24"><span class='ocrx_word' id='word_1_243' title='bbox 156 2846 255 2914; x_wconf 84' lang='lat' dir='ltr'><strong>babet,</strong></span> <span class='ocrx_word' id='word_1_244' title='bbox 268 2862 294 2902; x_wconf 86' lang='lat' dir='ltr'><strong>et</strong></span> <span class='ocrx_word' id='word_1_245' title='bbox 306 2850 528 2921; x_wconf 68' lang='lat' dir='ltr'><strong>pretereuntibus</strong></span> <span class='ocrx_word' id='word_1_246' title='bbox 541 2869 591 2922; x_wconf 87' lang='lat' dir='ltr'><strong>per</strong></span> <span class='ocrx_word' id='word_1_247' title='bbox 603 2853 661 2903; x_wconf 82' lang='lat' dir='ltr'><strong>vias</strong></span> <span class='ocrx_word' id='word_1_248' title='bbox 704 2848 824 2922; x_wconf 71' lang='lat' dir='ltr'><strong>lignum,</strong></span> <span class='ocrx_word' id='word_1_249' title='bbox 840 2850 869 2900; x_wconf 91' lang='lat' dir='ltr'><strong>in</strong></span> <span class='ocrx_word' id='word_1_250' title='bbox 885 2850 960 2901; x_wconf 85' lang='lat' dir='ltr'><strong>fumo</strong></span> <span class='ocrx_word' id='word_1_251' title='bbox 975 2847 1207 2920; x_wconf 81' lang='lat' dir='ltr'><strong>suspendebatur,</strong></span> 
     </span>
     <span class='ocr_line' id='line_1_30' title="bbox 157 2927 1210 3002; baseline -0.001 -23"><span class='ocrx_word' id='word_1_252' title='bbox 157 2930 437 2998; x_wconf 77' lang='lat' dir='ltr'><strong>proximnm;l²linias</strong></span> <span class='ocrx_word' id='word_1_253' title='bbox 453 2930 535 2982; x_wconf 86' lang='lat' dir='ltr'><strong>imum</strong></span> <span class='ocrx_word' id='word_1_254' title='bbox 546 2929 660 3001; x_wconf 87' lang='lat' dir='ltr'><strong>pedem,</strong></span> <span class='ocrx_word' id='word_1_255' title='bbox 706 2929 933 3002; x_wconf 74' lang='lat' dir='ltr'><strong>quemadmodum</strong></span> <span class='ocrx_word' id='word_1_256' title='bbox 954 2928 1027 3002; x_wconf 83' lang='lat' dir='ltr'><strong>apud</strong></span> <span class='ocrx_word' id='word_1_257' title='bbox 1048 2927 1158 2981; x_wconf 82' lang='lat' dir='ltr'><strong>llesiod.</strong></span> <span class='ocrx_word' id='word_1_258' title='bbox 1181 2928 1210 2978; x_wconf 83' lang='lat' dir='ltr'><strong>in</strong></span> 
     </span>
     <span class='ocr_line' id='line_1_31' title="bbox 157 3005 1207 3082; baseline -0.001 -25"><span class='ocrx_word' id='word_1_259' title='bbox 157 3007 198 3071; x_wconf 86' lang='lat' dir='ltr'><strong>ll,</strong></span> <span class='ocrx_word' id='word_1_260' title='bbox 216 3005 265 3072; x_wconf 64' lang='lat'><strong>453</strong></span> <span class='ocrx_word' id='word_1_261' title='bbox 284 3007 378 3060; x_wconf 85' lang='lat' dir='ltr'><strong>eodem</strong></span> <span class='ocrx_word' id='word_1_262' title='bbox 392 3025 486 3075; x_wconf 83' lang='lat' dir='ltr'><strong>sensu,</strong></span> <span class='ocrx_word' id='word_1_263' title='bbox 506 3027 560 3080; x_wconf 89' lang='lat' dir='ltr'><strong>quo</strong></span> <span class='ocrx_word' id='word_1_264' title='bbox 576 3009 662 3062; x_wconf 75' lang='lat' dir='ltr'><strong>Graeci</strong></span> <span class='ocrx_word' id='word_1_265' title='bbox 705 3012 754 3080; x_wconf 71' lang='lat' dir='ltr'><strong>lpp.</strong></span> <span class='ocrx_word' id='word_1_266' title='bbox 767 3013 835 3080; x_wconf 68' lang='lat'><strong>405,</strong></span> <span class='ocrx_word' id='word_1_267' title='bbox 852 3024 879 3064; x_wconf 89' lang='lat' dir='ltr'><strong>et</strong></span> <span class='ocrx_word' id='word_1_268' title='bbox 890 3012 956 3082; x_wconf 83' lang='lat'><strong>627,</strong></span> <span class='ocrx_word' id='word_1_269' title='bbox 972 3005 1098 3070; x_wconf 62' lang='lat' dir='ltr'><strong>ardubare,</strong></span> <span class='ocrx_word' id='word_1_270' title='bbox 1116 3007 1207 3059; x_wconf 85' lang='lat' dir='ltr'><strong>clavus</strong></span> 
     </span>
     <span class='ocr_line' id='line_1_32' title="bbox 158 3079 1209 3160; baseline 0.001 -24"><span class='ocrx_word' id='word_1_271' title='bbox 158 3079 284 3146; x_wconf 69' lang='lat' dir='ltr'><strong>inmisit,</strong></span> <span class='ocrx_word' id='word_1_272' title='bbox 298 3102 351 3156; x_wconf 88' lang='lat' dir='ltr'><strong>quo</strong></span> <span class='ocrx_word' id='word_1_273' title='bbox 368 3087 466 3138; x_wconf 85' lang='lat' dir='ltr'><strong>Noster</strong></span> <span class='ocrx_word' id='word_1_274' title='bbox 480 3088 544 3140; x_wconf 87' lang='lat' dir='ltr'><strong>imos</strong></span> <span class='ocrx_word' id='word_1_275' title='bbox 559 3107 660 3154; x_wconf 80' lang='lat' dir='ltr'><strong>cursus,</strong></span> <span class='ocrx_word' id='word_1_276' title='bbox 705 3095 800 3157; x_wconf 77' lang='lat' dir='ltr'><strong>uaris,</strong></span> <span class='ocrx_word' id='word_1_277' title='bbox 821 3091 946 3144; x_wconf 84' lang='lat' dir='ltr'><strong>confecta</strong></span> <span class='ocrx_word' id='word_1_278' title='bbox 965 3091 1152 3160; x_wconf 67' lang='lat' dir='ltr'><strong>navigatione,</strong></span> <span class='ocrx_word' id='word_1_279' title='bbox 1174 3103 1209 3138; x_wconf 87' lang='lat' dir='ltr'><strong>ne</strong></span> 
     </span>
     <span class='ocr_line' id='line_1_33' title="bbox 159 3163 1208 3241; baseline 0 -25"><span class='ocrx_word' id='word_1_280' title='bbox 159 3163 302 3216; x_wconf 80' lang='lat' dir='ltr'><strong>dixerunt?</strong></span> <span class='ocrx_word' id='word_1_281' title='bbox 321 3181 348 3216; x_wconf 64' lang='grc' dir='ltr'><strong>πο</strong></span> <span class='ocrx_word' id='word_1_282' title='bbox 366 3166 455 3231; x_wconf 86' lang='lat' dir='ltr'><strong>Stiva,</strong></span> <span class='ocrx_word' id='word_1_283' title='bbox 474 3185 532 3238; x_wconf 74' lang='lat' dir='ltr'><strong>quae</strong></span> <span class='ocrx_word' id='word_1_284' title='bbox 554 3168 661 3218; x_wconf 85' lang='lat' dir='ltr'><strong>fortiter</strong></span> <span class='ocrx_word' id='word_1_285' title='bbox 704 3170 847 3241; x_wconf 82' lang='lat' dir='ltr'><strong>putredine</strong></span> <span class='ocrx_word' id='word_1_286' title='bbox 865 3170 1043 3222; x_wconf 83' lang='lat' dir='ltr'><strong>conficeritur.</strong></span> <span class='ocrx_word' id='word_1_287' title='bbox 1065 3165 1108 3218; x_wconf 72' lang='lat' dir='ltr'><strong>dd</strong></span> <span class='ocrx_word' id='word_1_288' title='bbox 1128 3183 1208 3236; x_wconf 89' lang='lat' dir='ltr'><strong>quem</strong></span> 
     </span>
     <span class='ocr_line' id='line_1_34' title="bbox 159 3243 1173 3318; baseline 0.002 -22"><span class='ocrx_word' id='word_1_289' title='bbox 159 3243 354 3316; x_wconf 81' lang='lat' dir='ltr'><strong>comprehensa</strong></span> <span class='ocrx_word' id='word_1_290' title='bbox 374 3243 497 3298; x_wconf 87' lang='lat' dir='ltr'><strong>manibus</strong></span> <span class='ocrx_word' id='word_1_291' title='bbox 519 3247 660 3318; x_wconf 69' lang='lat' dir='ltr'><strong>agricole,</strong></span> <span class='ocrx_word' id='word_1_292' title='bbox 705 3251 794 3304; x_wconf 89' lang='lat' dir='ltr'><strong>locum</strong></span> <span class='ocrx_word' id='word_1_293' title='bbox 806 3251 868 3304; x_wconf 82' lang='lat' dir='ltr'><strong>vide</strong></span> <span class='ocrx_word' id='word_1_294' title='bbox 881 3251 920 3303; x_wconf 89' lang='lat' dir='ltr'><strong>Cl.</strong></span> <span class='ocrx_word' id='word_1_295' title='bbox 933 3249 1073 3302; x_wconf 72' lang='lat' dir='ltr'><strong>Granium.</strong></span> <span class='ocrx_word' id='word_1_296' title='bbox 1086 3249 1173 3300; x_wconf 81' lang='lat' dir='ltr'><strong>Emm.</strong></span> 
     </span>
     <span class='ocr_line' id='line_1_35' title="bbox 158 3326 1204 3400; baseline 0.003 -24"><span class='ocrx_word' id='word_1_297' title='bbox 158 3326 227 3397; x_wconf 76' lang='lat' dir='ltr'><strong>regit</strong></span> <span class='ocrx_word' id='word_1_298' title='bbox 238 3335 401 3395; x_wconf 85' lang='lat' dir='ltr'><strong>postremam</strong></span> <span class='ocrx_word' id='word_1_299' title='bbox 418 3326 500 3376; x_wconf 80' lang='lat' dir='ltr'><strong>aratri</strong></span> <span class='ocrx_word' id='word_1_300' title='bbox 511 3338 632 3396; x_wconf 84' lang='lat' dir='ltr'><strong>partem,</strong></span> <span class='ocrx_word' id='word_1_301' title='bbox 645 3345 662 3376; x_wconf 86' lang='lat' dir='ltr'><strong>a</strong></span> <span class='ocrx_word' id='word_1_302' title='bbox 745 3332 802 3400; x_wconf 81' lang='lat'><strong>176.</strong></span> <span class='ocrx_word' id='word_1_303' title='bbox 812 3332 919 3383; x_wconf 69' lang='lat' dir='ltr'><strong>Possum</strong></span> <span class='ocrx_word' id='word_1_304' title='bbox 932 3327 1016 3381; x_wconf 81' lang='lat' dir='ltr'><strong>multa</strong></span> <span class='ocrx_word' id='word_1_305' title='bbox 1028 3327 1074 3378; x_wconf 86' lang='lat' dir='ltr'><strong>tibi</strong></span> <span class='ocrx_word' id='word_1_306' title='bbox 1083 3338 1204 3378; x_wconf 85' lang='lat' dir='ltr'><strong>veterum.</strong></span> 
     </span>
     <span class='ocr_line' id='line_1_36' title="bbox 159 3403 1208 3478; baseline -0.003 -14"><span class='ocrx_word' id='word_1_307' title='bbox 159 3415 228 3478; x_wconf 60' lang='lat' dir='ltr'><strong>‘eryt&#39;</strong></span> <span class='ocrx_word' id='word_1_308' title='bbox 240 3405 339 3472; x_wconf 73' lang='lat' dir='ltr'><strong>boum,</strong></span> <span class='ocrx_word' id='word_1_309' title='bbox 352 3403 386 3458; x_wconf 62' lang='lat' dir='ltr'><strong>ab</strong></span> <span class='ocrx_word' id='word_1_310' title='bbox 400 3406 565 3458; x_wconf 67' lang='lat' dir='ltr'><strong>eliremltflte</strong></span> <span class='ocrx_word' id='word_1_311' title='bbox 577 3417 662 3458; x_wconf 68' lang='lat' dir='ltr'><strong>lemu-</strong></span> <span class='ocrx_word' id='word_1_312' title='bbox 705 3411 861 3464; x_wconf 86' lang='lat' dir='ltr'><strong>Doctrinam</strong></span> <span class='ocrx_word' id='word_1_313' title='bbox 874 3427 950 3462; x_wconf 84' lang='lat' dir='ltr'><strong>suam</strong></span> <span class='ocrx_word' id='word_1_314' title='bbox 964 3407 1149 3470; x_wconf 82' lang='lat' dir='ltr'><strong>commendat;</strong></span> <span class='ocrx_word' id='word_1_315' title='bbox 1166 3427 1208 3460; x_wconf 82' lang='lat' dir='ltr'><strong>ve·</strong></span> 
     </span>
     <span class='ocr_line' id='line_1_37' title="bbox 156 3483 1208 3560; baseline 0.001 -24"><span class='ocrx_word' id='word_1_316' title='bbox 156 3487 199 3536; x_wconf 87' lang='lat' dir='ltr'><strong>nis</strong></span> <span class='ocrx_word' id='word_1_317' title='bbox 212 3485 305 3536; x_wconf 86' lang='lat' dir='ltr'><strong>inserti</strong></span> <span class='ocrx_word' id='word_1_318' title='bbox 320 3483 409 3546; x_wconf 76' lang='lat' dir='ltr'><strong>burae;</strong></span> <span class='ocrx_word' id='word_1_319' title='bbox 428 3497 455 3536; x_wconf 88' lang='lat' dir='ltr'><strong>et</strong></span> <span class='ocrx_word' id='word_1_320' title='bbox 471 3503 543 3536; x_wconf 86' lang='lat' dir='ltr'><strong>nunc</strong></span> <span class='ocrx_word' id='word_1_321' title='bbox 559 3485 587 3536; x_wconf 91' lang='lat' dir='ltr'><strong>in</strong></span> <span class='ocrx_word' id='word_1_322' title='bbox 604 3504 662 3538; x_wconf 88' lang='lat' dir='ltr'><strong>rec·</strong></span> <span class='ocrx_word' id='word_1_323' title='bbox 706 3502 789 3542; x_wconf 85' lang='lat' dir='ltr'><strong>terum</strong></span> <span class='ocrx_word' id='word_1_324' title='bbox 802 3501 906 3556; x_wconf 86' lang='lat' dir='ltr'><strong>autem,</strong></span> <span class='ocrx_word' id='word_1_325' title='bbox 918 3503 949 3542; x_wconf 88' lang='lat' dir='ltr'><strong>ut</strong></span> <span class='ocrx_word' id='word_1_326' title='bbox 957 3486 1082 3552; x_wconf 86' lang='lat' dir='ltr'><strong>Hesiodi,</strong></span> <span class='ocrx_word' id='word_1_327' title='bbox 1094 3489 1141 3558; x_wconf 88' lang='lat' dir='ltr'><strong>qui</strong></span> <span class='ocrx_word' id='word_1_328' title='bbox 1153 3489 1208 3560; x_wconf 80' lang='lat' dir='ltr'><strong>pri·</strong></span> 
     </span>
     <span class='ocr_line' id='line_1_38' title="bbox 159 3563 1207 3642; baseline 0.004 -26"><span class='ocrx_word' id='word_1_329' title='bbox 159 3579 216 3618; x_wconf 91' lang='lat' dir='ltr'><strong>tum</strong></span> <span class='ocrx_word' id='word_1_330' title='bbox 235 3564 277 3616; x_wconf 86' lang='lat' dir='ltr'><strong>vel</strong></span> <span class='ocrx_word' id='word_1_331' title='bbox 298 3566 325 3616; x_wconf 93' lang='lat' dir='ltr'><strong>in</strong></span> <span class='ocrx_word' id='word_1_332' title='bbox 348 3563 509 3637; x_wconf 89' lang='lat' dir='ltr'><strong>obliquum,</strong></span> <span class='ocrx_word' id='word_1_333' title='bbox 532 3584 604 3618; x_wconf 89' lang='lat' dir='ltr'><strong>nune</strong></span> <span class='ocrx_word' id='word_1_334' title='bbox 625 3565 662 3620; x_wconf 84' lang='lat' dir='ltr'><strong>ed</strong></span> <span class='ocrx_word' id='word_1_335' title='bbox 706 3587 765 3622; x_wconf 87' lang='lat' dir='ltr'><strong>rnus</strong></span> <span class='ocrx_word' id='word_1_336' title='bbox 785 3569 820 3623; x_wconf 90' lang='lat' dir='ltr'><strong>de</strong></span> <span class='ocrx_word' id='word_1_337' title='bbox 837 3567 1000 3642; x_wconf 70' lang='lat' dir='ltr'><strong>agricultura</strong></span> <span class='ocrx_word' id='word_1_338' title='bbox 1018 3571 1142 3640; x_wconf 84' lang='lat' dir='ltr'><strong>scripsit,</strong></span> <span class='ocrx_word' id='word_1_339' title='bbox 1160 3580 1207 3620; x_wconf 81' lang='lat' dir='ltr'><strong>aut</strong></span> 
     </span>
     <span class='ocr_line' id='line_1_39' title="bbox 158 3643 1206 3722; baseline 0 -22"><span class='ocrx_word' id='word_1_340' title='bbox 158 3663 291 3698; x_wconf 82' lang='lat' dir='ltr'><strong>summum</strong></span> <span class='ocrx_word' id='word_1_341' title='bbox 301 3643 590 3711; x_wconf 61' lang='lat' dir='ltr'><strong>castimonialium,</strong></span> <span class='ocrx_word' id='word_1_342' title='bbox 604 3664 662 3700; x_wconf 82' lang='lat' dir='ltr'><strong>ara·</strong></span> <span class='ocrx_word' id='word_1_343' title='bbox 705 3651 820 3704; x_wconf 82' lang='lat' dir='ltr'><strong>aliomm</strong></span> <span class='ocrx_word' id='word_1_344' title='bbox 836 3653 1008 3722; x_wconf 83' lang='lat' dir='ltr'><strong>antiquorum</strong></span> <span class='ocrx_word' id='word_1_345' title='bbox 1022 3671 1028 3701; x_wconf 76' lang='grc' dir='ltr'>ι</span> <span class='ocrx_word' id='word_1_346' title='bbox 1044 3651 1089 3702; x_wconf 78' lang='lat' dir='ltr'><strong>tibi</strong></span> <span class='ocrx_word' id='word_1_347' title='bbox 1102 3663 1206 3717; x_wconf 81' lang='lat' dir='ltr'><strong>auten,</strong></span> 
     </span>
    </p>
   </div>
   <div class='ocr_carea' id='block_1_7' title="bbox 155 3723 1318 3802">
    <p class='ocr_par' dir='ltr' id='par_1_8' title="bbox 155 3723 1318 3802">
     <span class='ocr_line' id='line_1_40' title="bbox 155 3723 1318 3802; baseline 0.003 -26"><span class='ocrx_word' id='word_1_348' title='bbox 155 3729 334 3779; x_wconf 84' lang='lat' dir='ltr'><strong>trivomerem</strong></span> <span class='ocrx_word' id='word_1_349' title='bbox 345 3735 457 3796; x_wconf 83' lang='lat' dir='ltr'><strong>torquet,</strong></span> <span class='ocrx_word' id='word_1_350' title='bbox 470 3723 661 3788; x_wconf 86' lang='lat' dir='ltr'><strong>flectit,suble·</strong></span> <span class='ocrx_word' id='word_1_351' title='bbox 705 3730 1173 3802; x_wconf 75' lang='lat' dir='ltr'><strong>idest,oMecaenas,inquit;vel,</strong></span> <span class='ocrx_word' id='word_1_352' title='bbox 1188 3748 1204 3780; x_wconf 89' lang='lat' dir='ltr'><strong>o</strong></span> <span class='ocrx_word' id='word_1_353' title='bbox 1309 3761 1318 3780; x_wconf 81' lang='grc'><strong>.</strong></span> 
     </span>
    </p>
   </div>
   <div class='ocr_carea' id='block_1_8' title="bbox 156 3804 1209 4278">
    <p class='ocr_par' dir='ltr' id='par_1_9' title="bbox 156 3804 1206 3885">
     <span class='ocr_line' id='line_1_41' title="bbox 156 3804 1206 3885; baseline -0.005 -18"><span class='ocrx_word' id='word_1_354' title='bbox 156 3819 218 3867; x_wconf 62' lang='grc' dir='ltr'><strong>Ὴῑ,</strong></span> <span class='ocrx_word' id='word_1_355' title='bbox 235 3805 378 3876; x_wconf 82' lang='lat' dir='ltr'><strong>imprimit;</strong></span> <span class='ocrx_word' id='word_1_356' title='bbox 398 3805 470 3858; x_wconf 66' lang='lat' dir='ltr'><strong>unde</strong></span> <span class='ocrx_word' id='word_1_357' title='bbox 490 3804 547 3858; x_wconf 70' lang='lat' dir='ltr'><strong>haec</strong></span> <span class='ocrx_word' id='word_1_358' title='bbox 570 3808 661 3859; x_wconf 64' lang='lat' dir='ltr'><strong>omnia</strong></span> <span class='ocrx_word' id='word_1_359' title='bbox 705 3813 841 3885; x_wconf 63' lang='lat' dir='ltr'><strong>agricola,</strong></span> <span class='ocrx_word' id='word_1_360' title='bbox 852 3811 905 3864; x_wconf 88' lang='lat' dir='ltr'><strong>boc</strong></span> <span class='ocrx_word' id='word_1_361' title='bbox 921 3824 962 3865; x_wconf 87' lang='lat' dir='ltr'><strong>est</strong></span> <span class='ocrx_word' id='word_1_362' title='bbox 977 3813 1048 3864; x_wconf 86' lang='lat' dir='ltr'><strong>enim</strong></span> <span class='ocrx_word' id='word_1_363' title='bbox 1067 3811 1118 3864; x_wconf 82' lang='lat' dir='ltr'><strong>tibi.</strong></span> <span class='ocrx_word' id='word_1_364' title='bbox 1132 3809 1206 3863; x_wconf 84' lang='lat' dir='ltr'><strong>Serv.</strong></span> 
     </span>
    </p>

    <p class='ocr_par' dir='ltr' id='par_1_10' title="bbox 157 3887 1207 3957">
     <span class='ocr_line' id='line_1_42' title="bbox 157 3887 1207 3957; baseline 0.007 -21"><span class='ocrx_word' id='word_1_365' title='bbox 157 3887 247 3957; x_wconf 86' lang='lat' dir='ltr'><strong>potnit</strong></span> <span class='ocrx_word' id='word_1_366' title='bbox 256 3904 353 3938; x_wconf 82' lang='lat' dir='ltr'><strong>vocare</strong></span> <span class='ocrx_word' id='word_1_367' title='bbox 365 3899 447 3956; x_wconf 80' lang='lat' dir='ltr'><strong>poeta</strong></span> <span class='ocrx_word' id='word_1_368' title='bbox 457 3905 543 3939; x_wconf 74' lang='lat' dir='ltr'><strong>eunus</strong></span> <span class='ocrx_word' id='word_1_369' title='bbox 554 3887 626 3940; x_wconf 83' lang='lat' dir='ltr'><strong>imos.</strong></span> <span class='ocrx_word' id='word_1_370' title='bbox 703 3921 738 3934; x_wconf 81' lang='grc'><strong>-</strong></span> <span class='ocrx_word' id='word_1_371' title='bbox 749 3892 878 3946; x_wconf 84' lang='lat' dir='ltr'><strong>Veterum.</strong></span> <span class='ocrx_word' id='word_1_372' title='bbox 888 3893 974 3944; x_wconf 82' lang='lat' dir='ltr'><strong>Varro</strong></span> <span class='ocrx_word' id='word_1_373' title='bbox 983 3891 1011 3957; x_wconf 87' lang='lat' dir='ltr'><strong>l,</strong></span> <span class='ocrx_word' id='word_1_374' title='bbox 1024 3909 1033 3943; x_wconf 86' lang='lat'>1</span> <span class='ocrx_word' id='word_1_375' title='bbox 1047 3909 1055 3955; x_wconf 85' lang='lat'>;</span> <span class='ocrx_word' id='word_1_376' title='bbox 1067 3892 1115 3944; x_wconf 85' lang='lat' dir='ltr'><strong>llei</strong></span> <span class='ocrx_word' id='word_1_377' title='bbox 1127 3893 1207 3944; x_wconf 86' lang='lat' dir='ltr'><strong>rusti·</strong></span> 
     </span>
    </p>

    <p class='ocr_par' dir='ltr' id='par_1_11' title="bbox 194 3967 1207 4045">
     <span class='ocr_line' id='line_1_43' title="bbox 194 3967 1207 4045; baseline 0.007 -25"><span class='ocrx_word' id='word_1_378' title='bbox 194 3967 397 4037; x_wconf 82' lang='lat' dir='ltr'><strong>Quemcumque</strong></span> <span class='ocrx_word' id='word_1_379' title='bbox 415 3985 523 4020; x_wconf 86' lang='lat' dir='ltr'><strong>sensum</strong></span> <span class='ocrx_word' id='word_1_380' title='bbox 542 3970 659 4036; x_wconf 86' lang='lat' dir='ltr'><strong>tuearis,</strong></span> <span class='ocrx_word' id='word_1_381' title='bbox 705 3992 742 4026; x_wconf 81' lang='lat' dir='ltr'><strong>cre</strong></span> <span class='ocrx_word' id='word_1_382' title='bbox 759 3973 907 4044; x_wconf 85' lang='lat' dir='ltr'><strong>Scriptores</strong></span> <span class='ocrx_word' id='word_1_383' title='bbox 928 3973 989 4044; x_wconf 88' lang='lat' dir='ltr'><strong>plus</strong></span> <span class='ocrx_word' id='word_1_384' title='bbox 1012 3975 1207 4045; x_wconf 75' lang='lat' dir='ltr'><strong>quinquaginta</strong></span> 
     </span>
    </p>

    <p class='ocr_par' dir='ltr' id='par_1_12' title="bbox 158 4045 1207 4122">
     <span class='ocr_line' id='line_1_44' title="bbox 158 4045 1207 4122; baseline 0.008 -24"><span class='ocrx_word' id='word_1_385' title='bbox 158 4045 227 4098; x_wconf 87' lang='lat' dir='ltr'><strong>illud</strong></span> <span class='ocrx_word' id='word_1_386' title='bbox 242 4049 359 4118; x_wconf 83' lang='lat' dir='ltr'><strong>antiquis</strong></span> <span class='ocrx_word' id='word_1_387' title='bbox 377 4049 506 4112; x_wconf 83' lang='lat' dir='ltr'><strong>nummis,</strong></span> <span class='ocrx_word' id='word_1_388' title='bbox 522 4062 549 4100; x_wconf 90' lang='lat' dir='ltr'><strong>et</strong></span> <span class='ocrx_word' id='word_1_389' title='bbox 562 4050 660 4101; x_wconf 84' lang='lat' dir='ltr'><strong>Varro·</strong></span> <span class='ocrx_word' id='word_1_390' title='bbox 705 4067 841 4118; x_wconf 87' lang='lat' dir='ltr'><strong>recenset,</strong></span> <span class='ocrx_word' id='word_1_391' title='bbox 860 4054 967 4106; x_wconf 71' lang='lat' dir='ltr'><strong>Graecos</strong></span> <span class='ocrx_word' id='word_1_392' title='bbox 988 4072 1097 4122; x_wconf 84' lang='lat' dir='ltr'><strong>omnes,</strong></span> <span class='ocrx_word' id='word_1_393' title='bbox 1115 4057 1207 4108; x_wconf 88' lang='lat' dir='ltr'><strong>autin</strong></span> 
     </span>
    </p>

    <p class='ocr_par' dir='ltr' id='par_1_13' title="bbox 159 4125 1209 4278">
     <span class='ocr_line' id='line_1_45' title="bbox 159 4125 1209 4208; baseline 0.008 -30"><span class='ocrx_word' id='word_1_394' title='bbox 159 4125 202 4178; x_wconf 77' lang='lat' dir='ltr'><strong>uis</strong></span> <span class='ocrx_word' id='word_1_395' title='bbox 214 4137 294 4196; x_wconf 87' lang='lat' dir='ltr'><strong>atque</strong></span> <span class='ocrx_word' id='word_1_396' title='bbox 306 4126 459 4182; x_wconf 72' lang='lat' dir='ltr'><strong>Columella</strong></span> <span class='ocrx_word' id='word_1_397' title='bbox 475 4129 582 4183; x_wconf 87' lang='lat' dir='ltr'><strong>silentio</strong></span> <span class='ocrx_word' id='word_1_398' title='bbox 600 4149 661 4184; x_wconf 87' lang='lat' dir='ltr'><strong>con·</strong></span> <span class='ocrx_word' id='word_1_399' title='bbox 705 4133 826 4188; x_wconf 77' lang='lat' dir='ltr'><strong>Grrecam</strong></span> <span class='ocrx_word' id='word_1_400' title='bbox 837 4133 957 4208; x_wconf 76' lang='lat' dir='ltr'><strong>linquam</strong></span> <span class='ocrx_word' id='word_1_401' title='bbox 971 4153 1130 4198; x_wconf 87' lang='lat' dir='ltr'><strong>conversos;</strong></span> <span class='ocrx_word' id='word_1_402' title='bbox 1148 4137 1209 4206; x_wconf 87' lang='lat' dir='ltr'><strong>qui-</strong></span> 
     </span>
     <span class='ocr_line' id='line_1_46' title="bbox 232 4213 1033 4278; baseline 0.014 -12"><span class='ocrx_word' id='word_1_403' title='bbox 232 4213 257 4266; x_wconf 84' lang='lat'><strong>5.</strong></span> <span class='ocrx_word' id='word_1_404' title='bbox 1001 4227 1033 4278; x_wconf 76' lang='lat'><strong>25</strong></span> 
     </span>
    </p>
   </div>
   <div class='ocr_carea' id='block_1_9' title="bbox 0 0 1486 4690">
    <p class='ocr_par' dir='ltr' id='par_1_14' title="bbox 0 0 1486 4690">
     <span class='ocr_line' id='line_1_47' title="bbox 0 0 1486 4690; baseline 0 0"><span class='ocrx_word' id='word_1_405' title='bbox 0 0 1486 4690; x_wconf 95' lang='lat' dir='ltr'><strong> </strong></span> 
     </span>
    </p>
   </div>
  </div>
 </body>
</html>
