2918 4682
374 401 1024 492 moaouotuonuuum.11.
1159 430 1219 508 441

221 553 248 632 d.
271 555 376 630 Quum
398 547 554 634 prae'cipua
572 569 645 632 pnrs
667 548 762 628 bujus
781 549 853 608 libri
875 563 1016 610 versetur
1033 551 1065 609 in
1087 547 1223 627 vitibus,

182 642 345 703 commode
360 637 512 699 liecchum
529 640 673 697 invocat:
687 656 790 719 neque
804 636 906 696 solum
921 639 1003 714 vult,
1017 654 1054 699 ut
1066 639 1182 713 veniat,
1195 647 1225 698 et

180 730 240 791 sibi
253 733 378 810 aspirem
392 729 563 801 sedetiam,
578 741 612 787 ut
622 725 794 786 cothurnos
806 727 938 802 adimat,
952 728 1049 788 nudet
1061 749 1149 789 crura
1163 725 1225 787 col·

181 817 291 877 condis
310 819 377 876 uvis
397 818 428 875 in
449 815 533 884 lacu3
554 816 660 896 itaque
677 812 759 886 vult,
778 827 812 874 ut
829 815 934 874 veniat
951 818 1045 874 etism
1057 818 1089 874 in
1102 827 1224 898 partem

180 904 305 964 laboris.
323 904 516 965 l’erenthesis
531 908 672 966 continet
690 918 750 962 tres
767 905 917 978 rationes,
936 925 992 964 cur
1008 904 1162 966 Bacchum
1177 905 1226 963 in·

179 1009 287 1056 vocet:
304 997 421 1075 primo,
435 997 507 1077 quia
521 997 595 1054 vites
607 994 775 1068 invenerit,
787 996 912 1076 egregio
924 1015 1050 1056 munere
1060 995 1134 1054 dato
1145 1015 1227 1054 mor·

181 1082 314 1142 talibus:
331 1082 469 1143 secundo
479 1130 488 1157 ‚
498 1086 572 1164 quin
582 1085 619 1150 ,in
635 1083 703 1162 ejus
714 1081 868 1142 honorem
881 1097 965 1143 totus
980 1103 1054 1164 ager
1063 1103 1226 1165 praegnans

179 1171 596 1254 gravidusque'effloresrat‚
616 1185 767 1252 concepto
788 1173 920 1231 intrate
940 1174 1100 1231 Autumno
1115 1169 1227 1231 exube-

180 1275 270 1320 rante
283 1263 457 1342 pampinis:
470 1265 577 1336 tertio,
591 1263 664 1342 quia
677 1277 752 1321 tunc
761 1261 1049 1342 spumetviudemia
1057 1260 1158 1342 plenis
1167 1271 1225 1319 tor-

181 1349 334 1409 cularium
349 1350 455 1410 labris.

179 1510 219 1562 lta
232 1509 360 1563 creditum
369 1511 462 1566 dehac
471 1514 582 1578 arbore,
596 1527 621 1566 et
631 1528 681 1567 tes·
725 1517 799 1567 Vites
818 1517 845 1567 in
865 1527 1009 1568 auctumno
1030 1513 1102 1566 iuliis
1124 1523 1150 1564 et
1168 1511 1226 1563 uvis

179 1604 219 1644 tes
230 1592 317 1653 oculi;
330 1593 391 1644 ideo
402 1613 417 1644 a
427 1594 522 1646 Graecis
533 1595 604 1648 oliva
616 1595 681 1648 dici·
726 1593 810 1666 pleuto
833 1609 894 1648 sunt
916 1611 996 1666 atque
1018 1594 1085 1648 adeo
1106 1603 1225 1644 mature.

179 1682 223 1721 tur
235 1671 352 1735 ὀψίγονος,
368 1674 511 1738 ὀψίκιριος,
525 1671 679 1740 illimis,
726 1676 803 1726 llunc
814 1688 902 1726 nutem
912 1693 1016 1727 versum
1027 1669 1169 1725 Diomedes
1176 1670 1228 1722 exi·

180 1745 303 1816 e'4mrdir,
318 1753 407 1803 omniu
421 1753 454 1804 ab
471 1752 521 1804 hnc
539 1754 680 1819 tot·ditnte;
726 1754 776 1804 lem
789 1769 903 1806 rorstet
914 1757 989 1826 quasi
1000 1753 1140 1812 elumbem
1154 1747 1227 1822 quod

180 1841 206 1883 et
217 1829 251 1881 ab
266 1829 387 1900 Apollou.
398 1829 443 1882 lib.
456 1833 502 1894 lV;
516 1830 661 1898 πολύκμητος
670 1873 679 1899 ,
726 1833 786 1885 loco
803 1833 906 1905 Dactyli
923 1835 948 1884 iu
967 1835 1060 1904 quinte
1079 1831 1142 1884 sede
1160 1831 1227 1881 inm·

181 1909 257 1980 qussi
269 1909 380 1960 multum
393 1910 492 1962 laboris
506 1899 639 1983 ponatur,
651 1925 680 1964 ut
725 1912 788 1963 bum
797 1912 903 1964 habeat.
916 1915 985 1964 Vett.
997 1912 1043 1964 lib.
1052 1927 1190 1984 purpureo.

180 2002 299 2052 crescat,
312 2001 340 2040 ut
354 2003 490 2060 augeatur.
760 1994 785 2045 6.
802 1993 859 2045 Tibi
868 1993 955 2045 Floret
965 2011 1033 2066 aper.
1050 1994 1079 2044 ln
1096 1991 1227 2042 honorem

215 2069 240 2136 4.
252 2069 319 2135 Huc,
328 2081 427 2141 patero
437 2071 534 2122 ,Leuce
546 2071 632 2134 Pater,
646 2071 680 2122 li·
726 2083 800 2122 tuum
814 2073 915 2124 exultat
927 2085 953 2124 et
966 2073 1041 2124 laetus
1054 2084 1110 2136 est,
1123 2083 1152 2121 ut
1166 2069 1228 2140 qui·

180 2161 222 2201 cet
233 2149 356 2220 generale
374 2151 407 2201 sit
419 2152 537 2202 omnium
551 2150 681 2216 deorum,
725 2150 786 2202 dem
795 2153 903 2222 exponit
913 2153 1027 2217 Servius,
1039 2169 1120 2222 quum
1130 2151 1156 2201 in
1167 2166 1230 2200 auc·

178 2241 267 2281 temen
283 2231 391 2300 proprie
403 2229 499 2280 Libero
517 2248 621 2300 semper
634 2249 680 2281 co·
726 2230 818 2280 tumno
832 2229 995 2300 agerllorere
1006 2249 1060 2282 non
1070 2232 1164 2301 possit.
1176 2227 1228 2281 Sed

178 2307 258 2360 haeret
271 2329 276 2359 :
291 2327 350 2359 nam
367 2308 446 2360 Liber
465 2322 542 2378 pater
560 2322 679 2360 vocatur.
726 2327 807 2378 quum
821 2307 890 2360 idem
899 2309 1150 2372 notetAEneid.Vll‚
1161 2307 1227 2372 805,

178 2417 213 2426 -
223 2386 341 2438 Bacchus
361 2387 471 2458 perinde
489 2405 520 2439 ac
540 2387 681 2438 fluviorum
717 2388 818 2463 florens
827 2388 880 2439 dici
893 2407 971 2440 omne
984 2389 1021 2454 id,
1031 2387 1103 2458 quod
1113 2386 1226 2438 nitidum

177 2467 236 2532 Dii,
248 2465 481 2535 hicpaterdicitur
490 2465 525 2516 ob
539 2465 680 2516 altundan-
726 2481 779 2530 est,
793 2469 906 2538 putarim
912 2469 1009 2545 florere
1018 2468 1062 2520 hic
1070 2467 1185 2530 dictum,
1197 2479 1227 2518 ut

177 2547 261 2598 tiam·
280 2559 396 2598 ceterum
416 2548 485 2596 enim
503 2545 679 2598 exhibebatur
725 2546 790 2598 illud
813 2547 917 2598 Luci-et.
940 2547 987 2600 lib.
1008 2549 1028 2597 V
1045 2569 1050 2597 ι
1058 2547 1140 2625 floret
1157 2563 1228 2598 mare

178 2623 263 2698 figura
273 2625 441 2689 nobilissimi,
450 2643 481 2677 sc
488 2623 587 2694 gaudio
596 2626 680 2676 exsul·
724 2627 845 2677 nauibus.-
855 2638 879 2678 et
887 2626 1100 2703 pemmisflorcnt
1109 2627 1225 2678 arbusta:

176 2708 259 2758 tentis
268 2707 390 2776 juvenis:
406 2707 496 2756 nescio
514 2706 595 2775 igitur
614 2706 679 2776 quid
724 2703 771 2756 ubi
779 2705 836 2756 scil.
848 2705 936 2756 multae
944 2723 1026 2758 naves
1034 2720 1110 2770 sunt,
1121 2719 1146 2758 et
1156 2724 1226 2778 gem-

178 2787 316 2841 delirarint
324 2787 432 2839 barbari
441 2788 483 2839 isti
492 2787 622 2849 artifices,
634 2789 680 2858 qui
725 2803 773 2836 mae
788 2787 911 2856 copiose.

178 2887 239 2922 eum
247 2869 389 2922 ventricosi
398 2880 424 2919 et
432 2868 499 2919 ebrii
509 2868 580 2919 senis
592 2867 680 2919 forma
761 2882 785 2934 7.
806 2865 879 2918 Veni.
898 2866 954 2916 Hac
973 2867 1059 2918 forms
1076 2866 1168 2918 solitos
1186 2868 1227 2917 iu·

176 2947 320 3001 donavere.
335 2949 366 3000 V.
380 2949 411 3000 G.
421 2977 454 2986 «-
462 2948 567 2998 lentem
579 2943 628 2997 tot
639 2945 683 2998 rii*
726 2946 814 2996 vocari
823 2944 903 3009 Deos,
913 2944 1057 2996 multorum
1068 2947 1225 2997 testimoniis

179 3029 261 3088 λινοῦ,
274 3027 301 3078 id
316 3041 371 3090 est,
389 3027 492 3090 alacu,
508 3027 563 3078 sive
577 3028 679 3076 Torcu-
724 3024 822 3094 probat
839 3025 954 3074 Briaaon.
976 3023 1009 3076 de
1029 3025 1116 3075 Form.
1134 3025 1180 3075 lib.
1198 3026 1226 3090 l,
1302 3049 1305 3054 ·

178 3106 245 3167 lari3
263 3123 324 3157 nam
342 3104 414 3176 quod
429 3105 548 3155 Donatus
563 3103 628 3156 dicit
645 3106 678 3156 ab
723 3103 807 3154 Graeci
817 3102 1149 3174 quoquer'tdradcsmdem
1159 3120 1224 3154 rem.

180 3205 228 3252 eo,
239 3185 311 3256 quod
320 3197 433 3235 mentem
443 3184 539 3245 leniet,
551 3201 604 3234 non
618 3201 679 3254 pro·
724 3211 758 3222 ·-
771 3180 902 3234 Bocchum
917 3183 1023 3232 invocat
1038 3181 1140 3245 solum,
1163 3182 1227 3250 quis

180 3263 251 3318 cedit
267 3285 274 3315 ε
291 3283 340 3316 nec
360 3265 431 3323 enim
449 3275 537 3334 potest
556 3262 678 3316 Graecum
724 3263 887 3332 precipuum
896 3261 975 3328 hujus
983 3257 1044 3311 libri
1055 3261 1171 3312 studium
1179 3262 1226 3311 im·

179 3361 277 3398 nomen
295 3344 416 3394 Latinam
431 3342 618 3414 etymologiam
636 3361 679 3394 re·
724 3340 817 3411 pendit
828 3341 855 3390 iu
869 3343 1005 3392 vinearum
1019 3335 1123 3392 cultura
1135 3353 1160 3392 et
1170 3341 1226 3392 viui

180 3428 278 3497 cipere.
298 3425 366 3476 Seru.
384 3453 419 3462 -
442 3423 503 3474 Tuis
525 3425 678 3474 muneribus.
726 3419 851 3472 laudibus
865 3419 1056 3472 describendis.

179 3504 246 3556 Sunt
258 3517 346 3556 tumen
358 3505 403 3574 qui
416 3503 589 3570 iprttouppler
598 3504 681 3555 Osiri·
762 3501 786 3552 8.
809 3497 952 3550 cathomis.
972 3497 1038 3550 Sunt
1059 3499 1225 3553 calceamen-

178 3585 207 3638 di
229 3585 366 3650 tribuant,
385 3597 451 3636 teste
470 3585 552 3635 lssrio
571 3585 679 3652 Teme,
725 3592 813 3630 torum
825 3595 924 3649 genera
935 3580 1055 3630 venatori
1071 3591 1149 3648 epta,
1167 3580 1226 3650 qui·

177 3667 337 3721 Xenocratis
351 3667 460 3736 interpr.
475 3662 615 3715 Athenaeus
633 3664 678 3716 lib.
724 3660 775 3711 bus
788 3659 956 3712 cnrrs'otiam
969 3660 1138 3726 muniuntur,
1151 3660 1226 3728 cujus

179 3748 233 3808 lll;
255 3744 336 3797 tradit
358 3744 561 3814 Theopompum
587 3744 679 3795 Chium
725 3739 898 3791 calceamenti
913 3736 1014 3808 effigies
1027 3750 1066 3789 est
1078 3741 1106 3789 in
1117 3739 1226 3790 simula·

113 3861 122 3872 ι
177 3843 289 3879 narrare
302 3822 434 3896 Alpheum
444 3825 523 3876 vitem
536 3825 677 3878 invenisse.
724 3819 795 3870 chris
808 3817 897 3868 Liberi
913 3829 939 3868 et
954 3818 1054 3868 Diuum¹
1072 3819 1177 3870 Probus.
1191 3845 1225 3858 ··-

178 3906 294 3957 Pausau.
309 3915 396 3955 autem
409 3904 436 3954 in
449 3903 531 3954 Boeot.
543 3901 678 3954 Thebanis
726 3897 869 3952 cothurnis.
882 3897 944 3948 Non
955 3897 1006 3950 hou
1016 3911 1114 3952 temere
1123 3897 1229 3968 (iuquit

183 3984 312 4035 attribuit.
322 3985 426 4054 Meyer.
599 4017 602 4022 .
723 3978 840 4030 Turneb.
858 3977 947 4044 XXV,
964 3977 1024 4050 30.)
1039 3997 1102 4031 nam
1116 3976 1227 4030 cothur-

217 4061 242 4114 5.
256 4063 399 4136 Pampiueo
412 4061 533 4136 providus
542 4071 677 4114 autsimuo.
723 4072 802 4112 ustus
814 4071 871 4113 erat
881 4058 1011 4112 Bacchus.
