<?xml version="1.0" encoding="UTF-8"?>
<!DOCTYPE html PUBLIC "-//W3C//DTD XHTML 1.0 Transitional//EN"
    "http://www.w3.org/TR/xhtml1/DTD/xhtml1-transitional.dtd">
<html xmlns="http://www.w3.org/1999/xhtml" xml:lang="en" lang="en">
 <head>
  <title>
</title>
<meta http-equiv="Content-Type" content="text/html;charset=utf-8" />
  <meta name='ocr-system' content='tesseract 3.04.00' />
  <meta name='ocr-capabilities' content='ocr_page ocr_carea ocr_par ocr_line ocrx_word'/>
</head>
<body>
  <div class='ocr_page' id='page_1' title='image "./pvirgiliusmaroq04barbgoog_0497.png"; bbox 0 0 2918 4682; ppageno 0'>
   <div class='ocr_carea' id='block_1_1' title="bbox 305 369 1033 466">
    <p class='ocr_par' dir='ltr' id='par_1_1' title="bbox 305 369 1033 466">
     <span class='ocr_line' id='line_1_1' title="bbox 305 369 1033 466; baseline -0.001 0"><span class='ocrx_word' id='word_1_1' title='bbox 305 379 354 466; x_wconf 92' lang='lat' dir='ltr'><strong>P.</strong></span> <span class='ocrx_word' id='word_1_2' title='bbox 387 369 686 466; x_wconf 80' lang='lat' dir='ltr'>V&#39;IRGILII</span> <span class='ocrx_word' id='word_1_3' title='bbox 717 371 1033 464; x_wconf 85' lang='lat' dir='ltr'><strong>MARONIS</strong></span> 
     </span>
    </p>
   </div>
   <div class='ocr_carea' id='block_1_2' title="bbox 357 663 987 1098">
    <p class='ocr_par' dir='ltr' id='par_1_2' title="bbox 357 663 987 1098">
     <span class='ocr_line' id='line_1_2' title="bbox 385 663 959 803; baseline -0.009 0"><span class='ocrx_word' id='word_1_4' title='bbox 385 663 959 803; x_wconf 87' lang='lat' dir='ltr'>GEORGICON</span> 
     </span>
     <span class='ocr_line' id='line_1_3' title="bbox 357 963 987 1098; baseline 0 -4"><span class='ocrx_word' id='word_1_5' title='bbox 357 987 594 1094; x_wconf 75' lang='lat' dir='ltr'><strong>uranu</strong></span> <span class='ocrx_word' id='word_1_6' title='bbox 635 963 987 1098; x_wconf 75' lang='lat' dir='ltr'>TERTIUS.</span> 
     </span>
    </p>
   </div>
   <div class='ocr_carea' id='block_1_3' title="bbox 155 1289 1194 1598">
    <p class='ocr_par' dir='ltr' id='par_1_3' title="bbox 155 1289 1194 1598">
     <span class='ocr_line' id='line_1_4' title="bbox 291 1289 1054 1376; baseline 0.008 -26"><span class='ocrx_word' id='word_1_7' title='bbox 291 1289 388 1371; x_wconf 90' lang='lat' dir='ltr'><strong>(Vide</strong></span> <span class='ocrx_word' id='word_1_8' title='bbox 399 1293 625 1371; x_wconf 76' lang='lat' dir='ltr'><strong>Argumentum</strong></span> <span class='ocrx_word' id='word_1_9' title='bbox 636 1289 792 1370; x_wconf 87' lang='lat' dir='ltr'><strong>generale,</strong></span> <span class='ocrx_word' id='word_1_10' title='bbox 804 1291 866 1352; x_wconf 81' lang='lat' dir='ltr'><strong>rol.</strong></span> <span class='ocrx_word' id='word_1_11' title='bbox 878 1292 907 1369; x_wconf 86' lang='lat' dir='ltr'><strong>l,</strong></span> <span class='ocrx_word' id='word_1_12' title='bbox 921 1314 952 1376; x_wconf 90' lang='lat' dir='ltr'><strong>p.</strong></span> <span class='ocrx_word' id='word_1_13' title='bbox 966 1293 1054 1374; x_wconf 71' lang='lat'><strong>425.)</strong></span> 
     </span>
     <span class='ocr_line' id='line_1_5' title="bbox 155 1553 1194 1598; baseline 0.023 -20"><span class='ocrx_word' id='word_1_14' title='bbox 155 1553 1194 1598; x_wconf 54' lang='lat' dir='ltr'><strong>mumma-mmmmm</strong></span> 
     </span>
    </p>
   </div>
   <div class='ocr_carea' id='block_1_4' title="bbox 566 1763 784 1827">
    <p class='ocr_par' dir='ltr' id='par_1_4' title="bbox 566 1763 784 1827">
     <span class='ocr_line' id='line_1_6' title="bbox 566 1763 784 1827; baseline -0.005 -1"><span class='ocrx_word' id='word_1_15' title='bbox 566 1763 784 1827; x_wconf 79' lang='lat' dir='ltr'><strong>ANALYSIS.</strong></span> 
     </span>
    </p>
   </div>
   <div class='ocr_carea' id='block_1_5' title="bbox 157 1969 1265 4147">
    <p class='ocr_par' dir='ltr' id='par_1_5' title="bbox 157 1969 1265 4147">
     <span class='ocr_line' id='line_1_7' title="bbox 158 1969 1194 2083; baseline 0.007 -25"><span class='ocrx_word' id='word_1_16' title='bbox 158 1969 237 2058; x_wconf 78' lang='lat' dir='ltr'><strong>Rara</strong></span> <span class='ocrx_word' id='word_1_17' title='bbox 248 2007 416 2078; x_wconf 71' lang='lat' dir='ltr'>pecuariam,</span> <span class='ocrx_word' id='word_1_18' title='bbox 427 2005 488 2060; x_wconf 89' lang='lat' dir='ltr'><strong>libri</strong></span> <span class='ocrx_word' id='word_1_19' title='bbox 502 2004 581 2076; x_wconf 84' lang='lat' dir='ltr'><strong>hujus</strong></span> <span class='ocrx_word' id='word_1_20' title='bbox 594 2006 746 2074; x_wconf 72' lang='lat' dir='ltr'><strong>materiam,</strong></span> <span class='ocrx_word' id='word_1_21' title='bbox 758 2008 899 2078; x_wconf 83' lang='lat' dir='ltr'><strong>proponit,</strong></span> <span class='ocrx_word' id='word_1_22' title='bbox 910 2007 999 2060; x_wconf 85' lang='lat' dir='ltr'><strong>Palem</strong></span> <span class='ocrx_word' id='word_1_23' title='bbox 1008 2021 1035 2062; x_wconf 96' lang='lat' dir='ltr'><strong>et</strong></span> <span class='ocrx_word' id='word_1_24' title='bbox 1042 2009 1194 2083; x_wconf 82' lang='lat' dir='ltr'><strong>Apollinem</strong></span> 
     </span>
     <span class='ocr_line' id='line_1_8' title="bbox 157 2085 1197 2163; baseline 0 -25"><span class='ocrx_word' id='word_1_25' title='bbox 157 2097 324 2150; x_wconf 64' lang='lat' dir='ltr'><strong>cantaturum</strong></span> <span class='ocrx_word' id='word_1_26' title='bbox 338 2099 365 2140; x_wconf 91' lang='lat' dir='ltr'><strong>et</strong></span> <span class='ocrx_word' id='word_1_27' title='bbox 377 2086 471 2158; x_wconf 89' lang='lat' dir='ltr'><strong>procul</strong></span> <span class='ocrx_word' id='word_1_28' title='bbox 487 2099 592 2138; x_wconf 82' lang='lat' dir='ltr'><strong>amovet</strong></span> <span class='ocrx_word' id='word_1_29' title='bbox 602 2085 724 2156; x_wconf 78' lang='lat' dir='ltr'><strong>vulgatas</strong></span> <span class='ocrx_word' id='word_1_30' title='bbox 738 2100 878 2158; x_wconf 87' lang='lat' dir='ltr'><strong>poetarum</strong></span> <span class='ocrx_word' id='word_1_31' title='bbox 891 2087 1011 2156; x_wconf 79' lang='lat' dir='ltr'><strong>fabulas,</strong></span> <span class='ocrx_word' id='word_1_32' title='bbox 1028 2107 1111 2163; x_wconf 80' lang='lat'><strong>1-9,</strong></span> <span class='ocrx_word' id='word_1_33' title='bbox 1130 2095 1197 2147; x_wconf 74' lang='lat' dir='ltr'><strong>Glo-</strong></span> 
     </span>
     <span class='ocr_line' id='line_1_9' title="bbox 157 2167 1196 2240; baseline 0.008 -23"><span class='ocrx_word' id='word_1_34' title='bbox 157 2168 240 2219; x_wconf 85' lang='lat' dir='ltr'><strong>riatur</strong></span> <span class='ocrx_word' id='word_1_35' title='bbox 258 2185 286 2221; x_wconf 90' lang='lat' dir='ltr'><strong>se</strong></span> <span class='ocrx_word' id='word_1_36' title='bbox 304 2170 419 2240; x_wconf 89' lang='lat' dir='ltr'><strong>primum</strong></span> <span class='ocrx_word' id='word_1_37' title='bbox 439 2169 508 2219; x_wconf 88' lang='lat' dir='ltr'><strong>inter</strong></span> <span class='ocrx_word' id='word_1_38' title='bbox 524 2167 633 2218; x_wconf 84' lang='lat' dir='ltr'><strong>Latinos</strong></span> <span class='ocrx_word' id='word_1_39' title='bbox 651 2168 709 2218; x_wconf 80' lang='lat' dir='ltr'><strong>iore</strong></span> <span class='ocrx_word' id='word_1_40' title='bbox 726 2168 771 2238; x_wconf 83' lang='lat' dir='ltr'><strong>qui</strong></span> <span class='ocrx_word' id='word_1_41' title='bbox 788 2167 905 2238; x_wconf 83' lang='lat' dir='ltr'><strong>palmam</strong></span> <span class='ocrx_word' id='word_1_42' title='bbox 921 2169 1054 2222; x_wconf 89' lang='lat' dir='ltr'><strong>condendi</strong></span> <span class='ocrx_word' id='word_1_43' title='bbox 1072 2177 1196 2228; x_wconf 83' lang='lat' dir='ltr'><strong>carminis</strong></span> 
     </span>
     <span class='ocr_line' id='line_1_10' title="bbox 157 2244 1220 2320; baseline 0.01 -24"><span class='ocrx_word' id='word_1_44' title='bbox 157 2246 268 2309; x_wconf 61' lang='lat' dir='ltr'><strong>referam</strong></span> <span class='ocrx_word' id='word_1_45' title='bbox 279 2251 354 2316; x_wconf 85' lang='lat' dir='ltr'><strong>cujus</strong></span> <span class='ocrx_word' id='word_1_46' title='bbox 365 2247 453 2299; x_wconf 84' lang='lat' dir='ltr'><strong>laudis</strong></span> <span class='ocrx_word' id='word_1_47' title='bbox 463 2259 678 2309; x_wconf 81' lang='lat' dir='ltr'><strong>monumentum,</strong></span> <span class='ocrx_word' id='word_1_48' title='bbox 691 2244 831 2296; x_wconf 69' lang='lat' dir='ltr'><strong>edificabit</strong></span> <span class='ocrx_word' id='word_1_49' title='bbox 845 2245 987 2316; x_wconf 88' lang='lat' dir='ltr'><strong>ternplum,</strong></span> <span class='ocrx_word' id='word_1_50' title='bbox 999 2248 1034 2300; x_wconf 92' lang='lat' dir='ltr'><strong>ad</strong></span> <span class='ocrx_word' id='word_1_51' title='bbox 1046 2252 1117 2320; x_wconf 90' lang='lat' dir='ltr'><strong>ripas</strong></span> <span class='ocrx_word' id='word_1_52' title='bbox 1129 2255 1197 2306; x_wconf 85' lang='lat' dir='ltr'><strong>Min·</strong></span> <span class='ocrx_word' id='word_1_53' title='bbox 1216 2300 1220 2319; x_wconf 83' lang='lat'><strong>,</strong></span> 
     </span>
     <span class='ocr_line' id='line_1_11' title="bbox 158 2323 1196 2395; baseline 0.007 -21"><span class='ocrx_word' id='word_1_54' title='bbox 158 2325 205 2388; x_wconf 88' lang='lat' dir='ltr'><strong>cii,</strong></span> <span class='ocrx_word' id='word_1_55' title='bbox 225 2327 331 2395; x_wconf 90' lang='lat' dir='ltr'><strong>paterni</strong></span> <span class='ocrx_word' id='word_1_56' title='bbox 346 2324 475 2389; x_wconf 83' lang='lat' dir='ltr'><strong>fluminis,</strong></span> <span class='ocrx_word' id='word_1_57' title='bbox 494 2323 615 2394; x_wconf 78' lang='lat' dir='ltr'><strong>Augusto</strong></span> <span class='ocrx_word' id='word_1_58' title='bbox 630 2335 828 2385; x_wconf 68' lang='lat' dir='ltr'><strong>consecratum</strong></span> <span class='ocrx_word' id='word_1_59' title='bbox 846 2324 873 2373; x_wconf 91' lang='lat' dir='ltr'><strong>in</strong></span> <span class='ocrx_word' id='word_1_60' title='bbox 887 2323 997 2376; x_wconf 72' lang='lat' dir='ltr'><strong>Caturia</strong></span> <span class='ocrx_word' id='word_1_61' title='bbox 1011 2324 1141 2380; x_wconf 86' lang='lat' dir='ltr'><strong>honorem</strong></span> <span class='ocrx_word' id='word_1_62' title='bbox 1157 2331 1196 2386; x_wconf 86' lang='lat' dir='ltr'><strong>ibi</strong></span> 
     </span>
     <span class='ocr_line' id='line_1_12' title="bbox 158 2401 1196 2475; baseline 0.011 -22"><span class='ocrx_word' id='word_1_63' title='bbox 158 2401 236 2455; x_wconf 84' lang='lat' dir='ltr'><strong>ludos</strong></span> <span class='ocrx_word' id='word_1_64' title='bbox 246 2417 382 2475; x_wconf 76' lang='lat' dir='ltr'>equestres</span> <span class='ocrx_word' id='word_1_65' title='bbox 392 2417 419 2456; x_wconf 93' lang='lat' dir='ltr'><strong>et</strong></span> <span class='ocrx_word' id='word_1_66' title='bbox 428 2403 573 2456; x_wconf 77' lang='lat' dir='ltr'><strong>theatrales</strong></span> <span class='ocrx_word' id='word_1_67' title='bbox 585 2404 717 2464; x_wconf 84' lang='lat' dir='ltr'><strong>instituet;</strong></span> <span class='ocrx_word' id='word_1_68' title='bbox 728 2403 877 2474; x_wconf 72' lang='lat' dir='ltr'><strong>desinitque</strong></span> <span class='ocrx_word' id='word_1_69' title='bbox 889 2405 916 2454; x_wconf 90' lang='lat' dir='ltr'><strong>in</strong></span> <span class='ocrx_word' id='word_1_70' title='bbox 928 2404 1045 2474; x_wconf 87' lang='lat' dir='ltr'><strong>picturas</strong></span> <span class='ocrx_word' id='word_1_71' title='bbox 1057 2419 1084 2460; x_wconf 88' lang='lat' dir='ltr'><strong>at</strong></span> <span class='ocrx_word' id='word_1_72' title='bbox 1095 2421 1196 2464; x_wconf 82' lang='lat' dir='ltr'><strong>statuas</strong></span> 
     </span>
     <span class='ocr_line' id='line_1_13' title="bbox 159 2481 1197 2560; baseline 0.005 -26"><span class='ocrx_word' id='word_1_73' title='bbox 159 2499 225 2552; x_wconf 85' lang='lat' dir='ltr'><strong>quas</strong></span> <span class='ocrx_word' id='word_1_74' title='bbox 238 2484 358 2536; x_wconf 79' lang='lat' dir='ltr'><strong>facturus</strong></span> <span class='ocrx_word' id='word_1_75' title='bbox 372 2495 412 2534; x_wconf 87' lang='lat' dir='ltr'><strong>est</strong></span> <span class='ocrx_word' id='word_1_76' title='bbox 427 2484 455 2534; x_wconf 88' lang='lat' dir='ltr'><strong>in</strong></span> <span class='ocrx_word' id='word_1_77' title='bbox 471 2483 563 2552; x_wconf 87' lang='lat' dir='ltr'><strong>templi</strong></span> <span class='ocrx_word' id='word_1_78' title='bbox 580 2481 698 2558; x_wconf 75' lang='lat' dir='ltr'><strong>foribus,</strong></span> <span class='ocrx_word' id='word_1_79' title='bbox 714 2494 769 2534; x_wconf 86' lang='lat' dir='ltr'><strong>turn</strong></span> <span class='ocrx_word' id='word_1_80' title='bbox 782 2481 816 2535; x_wconf 89' lang='lat' dir='ltr'><strong>ds</strong></span> <span class='ocrx_word' id='word_1_81' title='bbox 830 2482 910 2534; x_wconf 88' lang='lat' dir='ltr'><strong>rebus</strong></span> <span class='ocrx_word' id='word_1_82' title='bbox 922 2483 1033 2555; x_wconf 78' lang='lat' dir='ltr'><strong>Augusti</strong></span> <span class='ocrx_word' id='word_1_83' title='bbox 1047 2486 1118 2538; x_wconf 86' lang='lat' dir='ltr'><strong>hello</strong></span> <span class='ocrx_word' id='word_1_84' title='bbox 1130 2509 1197 2560; x_wconf 67' lang='lat' dir='ltr'><strong>pre-</strong></span> 
     </span>
     <span class='ocr_line' id='line_1_14' title="bbox 159 2560 1197 2635; baseline 0.013 -22"><span class='ocrx_word' id='word_1_85' title='bbox 159 2560 231 2614; x_wconf 88' lang='lat' dir='ltr'><strong>clare</strong></span> <span class='ocrx_word' id='word_1_86' title='bbox 249 2565 343 2635; x_wconf 85' lang='lat' dir='ltr'><strong>gestia,</strong></span> <span class='ocrx_word' id='word_1_87' title='bbox 359 2575 416 2614; x_wconf 89' lang='lat' dir='ltr'><strong>tum</strong></span> <span class='ocrx_word' id='word_1_88' title='bbox 431 2561 464 2614; x_wconf 94' lang='lat' dir='ltr'><strong>de</strong></span> <span class='ocrx_word' id='word_1_89' title='bbox 479 2563 694 2632; x_wconf 89' lang='lat' dir='ltr'><strong>progenitoribus</strong></span> <span class='ocrx_word' id='word_1_90' title='bbox 711 2563 796 2629; x_wconf 87' lang='lat' dir='ltr'><strong>illins,</strong></span> <span class='ocrx_word' id='word_1_91' title='bbox 818 2563 1148 2633; x_wconf 79' lang='lat' dir='ltr'><strong>10—39.1ndefavorem</strong></span> <span class='ocrx_word' id='word_1_92' title='bbox 1166 2592 1197 2626; x_wconf 89' lang='lat' dir='ltr'><strong>ac</strong></span> 
     </span>
     <span class='ocr_line' id='line_1_15' title="bbox 159 2641 1197 2718; baseline 0.012 -25"><span class='ocrx_word' id='word_1_93' title='bbox 159 2641 277 2695; x_wconf 84' lang='lat' dir='ltr'><strong>studium</strong></span> <span class='ocrx_word' id='word_1_94' title='bbox 286 2644 436 2696; x_wconf 71' lang='lat' dir='ltr'><strong>Maecenatis</strong></span> <span class='ocrx_word' id='word_1_95' title='bbox 449 2641 499 2693; x_wconf 85' lang='lat' dir='ltr'><strong>sibi</strong></span> <span class='ocrx_word' id='word_1_96' title='bbox 510 2643 624 2712; x_wconf 80' lang='lat' dir='ltr'><strong>expetit,</strong></span> <span class='ocrx_word' id='word_1_97' title='bbox 635 2660 688 2713; x_wconf 91' lang='lat' dir='ltr'><strong>qno</strong></span> <span class='ocrx_word' id='word_1_98' title='bbox 698 2642 810 2711; x_wconf 80' lang='lat' dir='ltr'><strong>jubente</strong></span> <span class='ocrx_word' id='word_1_99' title='bbox 820 2656 973 2714; x_wconf 84' lang='lat' dir='ltr'><strong>susceptum</strong></span> <span class='ocrx_word' id='word_1_100' title='bbox 982 2645 1010 2696; x_wconf 93' lang='lat' dir='ltr'><strong>id</strong></span> <span class='ocrx_word' id='word_1_101' title='bbox 1021 2651 1108 2718; x_wconf 88' lang='lat' dir='ltr'><strong>operis</strong></span> <span class='ocrx_word' id='word_1_102' title='bbox 1116 2651 1197 2706; x_wconf 80' lang='lat' dir='ltr'><strong>fuisse</strong></span> 
     </span>
     <span class='ocr_line' id='line_1_16' title="bbox 160 2722 1199 2792; baseline 0.012 -20"><span class='ocrx_word' id='word_1_103' title='bbox 160 2737 251 2772; x_wconf 86' lang='lat' dir='ltr'><strong>rursus</strong></span> <span class='ocrx_word' id='word_1_104' title='bbox 264 2733 387 2784; x_wconf 60' lang='lat' dir='ltr'><strong>testatum</strong></span> <span class='ocrx_word' id='word_1_105' title='bbox 403 2731 429 2774; x_wconf 88' lang='lat' dir='ltr'><strong>et</strong></span> <span class='ocrx_word' id='word_1_106' title='bbox 443 2722 574 2791; x_wconf 89' lang='lat' dir='ltr'><strong>promittit</strong></span> <span class='ocrx_word' id='word_1_107' title='bbox 588 2739 615 2774; x_wconf 88' lang='lat' dir='ltr'><strong>aa</strong></span> <span class='ocrx_word' id='word_1_108' title='bbox 628 2723 741 2792; x_wconf 85' lang='lat' dir='ltr'><strong>patriam</strong></span> <span class='ocrx_word' id='word_1_109' title='bbox 757 2735 783 2774; x_wconf 92' lang='lat' dir='ltr'><strong>et</strong></span> <span class='ocrx_word' id='word_1_110' title='bbox 797 2723 927 2776; x_wconf 70' lang='lat' dir='ltr'><strong>Cesaram</strong></span> <span class='ocrx_word' id='word_1_111' title='bbox 941 2722 1135 2780; x_wconf 78' lang='lat' dir='ltr'><strong>celebraturum</strong></span> <span class='ocrx_word' id='word_1_112' title='bbox 1149 2729 1199 2784; x_wconf 88' lang='lat' dir='ltr'><strong>bc-</strong></span> 
     </span>
     <span class='ocr_line' id='line_1_17' title="bbox 159 2801 1199 2874; baseline 0.013 -24"><span class='ocrx_word' id='word_1_113' title='bbox 159 2801 234 2853; x_wconf 88' lang='lat' dir='ltr'><strong>roico</strong></span> <span class='ocrx_word' id='word_1_114' title='bbox 249 2803 379 2868; x_wconf 88' lang='lat' dir='ltr'><strong>carmine,</strong></span> <span class='ocrx_word' id='word_1_115' title='bbox 392 2801 514 2868; x_wconf 73' lang='grc'>40-48.</span> <span class='ocrx_word' id='word_1_116' title='bbox 525 2803 621 2872; x_wconf 81' lang='lat' dir='ltr'><strong>Incipit</strong></span> <span class='ocrx_word' id='word_1_117' title='bbox 631 2803 718 2872; x_wconf 82' lang='lat' dir='ltr'><strong>primo</strong></span> <span class='ocrx_word' id='word_1_118' title='bbox 729 2819 791 2872; x_wconf 87' lang='lat' dir='ltr'><strong>pars</strong></span> <span class='ocrx_word' id='word_1_119' title='bbox 802 2801 836 2855; x_wconf 91' lang='lat' dir='ltr'><strong>de</strong></span> <span class='ocrx_word' id='word_1_120' title='bbox 849 2802 936 2854; x_wconf 84' lang='lat' dir='ltr'><strong>hobus</strong></span> <span class='ocrx_word' id='word_1_121' title='bbox 949 2814 976 2854; x_wconf 88' lang='lat' dir='ltr'><strong>et</strong></span> <span class='ocrx_word' id='word_1_122' title='bbox 987 2805 1062 2874; x_wconf 82' lang='lat' dir='ltr'><strong>equis</strong></span> <span class='ocrx_word' id='word_1_123' title='bbox 1074 2819 1100 2860; x_wconf 89' lang='lat' dir='ltr'><strong>et</strong></span> <span class='ocrx_word' id='word_1_124' title='bbox 1112 2807 1146 2860; x_wconf 89' lang='lat' dir='ltr'><strong>de</strong></span> <span class='ocrx_word' id='word_1_125' title='bbox 1157 2811 1199 2864; x_wconf 75' lang='lat' dir='ltr'><strong>fe-</strong></span> 
     </span>
     <span class='ocr_line' id='line_1_18' title="bbox 161 2881 1199 2961; baseline 0.012 -31"><span class='ocrx_word' id='word_1_126' title='bbox 161 2891 220 2934; x_wconf 89' lang='lat' dir='ltr'><strong>tura</strong></span> <span class='ocrx_word' id='word_1_127' title='bbox 231 2895 410 2936; x_wconf 85' lang='lat' dir='ltr'><strong>armentorum</strong></span> <span class='ocrx_word' id='word_1_128' title='bbox 422 2903 428 2932; x_wconf 83' lang='lat'><em>=</em></span> <span class='ocrx_word' id='word_1_129' title='bbox 441 2882 520 2934; x_wconf 90' lang='lat' dir='ltr'><strong>docet</strong></span> <span class='ocrx_word' id='word_1_130' title='bbox 535 2881 627 2934; x_wconf 84' lang='lat' dir='ltr'><strong>decern</strong></span> <span class='ocrx_word' id='word_1_131' title='bbox 642 2894 869 2935; x_wconf 77' lang='lat' dir='ltr'><strong>notasvaccarum</strong></span> <span class='ocrx_word' id='word_1_132' title='bbox 877 2919 886 2947; x_wconf 91' lang='lat'><strong>,</strong></span> <span class='ocrx_word' id='word_1_133' title='bbox 895 2899 960 2953; x_wconf 87' lang='lat' dir='ltr'><strong>quas</strong></span> <span class='ocrx_word' id='word_1_134' title='bbox 968 2897 997 2934; x_wconf 92' lang='lat' dir='ltr'><strong>ut</strong></span> <span class='ocrx_word' id='word_1_135' title='bbox 1009 2887 1123 2955; x_wconf 82' lang='lat' dir='ltr'><strong>optimas</strong></span> <span class='ocrx_word' id='word_1_136' title='bbox 1135 2908 1199 2961; x_wconf 88' lang='lat' dir='ltr'><strong>pru-</strong></span> 
     </span>
     <span class='ocr_line' id='line_1_19' title="bbox 160 2959 1198 3039; baseline 0.01 -28"><span class='ocrx_word' id='word_1_137' title='bbox 160 2959 221 3027; x_wconf 87' lang='lat' dir='ltr'><strong>hat,</strong></span> <span class='ocrx_word' id='word_1_138' title='bbox 240 2963 360 3030; x_wconf 72' lang='lat'>49-59.</span> <span class='ocrx_word' id='word_1_139' title='bbox 379 2963 452 3014; x_wconf 82' lang='lat' dir='ltr'><strong>AEtaa</strong></span> <span class='ocrx_word' id='word_1_140' title='bbox 470 2962 621 3016; x_wconf 73' lang='lat' dir='ltr'><strong>admissura</strong></span> <span class='ocrx_word' id='word_1_141' title='bbox 637 2961 768 3029; x_wconf 83' lang='lat' dir='ltr'><strong>habilior,</strong></span> <span class='ocrx_word' id='word_1_142' title='bbox 789 2963 911 3032; x_wconf 81' lang='lat'><strong>60-71.</strong></span> <span class='ocrx_word' id='word_1_143' title='bbox 933 2965 1039 3016; x_wconf 81' lang='lat' dir='ltr'><strong>Transit</strong></span> <span class='ocrx_word' id='word_1_144' title='bbox 1059 2966 1094 3018; x_wconf 93' lang='lat' dir='ltr'><strong>ad</strong></span> <span class='ocrx_word' id='word_1_145' title='bbox 1115 2986 1198 3039; x_wconf 89' lang='lat' dir='ltr'><strong>equos</strong></span> 
     </span>
     <span class='ocr_line' id='line_1_20' title="bbox 161 3039 1199 3114; baseline -0.001 -23"><span class='ocrx_word' id='word_1_146' title='bbox 161 3039 330 3092; x_wconf 72' lang='lat' dir='ltr'><strong>admissarius</strong></span> <span class='ocrx_word' id='word_1_147' title='bbox 343 3055 369 3092; x_wconf 90' lang='lat' dir='ltr'><strong>et</strong></span> <span class='ocrx_word' id='word_1_148' title='bbox 383 3041 485 3110; x_wconf 81' lang='lat' dir='ltr'><strong>pullos,</strong></span> <span class='ocrx_word' id='word_1_149' title='bbox 500 3061 613 3112; x_wconf 89' lang='lat' dir='ltr'><strong>quorum</strong></span> <span class='ocrx_word' id='word_1_150' title='bbox 624 3045 787 3113; x_wconf 68' lang='lat' dir='ltr'><strong>generositas</strong></span> <span class='ocrx_word' id='word_1_151' title='bbox 799 3054 907 3094; x_wconf 91' lang='lat' dir='ltr'><strong>notatur</strong></span> <span class='ocrx_word' id='word_1_152' title='bbox 921 3041 999 3094; x_wconf 84' lang='lat' dir='ltr'><strong>rebus</strong></span> <span class='ocrx_word' id='word_1_153' title='bbox 1013 3045 1144 3114; x_wconf 87' lang='lat' dir='ltr'><strong>quiuque;</strong></span> <span class='ocrx_word' id='word_1_154' title='bbox 1157 3049 1199 3102; x_wconf 69' lang='lat' dir='ltr'><strong>in.</strong></span> 
     </span>
     <span class='ocr_line' id='line_1_21' title="bbox 160 3119 1201 3193; baseline 0.005 -22"><span class='ocrx_word' id='word_1_155' title='bbox 160 3136 251 3184; x_wconf 85' lang='lat' dir='ltr'><strong>cessu,</strong></span> <span class='ocrx_word' id='word_1_156' title='bbox 266 3119 392 3184; x_wconf 88' lang='lat' dir='ltr'><strong>audacia,</strong></span> <span class='ocrx_word' id='word_1_157' title='bbox 404 3121 504 3184; x_wconf 79' lang='lat' dir='ltr'><strong>forma,</strong></span> <span class='ocrx_word' id='word_1_158' title='bbox 519 3121 624 3186; x_wconf 90' lang='lat' dir='ltr'><strong>colore,</strong></span> <span class='ocrx_word' id='word_1_159' title='bbox 636 3121 745 3183; x_wconf 86' lang='lat' dir='ltr'><strong>ardore;</strong></span> <span class='ocrx_word' id='word_1_160' title='bbox 758 3121 856 3193; x_wconf 88' lang='lat' dir='ltr'><strong>probat</strong></span> <span class='ocrx_word' id='word_1_161' title='bbox 868 3122 957 3172; x_wconf 88' lang='lat' dir='ltr'><strong>omnia</strong></span> <span class='ocrx_word' id='word_1_162' title='bbox 969 3123 1120 3176; x_wconf 85' lang='lat' dir='ltr'><strong>testimonio</strong></span> <span class='ocrx_word' id='word_1_163' title='bbox 1131 3127 1201 3182; x_wconf 83' lang='lat' dir='ltr'><strong>Deo-</strong></span> 
     </span>
     <span class='ocr_line' id='line_1_22' title="bbox 161 3199 1199 3270; baseline 0.011 -20"><span class='ocrx_word' id='word_1_164' title='bbox 161 3217 234 3264; x_wconf 89' lang='lat' dir='ltr'><strong>rum,</strong></span> <span class='ocrx_word' id='word_1_165' title='bbox 252 3211 332 3270; x_wconf 82' lang='lat' dir='ltr'><strong>atqua</strong></span> <span class='ocrx_word' id='word_1_166' title='bbox 349 3199 474 3266; x_wconf 86' lang='lat' dir='ltr'><strong>heroum,</strong></span> <span class='ocrx_word' id='word_1_167' title='bbox 494 3201 607 3269; x_wconf 70' lang='lat'>72-94.</span> <span class='ocrx_word' id='word_1_168' title='bbox 627 3200 762 3252; x_wconf 80' lang='lat' dir='ltr'><strong>Admouet</strong></span> <span class='ocrx_word' id='word_1_169' title='bbox 779 3219 878 3270; x_wconf 88' lang='lat' dir='ltr'><strong>equos,</strong></span> <span class='ocrx_word' id='word_1_170' title='bbox 896 3203 1063 3269; x_wconf 83' lang='lat' dir='ltr'><strong>generationi</strong></span> <span class='ocrx_word' id='word_1_171' title='bbox 1081 3217 1109 3256; x_wconf 87' lang='lat' dir='ltr'><strong>et</strong></span> <span class='ocrx_word' id='word_1_172' title='bbox 1126 3205 1199 3260; x_wconf 83' lang='lat' dir='ltr'><strong>bello</strong></span> 
     </span>
     <span class='ocr_line' id='line_1_23' title="bbox 161 3279 1200 3350; baseline 0.006 -20"><span class='ocrx_word' id='word_1_173' title='bbox 161 3280 266 3332; x_wconf 83' lang='lat' dir='ltr'><strong>inutiles</strong></span> <span class='ocrx_word' id='word_1_174' title='bbox 276 3291 386 3350; x_wconf 87' lang='lat' dir='ltr'><strong>propter</strong></span> <span class='ocrx_word' id='word_1_175' title='bbox 395 3279 517 3330; x_wconf 87' lang='lat' dir='ltr'><strong>morbum</strong></span> <span class='ocrx_word' id='word_1_176' title='bbox 524 3279 565 3330; x_wconf 79' lang='lat' dir='ltr'><strong>vel</strong></span> <span class='ocrx_word' id='word_1_177' title='bbox 573 3292 736 3332; x_wconf 81' lang='lat' dir='ltr'><strong>senectutem</strong></span> <span class='ocrx_word' id='word_1_178' title='bbox 744 3281 843 3345; x_wconf 82' lang='lat' dir='ltr'><strong>factos,</strong></span> <span class='ocrx_word' id='word_1_179' title='bbox 854 3279 1006 3330; x_wconf 84' lang='lat' dir='ltr'><strong>humaniter</strong></span> <span class='ocrx_word' id='word_1_180' title='bbox 1013 3283 1160 3350; x_wconf 87' lang='lat' dir='ltr'><strong>curandos,</strong></span> <span class='ocrx_word' id='word_1_181' title='bbox 1173 3301 1200 3342; x_wconf 85' lang='lat' dir='ltr'><strong>et</strong></span> 
     </span>
     <span class='ocr_line' id='line_1_24' title="bbox 163 3357 1200 3430; baseline 0.006 -20"><span class='ocrx_word' id='word_1_182' title='bbox 163 3357 341 3428; x_wconf 87' lang='lat' dir='ltr'><strong>inspiciendas</strong></span> <span class='ocrx_word' id='word_1_183' title='bbox 356 3360 502 3430; x_wconf 78' lang='lat' dir='ltr'><strong>prasertim</strong></span> <span class='ocrx_word' id='word_1_184' title='bbox 516 3357 593 3410; x_wconf 84' lang='lat' dir='ltr'><strong>dotes</strong></span> <span class='ocrx_word' id='word_1_185' title='bbox 608 3359 704 3430; x_wconf 87' lang='lat' dir='ltr'><strong>quibus</strong></span> <span class='ocrx_word' id='word_1_186' title='bbox 721 3359 822 3430; x_wconf 77' lang='lat' dir='ltr'><strong>vigent3</strong></span> <span class='ocrx_word' id='word_1_187' title='bbox 842 3357 906 3408; x_wconf 87' lang='lat' dir='ltr'><strong>hinc</strong></span> <span class='ocrx_word' id='word_1_188' title='bbox 920 3360 1033 3410; x_wconf 83' lang='lat' dir='ltr'><strong>excurrit</strong></span> <span class='ocrx_word' id='word_1_189' title='bbox 1047 3364 1151 3430; x_wconf 87' lang='lat' dir='ltr'><strong>poetice</strong></span> <span class='ocrx_word' id='word_1_190' title='bbox 1166 3367 1200 3420; x_wconf 82' lang='lat' dir='ltr'><strong>ad</strong></span> 
     </span>
     <span class='ocr_line' id='line_1_25' title="bbox 164 3433 1202 3508; baseline 0.006 -21"><span class='ocrx_word' id='word_1_191' title='bbox 164 3435 370 3507; x_wconf 85' lang='lat' dir='ltr'><strong>descriptionem</strong></span> <span class='ocrx_word' id='word_1_192' title='bbox 382 3439 513 3508; x_wconf 84' lang='lat' dir='ltr'><strong>equestris</strong></span> <span class='ocrx_word' id='word_1_193' title='bbox 528 3454 634 3502; x_wconf 88' lang='lat' dir='ltr'><strong>cursus,</strong></span> <span class='ocrx_word' id='word_1_194' title='bbox 649 3435 788 3506; x_wconf 83' lang='lat'><strong>95-112.</strong></span> <span class='ocrx_word' id='word_1_195' title='bbox 801 3433 988 3486; x_wconf 83' lang='lat' dir='ltr'><strong>Erichthonius</strong></span> <span class='ocrx_word' id='word_1_196' title='bbox 1002 3438 1103 3507; x_wconf 88' lang='lat' dir='ltr'><strong>primus</strong></span> <span class='ocrx_word' id='word_1_197' title='bbox 1113 3443 1202 3508; x_wconf 82' lang='lat' dir='ltr'><strong>junxit</strong></span> 
     </span>
     <span class='ocr_line' id='line_1_26' title="bbox 165 3513 1201 3589; baseline 0.006 -19"><span class='ocrx_word' id='word_1_198' title='bbox 165 3533 248 3588; x_wconf 87' lang='lat' dir='ltr'><strong>equos</strong></span> <span class='ocrx_word' id='word_1_199' title='bbox 260 3519 363 3580; x_wconf 73' lang='lat' dir='ltr'><strong>eurr-ui3</strong></span> <span class='ocrx_word' id='word_1_200' title='bbox 380 3519 459 3589; x_wconf 91' lang='lat' dir='ltr'><strong>primi</strong></span> <span class='ocrx_word' id='word_1_201' title='bbox 471 3517 590 3589; x_wconf 82' lang='lat' dir='ltr'><strong>Lapithae</strong></span> <span class='ocrx_word' id='word_1_202' title='bbox 601 3515 748 3568; x_wconf 81' lang='lat' dir='ltr'><strong>educavere</strong></span> <span class='ocrx_word' id='word_1_203' title='bbox 761 3515 795 3568; x_wconf 91' lang='lat' dir='ltr'><strong>ad</strong></span> <span class='ocrx_word' id='word_1_204' title='bbox 809 3533 887 3588; x_wconf 75' lang='lat' dir='ltr'><strong>gyros</strong></span> <span class='ocrx_word' id='word_1_205' title='bbox 899 3513 1039 3579; x_wconf 55' lang='lat' dir='ltr'><strong>militarem</strong></span> <span class='ocrx_word' id='word_1_206' title='bbox 1055 3518 1089 3570; x_wconf 89' lang='lat' dir='ltr'><strong>ad</strong></span> <span class='ocrx_word' id='word_1_207' title='bbox 1102 3533 1201 3576; x_wconf 91' lang='lat' dir='ltr'><strong>utrurn-</strong></span> 
     </span>
     <span class='ocr_line' id='line_1_27' title="bbox 166 3597 1265 3672; baseline 0.008 -24"><span class='ocrx_word' id='word_1_208' title='bbox 166 3615 217 3668; x_wconf 87' lang='lat' dir='ltr'><strong>que</strong></span> <span class='ocrx_word' id='word_1_209' title='bbox 233 3597 353 3648; x_wconf 85' lang='lat' dir='ltr'><strong>laborem</strong></span> <span class='ocrx_word' id='word_1_210' title='bbox 366 3597 510 3670; x_wconf 88' lang='lat' dir='ltr'><strong>plurimum</strong></span> <span class='ocrx_word' id='word_1_211' title='bbox 524 3597 595 3650; x_wconf 79' lang='lat' dir='ltr'><strong>salet</strong></span> <span class='ocrx_word' id='word_1_212' title='bbox 610 3615 693 3670; x_wconf 87' lang='lat' dir='ltr'><strong>equus</strong></span> <span class='ocrx_word' id='word_1_213' title='bbox 704 3599 824 3666; x_wconf 81' lang='lat' dir='ltr'><strong>juvenis,</strong></span> <span class='ocrx_word' id='word_1_214' title='bbox 844 3597 996 3650; x_wconf 75' lang='lat'>113-122.</span> <span class='ocrx_word' id='word_1_215' title='bbox 1016 3599 1120 3653; x_wconf 86' lang='lat' dir='ltr'><strong>Taurus</strong></span> <span class='ocrx_word' id='word_1_216' title='bbox 1139 3617 1201 3660; x_wconf 87' lang='lat' dir='ltr'><strong>ante</strong></span> <span class='ocrx_word' id='word_1_217' title='bbox 1256 3657 1265 3672; x_wconf 77' lang='grc'><strong>,</strong></span> 
     </span>
     <span class='ocr_line' id='line_1_28' title="bbox 166 3675 1201 3752; baseline 0.008 -22"><span class='ocrx_word' id='word_1_218' title='bbox 166 3675 339 3730; x_wconf 84' lang='lat' dir='ltr'><strong>admissuram</strong></span> <span class='ocrx_word' id='word_1_219' title='bbox 351 3678 527 3752; x_wconf 68' lang='lat' dir='ltr'><strong>raginaudus,</strong></span> <span class='ocrx_word' id='word_1_220' title='bbox 544 3696 631 3730; x_wconf 80' lang='lat' dir='ltr'><strong>vaccar</strong></span> <span class='ocrx_word' id='word_1_221' title='bbox 646 3677 824 3739; x_wconf 82' lang='lat' dir='ltr'><strong>macerandae;</strong></span> <span class='ocrx_word' id='word_1_222' title='bbox 842 3675 889 3728; x_wconf 90' lang='lat' dir='ltr'><strong>sed</strong></span> <span class='ocrx_word' id='word_1_223' title='bbox 900 3689 961 3746; x_wconf 87' lang='lat' dir='ltr'><strong>post</strong></span> <span class='ocrx_word' id='word_1_224' title='bbox 972 3676 1043 3730; x_wconf 84' lang='lat' dir='ltr'><strong>illam</strong></span> <span class='ocrx_word' id='word_1_225' title='bbox 1059 3680 1114 3732; x_wconf 82' lang='lat' dir='ltr'><strong>istae</strong></span> <span class='ocrx_word' id='word_1_226' title='bbox 1128 3687 1201 3738; x_wconf 91' lang='lat' dir='ltr'><strong>omni</strong></span> 
     </span>
     <span class='ocr_line' id='line_1_29' title="bbox 165 3755 1204 3831; baseline 0.009 -23"><span class='ocrx_word' id='word_1_227' title='bbox 165 3773 228 3808; x_wconf 89' lang='lat' dir='ltr'><strong>cura</strong></span> <span class='ocrx_word' id='word_1_228' title='bbox 239 3755 373 3822; x_wconf 75' lang='lat' dir='ltr'><strong>fovenda,</strong></span> <span class='ocrx_word' id='word_1_229' title='bbox 386 3757 475 3810; x_wconf 80' lang='lat'>123-</span> <span class='ocrx_word' id='word_1_230' title='bbox 484 3755 540 3824; x_wconf 74' lang='grc'>145.</span> <span class='ocrx_word' id='word_1_231' title='bbox 548 3757 590 3809; x_wconf 80' lang='lat' dir='ltr'><strong>Ab</strong></span> <span class='ocrx_word' id='word_1_232' title='bbox 598 3757 713 3830; x_wconf 80' lang='lat' dir='ltr'><strong>gravidis</strong></span> <span class='ocrx_word' id='word_1_233' title='bbox 722 3760 809 3809; x_wconf 80' lang='lat' dir='ltr'><strong>vaccis</strong></span> <span class='ocrx_word' id='word_1_234' title='bbox 818 3755 948 3808; x_wconf 86' lang='lat' dir='ltr'><strong>arcendus</strong></span> <span class='ocrx_word' id='word_1_235' title='bbox 956 3757 1074 3823; x_wconf 81' lang='lat' dir='ltr'><strong>tabanus,</strong></span> <span class='ocrx_word' id='word_1_236' title='bbox 1086 3763 1132 3831; x_wconf 92' lang='lat' dir='ltr'><strong>qui</strong></span> <span class='ocrx_word' id='word_1_237' title='bbox 1141 3763 1204 3818; x_wconf 86' lang='lat' dir='ltr'><strong>inde</strong></span> 
     </span>
     <span class='ocr_line' id='line_1_30' title="bbox 166 3833 1202 3908; baseline 0.006 -22"><span class='ocrx_word' id='word_1_238' title='bbox 166 3833 334 3900; x_wconf 77' lang='lat' dir='ltr'><strong>describitur,</strong></span> <span class='ocrx_word' id='word_1_239' title='bbox 351 3834 493 3901; x_wconf 73' lang='lat'>146—156.</span> <span class='ocrx_word' id='word_1_240' title='bbox 507 3838 569 3887; x_wconf 88' lang='lat' dir='ltr'><strong>Post</strong></span> <span class='ocrx_word' id='word_1_241' title='bbox 582 3849 703 3908; x_wconf 85' lang='lat' dir='ltr'><strong>partum,</strong></span> <span class='ocrx_word' id='word_1_242' title='bbox 716 3849 771 3888; x_wconf 85' lang='lat' dir='ltr'><strong>tcta</strong></span> <span class='ocrx_word' id='word_1_243' title='bbox 785 3855 849 3888; x_wconf 89' lang='lat' dir='ltr'><strong>cura</strong></span> <span class='ocrx_word' id='word_1_244' title='bbox 863 3835 1042 3906; x_wconf 90' lang='lat' dir='ltr'><strong>impendenda</strong></span> <span class='ocrx_word' id='word_1_245' title='bbox 1051 3850 1091 3889; x_wconf 88' lang='lat' dir='ltr'><strong>cst</strong></span> <span class='ocrx_word' id='word_1_246' title='bbox 1100 3839 1202 3908; x_wconf 81' lang='lat' dir='ltr'><strong>vitulis,</strong></span> 
     </span>
     <span class='ocr_line' id='line_1_31' title="bbox 168 3913 1205 3989; baseline 0.006 -24"><span class='ocrx_word' id='word_1_247' title='bbox 168 3931 280 3984; x_wconf 87' lang='lat' dir='ltr'><strong>quorum</strong></span> <span class='ocrx_word' id='word_1_248' title='bbox 293 3915 386 3986; x_wconf 82' lang='lat' dir='ltr'><strong>triplex</strong></span> <span class='ocrx_word' id='word_1_249' title='bbox 400 3933 483 3987; x_wconf 82' lang='lat' dir='ltr'><strong>genus</strong></span> <span class='ocrx_word' id='word_1_250' title='bbox 501 3917 617 3988; x_wconf 76' lang='lat' dir='ltr'><strong>assignat</strong></span> <span class='ocrx_word' id='word_1_251' title='bbox 631 3929 726 3989; x_wconf 84' lang='lat' dir='ltr'><strong>poeta,</strong></span> <span class='ocrx_word' id='word_1_252' title='bbox 739 3927 765 3967; x_wconf 90' lang='lat' dir='ltr'><strong>et</strong></span> <span class='ocrx_word' id='word_1_253' title='bbox 777 3915 830 3968; x_wconf 85' lang='lat' dir='ltr'><strong>late</strong></span> <span class='ocrx_word' id='word_1_254' title='bbox 845 3914 950 3968; x_wconf 83' lang='lat' dir='ltr'><strong>disserit</strong></span> <span class='ocrx_word' id='word_1_255' title='bbox 964 3913 998 3966; x_wconf 94' lang='lat' dir='ltr'><strong>de</strong></span> <span class='ocrx_word' id='word_1_256' title='bbox 1011 3913 1205 3971; x_wconf 85' lang='lat' dir='ltr'><strong>illorumdomi·</strong></span> 
     </span>
     <span class='ocr_line' id='line_1_32' title="bbox 166 3993 1205 4068; baseline 0.009 -25"><span class='ocrx_word' id='word_1_257' title='bbox 166 4003 240 4060; x_wconf 89' lang='lat' dir='ltr'><strong>tura,</strong></span> <span class='ocrx_word' id='word_1_258' title='bbox 256 3993 409 4066; x_wconf 80' lang='lat'><strong>157-178.</strong></span> <span class='ocrx_word' id='word_1_259' title='bbox 423 3997 545 4050; x_wconf 82' lang='lat' dir='ltr'><strong>Recurrit</strong></span> <span class='ocrx_word' id='word_1_260' title='bbox 557 3995 592 4048; x_wconf 90' lang='lat' dir='ltr'><strong>ad</strong></span> <span class='ocrx_word' id='word_1_261' title='bbox 605 3995 691 4068; x_wconf 85' lang='lat' dir='ltr'><strong>pullus</strong></span> <span class='ocrx_word' id='word_1_262' title='bbox 702 4012 845 4067; x_wconf 85' lang='lat' dir='ltr'><strong>equorum,</strong></span> <span class='ocrx_word' id='word_1_263' title='bbox 858 4007 885 4047; x_wconf 91' lang='lat' dir='ltr'><strong>et</strong></span> <span class='ocrx_word' id='word_1_264' title='bbox 894 3994 973 4047; x_wconf 89' lang='lat' dir='ltr'><strong>docet</strong></span> <span class='ocrx_word' id='word_1_265' title='bbox 983 3997 1021 4046; x_wconf 90' lang='lat' dir='ltr'><strong>uti</strong></span> <span class='ocrx_word' id='word_1_266' title='bbox 1034 3997 1061 4048; x_wconf 91' lang='lat' dir='ltr'><strong>in</strong></span> <span class='ocrx_word' id='word_1_267' title='bbox 1073 3999 1205 4052; x_wconf 85' lang='lat' dir='ltr'><strong>teneriore</strong></span> 
     </span>
     <span class='ocr_line' id='line_1_33' title="bbox 166 4073 1206 4147; baseline 0.007 -22"><span class='ocrx_word' id='word_1_268' title='bbox 166 4082 243 4126; x_wconf 82' lang='lat' dir='ltr'><strong>aetate</strong></span> <span class='ocrx_word' id='word_1_269' title='bbox 258 4073 400 4132; x_wconf 84' lang='lat' dir='ltr'><strong>erudiendi</strong></span> <span class='ocrx_word' id='word_1_270' title='bbox 415 4078 483 4146; x_wconf 82' lang='lat' dir='ltr'><strong>sint,</strong></span> <span class='ocrx_word' id='word_1_271' title='bbox 500 4073 628 4134; x_wconf 81' lang='lat' dir='ltr'><strong>domandi</strong></span> <span class='ocrx_word' id='word_1_272' title='bbox 643 4076 672 4130; x_wconf 89' lang='lat' dir='ltr'><strong>iu</strong></span> <span class='ocrx_word' id='word_1_273' title='bbox 688 4076 852 4144; x_wconf 79' lang='lat' dir='ltr'><strong>robustiore,</strong></span> <span class='ocrx_word' id='word_1_274' title='bbox 871 4085 900 4128; x_wconf 91' lang='lat' dir='ltr'><strong>ut</strong></span> <span class='ocrx_word' id='word_1_275' title='bbox 915 4073 972 4147; x_wconf 83' lang='lat' dir='ltr'><strong>epti</strong></span> <span class='ocrx_word' id='word_1_276' title='bbox 985 4076 1037 4128; x_wconf 85' lang='lat' dir='ltr'><strong>sint</strong></span> <span class='ocrx_word' id='word_1_277' title='bbox 1050 4087 1077 4128; x_wconf 88' lang='lat' dir='ltr'><strong>et</strong></span> <span class='ocrx_word' id='word_1_278' title='bbox 1087 4073 1164 4128; x_wconf 79' lang='lat' dir='ltr'><strong>bellis</strong></span> <span class='ocrx_word' id='word_1_279' title='bbox 1178 4088 1206 4132; x_wconf 87' lang='lat' dir='ltr'><strong>et</strong></span> 
     </span>
    </p>
   </div>
   <div class='ocr_carea' id='block_1_6' title="bbox 0 0 1484 4682">
    <p class='ocr_par' dir='ltr' id='par_1_6' title="bbox 0 0 1484 4682">
     <span class='ocr_line' id='line_1_34' title="bbox 0 0 1484 4682; baseline 0 0"><span class='ocrx_word' id='word_1_280' title='bbox 0 0 1484 4682; x_wconf 95' lang='lat' dir='ltr'><strong> </strong></span> 
     </span>
    </p>
   </div>
  </div>
 </body>
</html>
