2964 4690
592 366 989 438 contentionum*

643 579 924 642 EXPLIGATIO.

305 805 331 845 ι.
348 785 488 865 Accingit
503 804 535 844 ee
550 783 699 862 Virgilius
713 781 752 842 ad
765 784 936 846 canendam
947 786 1099 848 Damonis
1115 789 1253 862 Musam,
1269 799 1301 849 et

261 871 470 955 Alphesiboei:
483 893 616 955 quorum
629 874 661 932 in
673 873 820 934 certando
831 888 919 936 tanta
931 874 993 936 fuit
1004 878 1155 952 suavitas,
1168 891 1251 936 tanta
1265 879 1298 937 in

262 961 405 1022 canendo
421 961 611 1038 modulatio,
630 976 665 1023 ut
677 961 808 1043 juvenco
826 976 856 1023 et
869 963 977 1046 lynces
992 967 1085 1026 etiam
1098 967 1301 1026 attentissime

262 1049 333 1110 illos
344 1049 501 1124 audirent3
514 1041 568 1110 illa
577 1047 820 1125 admirabunda,
833 1063 864 1111 et
874 1053 1026 1134 pastionis
1037 1050 1151 1129 oblita,
1162 1056 1228 1114 istae
1239 1069 1302 1114 stu·

261 1157 338 1220 pore
350 1151 514 1219 correptae:
534 1140 611 1220 quin
629 1139 723 1198 etiam
737 1137 865 1198 flumina
881 1153 1043 1200 mutarunt
1054 1140 1173 1216 locum,
1190 1142 1301 1222 inquo

262 1225 350 1306 prius
367 1225 519 1301 linebant,
538 1239 572 1285 ut
588 1225 659 1286 illos
676 1238 832 1286 cantantes
848 1239 1063 1308 sequerentur,
1082 1225 1121 1285 ad
1137 1245 1300 1308 quoscum

261 1310 327 1390 jam
339 1331 517 1393 pervenere,
528 1314 746 1372 continuerunt
757 1333 876 1389 cursus,
887 1327 921 1373 ut
931 1314 1091 1375 audirent:
1102 1333 1186 1395 ergo,
1197 1311 1302 1372 andio-

263 1419 333 1458 mus
346 1412 409 1459 tam
421 1421 550 1476 novam,
563 1400 750 1476 inauditam,
764 1402 945 1462 inusitatam
957 1403 1078 1462 Musam
1091 1415 1261 1483 pastorum.

303 1489 332 1548 6.
346 1491 441 1550 Poeta
453 1502 542 1572 rogat
551 1491 683 1571 gratiam
697 1503 727 1550 ct
739 1490 920 1570 presidium
933 1488 1103 1565 Pollionis,
1113 1489 1303 1570 ubicumque

263 1588 416 1636 terrarum
431 1579 485 1652 sit,
500 1579 564 1637 sive
576 1579 697 1638 Timeri
712 1579 860 1659 scopulos
874 1592 1013 1661 superet,
1027 1581 1090 1639 sive
1103 1578 1195 1638 litore
1207 1579 1304 1637 maris

264 1661 379 1744 lllyrici
401 1663 661 1748 praeterrehstur:
681 1667 816 1726 ostendit
834 1681 949 1746 quanta
968 1665 1114 1750 cupidine
1133 1665 1238 1726 ardeat
1256 1674 1305 1724 tot

263 1749 372 1812 londes
383 1752 570 1815 canendi...
585 1757 726 1815 renietne
739 1754 803 1814 dies
817 1753 870 1813 ille
884 1752 961 1814 mihi
973 1755 1097 1835 jamdiu
1111 1767 1304 1836 expectatus,

263 1859 327 1920 quo
344 1840 437 1902 licent
452 1855 504 1902 tun
520 1843 668 1924 praeclore
684 1855 768 1924 geste
788 1840 960 1901 celebrare?
979 1840 1120 1902 oderitne
1136 1838 1213 1900 milri
1230 1859 1304 1899 mox

263 1930 383 1988 occasio
397 1931 485 1990 toties
500 1942 660 2011 exoptato,
680 1949 740 2011 qua
752 1929 868 2011 possim
880 1949 936 2011 per
949 1942 1044 1988 terroe
1055 1947 1164 1988 omnes
1176 1925 1305 2008 vulgare

263 2029 388 2076 tuarum
406 2018 626 2098 tragoediarum
644 2021 797 2094 carmina,
816 2037 884 2098 quic
903 2017 969 2076 sola
987 2035 1023 2076 ex
1042 2011 1190 2077 Romanis
1202 2015 1304 2095 'digna

264 2117 338 2162 sunt
357 2103 522 2188 Sophoclei
542 2105 689 2167 cothurni
710 2103 886 2186 majestate?
908 2106 1022 2165 interea
1041 2103 1129 2162 Musa
1148 2121 1216 2161 meo
1235 2121 1304 2182 quae

264 2195 399 2278 sumpsit
415 2215 433 2255 a
451 2195 512 2260 tuis
525 2195 671 2259 leudibus
689 2195 830 2272 initium,
847 2193 954 2260 cadem
967 2195 999 2256 in
1011 2193 1087 2278 ipsis
1099 2191 1217 2252 desinet
1223 2215 1231 2268 ;
1247 2189 1305 2252 hoe

715 2386 850 2448 NOTAE.

303 2570 325 2604 r.
345 2553 483 2606 Pastorum
502 2555 608 2608 Mosam
623 2557 761 2610 Damonis.
807 2573 857 2626 per
872 2551 1061 2627 sitingenium
1076 2566 1164 2604 menen
1180 2543 1305 2600 leudibus

265 2629 344 2702 Apud
356 2633 528 2687 Theocritum
540 2649 580 2690 eet
591 2637 762 2710 unsveologn,
808 2635 859 2686 tuis
869 2653 875 2683 ε
886 2651 948 2686 nem
959 2643 1010 2684 tue
1019 2628 1305 2684 lendeemerenturex-

258 2709 323 2782 'que
344 2711 496 2783 appelletur
517 2713 711 2784 φιρμωᾶσμις
734 2717 762 2767 in
807 2713 887 2785 primi
894 2709 1044 2784 Sophocleo
1053 2721 1155 2762 tanturn
1163 2705 1305 2769 cothurno,

266 2809 320 2860 que
331 2789 466 2844 inducitur
477 2793 573 2848 mulier
584 2793 706 2867 quedem
718 2812 762 2847 se·
807 2792 835 2844 id
843 2805 897 2860 est,
907 2789 1013 2844 sublimi
1021 2787 1189 2852 charactere,
1199 2786 1307 2858 etgrari

264 2869 763 2944 erisquibnsdnmpervertenementem
807 2872 892 2946 stylo,
903 2871 989 2943 qualis
1001 2867 1141 2941 tragediae
1153 2866 1239 2921 decet.
1255 2863 1305 2919 So-
1331 2883 1335 2896 ·

265 2951 762 3026 amatorie,eqnospernebstnr:qnam
808 2951 918 3024 phoclee
937 2953 1008 3004 enim
1027 2947 1208 3012 Atheniensis,
1226 2947 1308 3018 tregi-

264 3028 655 3104 Virgilinstrenetulitedhujue
663 3033 762 3106 eclogoe
808 3049 901 3084 corum
908 3032 1033 3102 princeps
1041 3027 1161 3081 exhibuit
1174 3026 1221 3078 123
1231 3024 1308 3077 labu-

264 3109 384 3162 nltimcm
396 3123 508 3182 partem.
523 3113 613 3165 Priore
623 3114 693 3166 enirn
705 3115 764 3182 ejus
807 3111 862 3178 lot,
878 3111 906 3164 in
924 3109 1021 3181 quibus
1033 3121 1074 3160 ter
1087 3121 1113 3160 et
1125 3108 1205 3159 vicies
1219 3107 1305 3157 ricto-

263 3207 326 3259 port
339 3193 558 3262 conquestionem
570 3193 655 3245 solum
666 3192 763 3259 habet,
807 3191 874 3244 riom
898 3189 1009 3250 retulit;
1034 3205 1147 3259 querum
1172 3197 1305 3256 postrema

265 3271 390 3322 amatoris
402 3269 523 3343 deceptu
540 3290 620 3344 quem
635 3272 763 3326 nubendo
806 3288 890 3341 quun
903 3271 928 3322 ci
942 3282 1037 3340 preter
1051 3284 1126 3337 spem
1137 3265 1306 3335 contigisset,

264 3349 356 3416 alteri,
374 3351 485 3422 antique
503 3369 602 3422 sponsa
619 3353 762 3406 fefellerat.
807 3351 948 3422 repentino
969 3345 1069 3420 gaudio
1090 3344 1227 3416 expiravit.
1252 3343 1305 3395 Alii

264 3433 294 3482 ln
312 3449 344 3482 en
357 3445 481 3483 narentur
495 3434 576 3485 etism
586 3435 763 3505 principium,
808 3429 870 3484 ideo
888 3428 941 3482 hoc
954 3428 988 3481 de
1005 3424 1124 3478 Pollione
1141 3424 1241 3477 dictum
1257 3439 1306 3474 ro·

264 3521 291 3558 et
303 3509 379 3578 origo
389 3511 501 3574 emor-ie,
514 3512 764 3580 quitocuu'rheo-
807 3508 880 3575 lunt,
898 3505 971 3578 quod
985 3505 1083 3576 etipse
1098 3505 1237 3572 utriusque
1252 3501 1306 3554 lin-

264 3588 331 3637 crito
342 3588 414 3637 circs
425 3585 504 3639 finem
516 3599 654 3641 tractetur.
807 3602 866 3657 pue
887 3583 1089 3657 Trsgtedierum
1109 3581 1225 3652 scriptor
1246 3581 1306 3632 luit.

299 3679 325 3732 9.
333 3663 763 3734 Enerir.1·:eeejsmaderie1tem,
809 3662 957 3716 cothurnus
981 3674 1070 3714 entem
1097 3659 1306 3715 calceamentum

264 3761 314 3807 en,
324 3759 407 3792 unum
418 3745 536 3813 optantis
548 3757 601 3806 est;
614 3757 657 3812 ut,
669 3763 701 3796 en
714 3746 766 3797 erit
808 3744 951 3814 tragicum,
963 3741 1039 3810 cujus
1051 3757 1128 3792 usum
1141 3737 1249 3810 qnidam
1258 3737 1306 3790 So·

265 3819 312 3874 ille
330 3820 397 3882 dien·
416 3820 489 3872 alind
508 3819 702 3885 confirmantia
719 3835 762 3890 ut,
807 3820 932 3893 phoclem
948 3822 1065 3892 primurn
1083 3835 1169 3871 scente
1186 3819 1306 3874 intulisse

265 3921 298 3954 en
307 3898 371 3964 erit,
384 3909 415 3950 ut
426 3895 511 3950 liceat.
526 3899 597 3954 Serv.
807 3900 909 3953 volunt.

301 3996 340 4032 ιο.
355 3977 418 4030 Solo
429 3977 574 4049 Sophocleo
587 3990 631 4032 tuo
643 3983 763 4033 cannino
847 3996 885 4034 rr.
894 3979 919 4032 A
925 3978 1118 4051 teprincipinm
1128 4000 1136 4028 .·
1146 3977 1305 4032 tilidesinet.

265 4063 289 4115 d.
303 4079 324 4111 c.
338 4061 376 4111 sle
388 4060 408 4110 si
419 4056 763 4132 ‹liceret,quernqnamim·
806 4058 848 4112 Sic
865 4073 891 4110 et
910 4059 1054 4124 Homerus,
1079 4057 1100 4112 ir
1119 4078 1155 4109 en
1169 4053 1212 4125 pir
1229 4055 1306 4128 λέξο,
