3000 4674
478 439 529 506 IN
554 437 802 504 ECLOGAM
825 441 899 506 111.
1149 455 1212 545 ²59

169 558 483 636 Damoeta,etaifntim
491 559 635 620 indoctus
646 584 654 634 ;
667 561 710 620 ita
718 564 838 622 miseret
846 563 1021 644 imperitus,
1029 574 1214 636 uttesriden-

175 663 230 710 trm
245 649 462 712 circulatorem
475 665 636 731 praetereat
645 663 886 732 contemnatque
899 655 1078 737 imperitum
1092 662 1215 746 vulgus.

209 741 256 806 28.
270 739 441 799 Occasione
453 753 589 820 acceptae
602 735 725 816 injuriae
739 739 899 800 Damoetas
914 742 1126 808 adversarium
1140 773 1213 833 pro·

171 841 263 886 vocat
276 825 314 886 ad
328 841 486 886 certamen
502 840 620 886 cantus.
632 827 695 899 Tu,
710 826 764 906 qui
780 845 831 886 me
846 833 1034 908 contemnis,
1053 837 1108 915 qui
1121 839 1217 899 victo·

170 917 251 976 riam
273 937 392 992 meam,
410 932 441 977 et
459 918 580 976 Musam
603 915 720 990 elevas,
744 917 790 990 vis
809 919 1008 998 experiamur
1025 924 1162 986 vicissim
1184 950 1217 989 re

166 1009 247 1087 ipsa,
259 1027 332 1067 nam
343 1027 493 1088 quorsum
501 1004 612 1066 rerba?
622 1004 697 1086 quid
712 1020 841 1087 uterque
850 1023 993 1069 nostrum
1002 1016 1102 1092 possit
1112 1031 1217 1094 cantu,

169 1110 202 1155 et
214 1093 349 1156 musical
363 1099 405 1156 Ac
418 1117 457 1156 ne
468 1117 586 1156 recuses
595 1109 771 1170 certamen,
783 1094 908 1178 depono
918 1095 1016 1174 hanc,
1027 1123 1121 1184 quam
1131 1107 1217 1168 vides

168 1183 321 1246 vitulam:
337 1206 405 1246 eam
418 1185 475 1244 tibi
491 1183 568 1266 quid
582 1182 819 1244 commendem?
831 1185 879 1247 bis
893 1187 1050 1268 mulgetur
1062 1195 1216 1272 quotidie,

169 1270 263 1333 binos
275 1273 331 1334 alit
343 1273 457 1333 vitulos
470 1295 476 1332 :
491 1274 562 1333 ride
578 1293 648 1355 quae
662 1270 753 1332 lactis
766 1273 976 1351 abundantia,
989 1299 1059 1359 quse
1072 1280 1218 1346 fertilitas

170 1362 285 1423 uberis.
304 1365 350 1422 Tu
364 1383 519 1444 propone,
538 1383 603 1444 quo
616 1363 749 1442 pignore
761 1364 840 1423 velis
854 1385 979 1426 mecum
993 1383 1109 1430 certare
1121 1394 1127 1428 :
1145 1393 1217 1453 pro-

165 1471 266 1532 pone,
278 1453 355 1532 quid
369 1451 423 1512 des
436 1451 475 1510 ad
490 1473 576 1533 spem
589 1453 666 1524 mei,
681 1450 721 1511 ad
735 1451 886 1514 fiduciam
901 1457 964 1515 tui:
984 1479 1057 1539 age,
1069 1461 1092 1519 si
1107 1463 1154 1521 vir
1166 1483 1217 1539 es,

172 1541 199 1598 si
212 1539 269 1599 tibi
282 1539 405 1620 lingua,
419 1553 453 1600 ut
465 1539 504 1600 ad
518 1537 741 1614 contumelias,
755 1542 800 1600 ita
814 1541 853 1601 ad
867 1557 988 1604 cantus.

210 1629 260 1689 32.
279 1629 439 1712 Respondet
452 1627 615 1690 Menalcas.
633 1631 772 1710 Deponis
786 1630 934 1706 vitulam
956 1634 1066 1696 vellem
1081 1639 1148 1718 ipse
1163 1639 1216 1701 de-

147 1763 153 1778 .
171 1735 290 1798 ponere
301 1719 341 1780 de
352 1739 445 1798 grege
456 1716 594 1799 aliquid,
607 1713 660 1775 sed
673 1737 738 1775 non
748 1720 858 1778 ausim.
871 1721 944 1780 Sum
956 1723 1040 1780 enim
1050 1723 1108 1782 sub
1120 1740 1216 1806 patre,

164 1806 226 1886 .qui
239 1805 318 1866 mihi
331 1808 418 1867 domi
430 1822 488 1883 est3
508 1806 567 1867 sub
580 1825 727 1881 noverca,
749 1828 819 1888 quae
831 1806 954 1891 injusta.
973 1811 1110 1886 Deinde,
1124 1835 1157 1874 ea
1172 1831 1220 1877 est

172 1893 234 1956 illis
248 1898 349 1976 gregis
361 1917 449 1971 cura,
463 1911 498 1957 ut
510 1895 602 1956 ambo
614 1914 710 1976 pecus
722 1913 903 1971 numerent,
913 1914 1002 1980 pater
1014 1903 1144 1962 seorsim
1157 1903 1219 1966 has·

170 1981 243 2057 dos,
257 1981 352 2064 idque
363 1985 411 2044 bis
424 1986 456 2043 in
469 1983 536 2056 die,
548 2003 647 2064 quum
659 1983 684 2042 it
699 2003 773 2062 grex
786 1983 824 2044 ad
840 2007 969 2068 pascua,
984 2009 1079 2070 quum
1094 1990 1185 2051 reclit.

211 2073 260 2134 35.
277 2072 336 2133 Sed
349 2075 499 2156 quoniam
514 2073 641 2133 libitum
658 2071 714 2131 tibi
733 2088 780 2134 est
794 2076 947 2153 insanire,
968 2091 998 2138 et
1015 2081 1083 2162 rapi
1100 2079 1139 2139 ad
1157 2081 1219 2142 rui·

160 2283 162 2290 ,
208 2241 249 2294 ss.
261 2240 372 2314 Viseryo
384 2241 575 2294 internosdnt
587 2241 672 2294 nostri
716 2254 792 2294 etate
812 2241 884 2296 dicta
904 2257 957 2309 est,
978 2244 1048 2296 sieut
1066 2245 1141 2316 virgo
1162 2268 1168 2298 ε
1188 2260 1218 2299 ut

170 2321 391 2391 comparatione,
415 2334 464 2371 aut.
482 2319 556 2390 quod
577 2321 670 2373 melius
715 2320 797 2390 paulo
810 2336 871 2393 post
882 2325 939 2392 ipso
952 2322 1072 2374 dicturus
1082 2326 1175 2389 est,Ss¹
1184 2327 1220 2378 ad

171 2415 225 2465 est,
237 2399 311 2450 nullo
321 2399 412 2469 judice
424 2414 561 2470 praesente.
576 2403 670 2453 l‘ostea
716 2398 826 2451 vitulam
839 2412 949 2472 spectes,
963 2399 1035 2451 nihil
1046 2404 1160 2474 estquod
1170 2423 1218 2474 po·

162 2480 243 2532 'enim
262 2497 293 2530 ex
310 2479 455 2548 improviso
471 2479 603 2530 Palaemon
623 2479 671 2532 ad·
715 2475 776 2528 cula
786 2476 883 2531 laudes.
893 2482 973 2544 Item,
985 2478 1112 2530 Etvitala
1124 2492 1151 2532 tu
1160 2482 1218 2555 diq-

171 2559 349 2611 veniet-V
349 2558 442 2610 icissim
455 2559 632 2628 experiamur.
643 2560 675 2612 ld
718 2575 783 2622 nus,
805 2569 832 2610 et
855 2557 905 2610 tic.
929 2557 1005 2610 Unde
1029 2572 1055 2611 et
1075 2561 1218 2630 juvencam

171 2653 226 2706 est,
239 2639 366 2691 amoebaeo
377 2638 673 2692 carminedmoebaeum
718 2636 863 2690 subaudire
876 2655 930 2690 nun
944 2655 1101 2709 possumus:
1115 2639 1161 2691 sed
1176 2659 1219 2696 se-

171 2733 261 2772 autern
272 2731 321 2782 est,
328 2721 432 2790 quoties
444 2721 462 2770 ii
473 2720 518 2790 qui
529 2733 638 2785 canant,
647 2733 673 2773 et
717 2715 833 2768 cundum
847 2720 1011 2788 superiorem
1025 2735 1130 2770 sensum
1141 2721 1219 2774 intel-

172 2799 268 2872 sequali
282 2817 394 2851 numero
407 2817 531 2852 versuum
546 2812 671 2866 utuntur,
717 2796 838 2868 ligamus.
860 2797 951 2850 Vitula
969 2799 1039 2850 enim
1059 2811 1098 2850 est
1119 2819 1217 2854 nornen

171 2893 199 2934 et
214 2882 251 2933 ita
265 2897 293 2931 se
305 2879 386 2932 habet
398 2881 457 2950 ipsa
470 2882 623 2950 responsio,
642 2893 672 2932 ut
717 2880 815 2930 etatis:
830 2896 884 2930 non
895 2879 967 2948 quod
976 2889 1078 2931 tantum
1087 2893 1149 2932 ante
1158 2900 1217 2953 par·

171 2973 222 3013 aut
234 2962 319 3030 majus
336 2972 382 3011 aut
394 2962 557 3012 eontrarium
570 2960 672 3031 aliquid
717 2960 773 3010 tuin
785 2975 872 3010 vacce
884 2956 1048 3028 possideant.
1060 2959 1134 3010 Serv.

173 3040 259 3104 dicat,
275 3040 343 3090 sicut
358 3038 402 3090 liic
416 3042 557 3110 sequentia
570 3039 673 3094 indica·
752 3039 795 3090 32.
814 3038 855 3089 De
870 3055 949 3110 preqe
966 3057 1019 3089 non
1038 3037 1123 3088 ausim
1142 3041 1218 3110 quic-

173 3115 250 3168 bunt.
263 3117 334 3168 Sera.
717 3135 798 3190 quom
808 3117 935 3186 deponere
946 3126 1039 3167 ocum.
1050 3116 1136 3186 Supra
1146 3120 1216 3170 enim

211 3212 253 3264 29.
275 3195 333 3267 Epo
357 3193 425 3246 lane
448 3193 568 3248 vitulam.
589 3197 673 3250 Notat
717 3195 873 3250 eumoliena
884 3213 993 3265 pascere
1003 3193 1068 3246 dixit
1078 3195 1216 3248 animalia:

173 3277 284 3328 Vossius
300 3275 378 3326 etiam
398 3275 486 3328 vitulae
502 3294 600 3328 nomen
620 3295 673 3328 nsa-
717 3287 761 3338 ut,
776 3273 827 3325 Dic
839 3271 907 3323 milti
917 3273 1037 3324 Damoeta
1044 3309 1053 3337 ,
1070 3275 1159 3346 cujum
1167 3294 1216 3346 pe-

172 3377 238 3411 nore
251 3368 312 3427 post
323 3366 438 3425 partum.
449 3355 536 3406 Emm.
717 3355 779 3405 cas?
791 3353 862 3404 Serv.

210 3439 253 3491 3ο.
265 3437 308 3488 Bis
316 3435 429 3488 venitad
437 3432 575 3486 mulctram
582 3457 592 3497 ,·
600 3435 673 3488 linos
751 3429 922 3486 sanemini
930 3431 1213 3503 nnmqaedomipater,

172 3518 224 3572 alit
240 3518 318 3570 ubere
328 3515 418 3586 foetus.
438 3516 474 3566 Ut
490 3533 548 3566 earn
561 3513 672 3568 laudare
715 3524 753 3566 est
762 3513 858 3579 injusto
867 3527 996 3561 noverca:
1008 3511 1103 3583 Bisque
1112 3514 1155 3564 die
1166 3533 1217 3566 nu·

171 3617 204 3651 ex
213 3599 295 3658 foetu,
304 3607 329 3646 et
338 3613 369 3645 ex
377 3593 590 3646 etstevideatur.
601 3595 672 3648 Male
717 3603 828 3646 merant.
843 3591 874 3642 ld
885 3593 966 3641 moris
979 3604 1036 3642 erat
1047 3593 1216 3662 pastoribus,

169 3679 243 3730 enim
253 3674 361 3745 quidam
370 3675 542 3743 questionem
550 3687 671 3739 movent,
717 3675 750 3728 sd
759 3691 859 3746 pascua
865 3684 1013 3737 exeuntem,
1022 3684 1048 3723 et
1058 3673 1163 3727 stabula
1175 3695 1214 3730 re-

170 3743 307 3819 dicentes,
327 3751 439 3804 vitulam
462 3769 573 3822 parvom
593 3771 669 3805 esse:
715 3753 1214 3826 ducerngregemoumerare:quamvis

98 3829 105 3838 ¹
172 3836 671 3907 neccongroere,tttesmjamenixam
715 3830 1216 3907 sehocindignumailirmetl'olyplie-

172 3933 231 3969 esse
243 3915 363 3967 dicantus
375 3936 383 3964 ι
398 3912 444 3967 sed
457 3911 556 3966 debere
569 3932 617 3966 nos
628 3916 673 3984 ju·
714 3931 788 3980 mus,
800 3911 878 3964 ovid.
887 3913 950 3964 Met.
963 3911 1038 3977 Xlll,
1051 3912 1111 3980 824.
1120 3943 1156 3954 —-
1167 3917 1215 3969 In-

171 4011 283 4047 venerunt
291 3993 673 4067 subaudiremtsinEpoltano
711 3996 781 4066 justo
796 4009 914 4044 nouerca.
928 3989 1073 4062 Epitheton
1089 3996 1214 4063 generale

170 4076 307 4146 juvencam
315 4075 431 4144 depono,
442 4074 553 4125 simiam
563 4074 672 4144 neforto
713 4091 904 4137 novercarum,
918 4074 982 4144 quia
992 4072 1065 4124 dure
1076 4076 1213 4149 privignos

172 4171 278 4209 meuses
290 4155 358 4208 Nam
370 4167 396 4206 et
406 4153 505 4228 vitula,
518 4154 670 4218 arisidione
713 4167 810 4231 preter
819 4155 864 4226 jus
875 4163 902 4208 et
913 4169 1018 4224 aquam
1027 4165 1132 4218 vexant.

996 4257 1037 4310 ²7·
