3000 4674
204 389 1249 430 ΜΜΜΜΜΜΜΜΜΜΜἈΜ

341 625 731 748 anrom
774 626 1110 818 nnxrox

645 927 676 994 S.
704 929 738 993 P.
765 929 807 993 D.

620 1195 851 1227 a*

205 1393 463 1498 Ansouvuunt
479 1449 599 1513 nunc,
614 1427 742 1498 Lector
757 1425 1038 1516 humanissime,
1053 1445 1248 1527 supersunt

204 1535 468 1627 additamenta,
495 1563 578 1638 quae
592 1545 846 1639 promisimus,
867 1546 955 1614 etin
972 1558 1151 1642 prospectu
1166 1569 1247 1616 nos·

204 1665 280 1738 tro,
300 1667 335 1722 et
356 1656 393 1722 in
416 1651 627 1752 praefatione
646 1655 692 1727 ad
714 1654 929 1754 Virgilium,
952 1655 1024 1729 vol.
1044 1659 1078 1747 l,
1097 1685 1177 1757 pag.
1197 1659 1245 1756 xj.

203 1764 297 1836 Ante
319 1765 409 1838 alios
434 1772 642 1868 interpretes
663 1771 807 1844 Servius
827 1785 861 1841 et
881 1771 998 1844 Cerda
1016 1772 1127 1846 simul
1147 1777 1247 1851 ince-

202 1877 309 1969 dent,
328 1882 429 1979 quod
445 1882 567 1956 nullos
582 1885 628 1956 ad
646 1883 794 1956 latinam
813 1890 952 1982 poesim
970 1885 1194 1975 docendam,
1213 1903 1247 1958 et

202 1994 248 2065 ad
262 1992 517 2070 illustrandam
531 1997 674 2098 Virgilii
691 2015 850 2071 mentem
867 1999 1087 2073 efficaciores
1099 2001 1247 2100 judica-

201 2113 321 2182 vimus
337 2137 401 2210 per
417 2109 570 2211 longum
587 2111 794 2213 professorii
812 2121 975 2188 muneris
994 2115 1245 2190 curriculum:

200 2249 362 2322 quorum
378 2252 420 2298 ex
437 2227 734 2300 adnotationibus
749 2227 885 2302 selectis
899 2256 1019 2302 unum
1034 2234 1246 2328 interpreta-

200 2343 309 2428 tionis
324 2366 457 2439 corpus
472 2341 673 2416 conflatum
691 2343 757 2416 tibi
774 2370 861 2417 mox
878 2343 1084 2418 offeremus.

250 2456 349 2526 lnter
372 2455 513 2528 codices
538 2459 668 2548 Servii,
694 2485 788 2558 quos
814 2463 853 2530 in
883 2457 1107 2533 Bibliotheca
1132 2461 1247 2558 ¹Regia

199 2571 421 2644 Parisiorum
437 2589 631 2646 asservatos
647 2578 740 2645 inter
753 2599 790 2646 se
804 2573 1045 2663 contulimus,
1063 2601 1148 2658 eum
1161 2574 1245 2646 sele-

199 2691 338 2787 gimus,
355 2691 420 2787 qui
439 2687 656 2762 doctissimis
675 2690 826 2765 illorum
843 2690 1050 2764 collectioni
1071 2689 1245 2790 praelectis

199 2807 357 2876 maxime
384 2804 579 2903 probatus,
606 2810 746 2906 quique
770 2831 873 2878 nono
899 2805 1032 2878 saeculo
1060 2823 1243 2897 exaratus,

199 2917 311 2990 nullis
326 2919 598 3017 interpretibus,
614 2947 733 3020 neque
747 2923 882 2994 Joanni
897 2923 1013 2994 Pierio
1030 2919 1244 3010 Valeriano,

199 3058 319 3130 neque
328 3037 395 3130 ipsi
405 3033 563 3107 Roberto
573 3033 1070 3134 Steplxano,uequeGeorgio
1080 3034 1244 3109 Fabricio

199 3144 474 3238 Chemnicensi,
494 3175 613 3247 neque
633 3152 737 3221 Petro
756 3153 970 3222 Burmanno
986 3152 1158 3219 innotuit.
1175 3149 1244 3232 Hic

199 3275 251 3332 est
271 3259 332 3331 ille
352 3261 474 3333 Codex
493 3260 664 3336 nondum
683 3263 908 3362 exploratus,
932 3261 978 3334 ad
1002 3261 1109 3360 cujus
1132 3260 1242 3334 fidem

199 3391 331 3480 ceteras
346 3375 456 3448 Servii
470 3376 644 3449 editiones
658 3378 836 3476 perpendi
847 3393 956 3476 atque
968 3374 1114 3474 probari
1128 3374 1242 3447 volui·

198 3515 301 3579 mus;
327 3487 389 3562 hic
412 3505 463 3561 est
483 3488 563 3579 ille,
586 3496 650 3590 qui
677 3491 872 3565 confirmat
897 3487 970 3562 fere
994 3490 1136 3578 omnia,
1160 3515 1242 3588 quae

198 3609 295 3678 miro
312 3607 446 3704 sagacis
462 3609 598 3703 ingenii
613 3612 783 3679 acumine
797 3603 1084 3705 deprehenderat
1097 3607 1242 3678 Nostras

199 3719 379 3792 Robertus
395 3717 617 3819 Stephanus;
634 3721 742 3792 multu
761 3737 882 3793 temere
898 3735 930 3792 et
945 3720 1077 3791 indocte
1092 3747 1114 3791 a
1132 3725 1242 3792 nescio

198 3834 321 3936 quibus
336 3833 567 3934 additafuisse
580 3835 777 3924 Servianis,
794 3861 877 3934 quae
891 3833 1112 3906 detrahenda
1124 3850 1159 3905 et
1172 3839 1243 3904 im-

196 3949 375 4023 mutanda
402 3947 500 4022 illius
522 3954 736 4022 auctoritate
759 3953 873 4020 innixi
900 3952 1126 4024 censuimus,
1156 3949 1241 4045 quia

199 4067 377 4138 nimirum
394 4081 429 4138 et
440 4064 656 4140 indefessam
671 4069 710 4138 in
725 4064 911 4140 exantlatis
923 4061 1110 4138 laboribus
1120 4059 1242 4134 indus·
