2998 4670
360 391 412 454 IN
436 383 821 454 GEORGlCOIiUM
844 387 937 450 nte.
963 389 1024 452 lv.
1148 391 1205 458 611

177 513 264 592 tigris
279 525 359 586 atra;
379 510 472 571 draco
489 527 690 591 squamosum
712 505 806 568 leena
824 503 923 580 fulve;
944 529 1046 574 eorem
1060 516 1212 596 crepitum

178 601 302 662 flamma
317 599 384 674 dat3
398 619 478 681 aqua
493 599 593 658 tenuis
605 595 755 658 dilabitur
768 609 800 656 et
811 593 931 656 deiluit.

216 687 285 764 415.
296 691 370 750 Post
380 689 487 748 omnia
497 684 671 746 luculenter
680 683 846 766 explicato,
859 699 968 748 natum
979 705 1133 771 praeparat
1148 711 1214 752 ma.

167 791 225 838 -ter
239 778 277 840 ad
292 779 446 840 visionem
462 776 615 850 numinis,
633 774 826 858 perfundens
843 773 932 835 illum
950 775 1114 840 ambrosia.
1132 781 1216 858 Quid

177 886 252 928 vero
269 865 347 927 illud
362 865 493 948 perduxit
507 864 592 926 odore
607 878 697 926 totum
712 863 833 946 eorpus?
853 864 912 924 nisi
927 864 1135 930 circumduxit
1152 894 1217 932 am·

176 955 312 1018 brociam
331 955 521 1018 odoriferam
535 977 589 1037 per
609 968 709 1016 totum
726 973 840 1036 corpus
857 955 1074 1036 integrumque
1091 959 1219 1038 perlini-

177 1045 233 1102 vit.
248 1045 393 1125 Sequitur
405 1043 536 1106 effectus
547 1042 661 1124 duplex
672 1039 765 1123 hujus
778 1043 835 1116 rei3
848 1042 966 1104 scilicet
977 1045 1078 1104 suevis
1090 1048 1219 1125 quidam

178 1126 294 1191 balitus
305 1133 426 1213 spirans
439 1151 476 1192 ex
490 1131 555 1210 ejus
571 1133 673 1212 capite
688 1129 882 1191 madefacto:
898 1130 1012 1192 deinde
1027 1134 1114 1212 vigor
1129 1155 1218 1216 vege-

179 1233 229 1282 tus
243 1235 335 1303 etque
347 1219 477 1293 habitis,
492 1239 554 1300 quo
568 1220 706 1280 membra
720 1220 875 1280 roborate.

217 1309 286 1386 418.
306 1310 499 1370 Describitur
515 1323 642 1370 antrum
661 1309 795 1369 Proteia
813 1306 1044 1388 magnitudine,
1064 1311 1140 1385 situ,
1159 1313 1219 1371 cir-

178 1399 392 1462 cumstantiis:
409 1413 456 1460 est
468 1397 546 1459 illud
561 1400 685 1480 ingens;
700 1419 737 1460 en
754 1396 957 1479 magnitudo:
973 1411 1019 1458 est
1032 1402 1169 1480 positum
1186 1403 1219 1462 in

177 1484 273 1548 latere
285 1487 400 1548 montis
412 1487 492 1548 exesi
508 1487 707 1567 excavatique
722 1484 763 1544 eb
775 1485 884 1559 undis;
896 1507 934 1546 en
949 1487 1042 1545 situs:
1056 1507 1135 1568 aqua
1149 1487 1220 1569 plu-

177 1575 272 1649 rima,
286 1595 357 1655 quse
371 1588 479 1636 coacta
493 1573 532 1638 sb
548 1573 728 1656 impellente
742 1587 851 1649 vento,
864 1575 1052 1654 impingitur
1066 1576 1098 1637 in
1116 1589 1221 1642 cautes

179 1659 245 1740 ejus
262 1663 358 1736 antri,
372 1677 404 1722 et
415 1683 513 1745 quum
526 1683 600 1724 mox
610 1660 707 1724 fracte
720 1664 867 1738 recurrit,
882 1661 997 1722 scindit
1009 1681 1074 1722 sese
1089 1663 1120 1722 in
1137 1664 1222 1724 sinus

177 1749 336 1823 reductos;
347 1773 387 1812 en
397 1753 652 1814 circumstantie:
664 1753 813 1816 dicuntur
822 1753 1013 1834 porrosinus
1025 1751 1073 1812 isti
1087 1751 1223 1828 reducti,

179 1839 254 1920 quia
268 1840 460 1916 formantur,
474 1862 572 1924 quum
588 1861 670 1923 equa
685 1843 832 1922 remigrat
846 1842 879 1900 in
893 1838 1020 1922 pelagus
1035 1839 1074 1897 ab
1089 1839 1223 1921 scopulis

180 1926 266 1990 illiue
277 1932 367 1990 antri.
379 1932 486 2012 Finge,
496 1945 531 1992 ut
541 1933 727 1992 sententium
742 1951 861 2005 noscas,
873 1943 999 1990 antrum
1011 1928 1124 2003 Protei,
1136 1927 1223 2010 quod

180 2030 246 2076 erat
257 2020 289 2077 in
305 2022 398 2096 mari,
413 2020 527 2081 distare
542 2019 649 2101 aliquo
667 2018 833 2081 intervallo
846 2019 885 2078 ab
900 2018 1009 2078 litore:
1026 2017 1224 2082 intervallum

181 2103 240 2166 boc
254 2109 334 2172 iuter
346 2123 471 2172 antrum
483 2123 515 2170 et
530 2108 606 2170 litus
621 2107 777 2170 efficiebat
791 2111 957 2171 stationem
972 2123 1162 2189 portumque
1175 2121 1225 2168 tu·

182 2209 249 2256 tum
262 2198 395 2261 navibus
408 2197 544 2281 procelle
560 2196 777 2276 deprebensis,
792 2211 821 2256 et
837 2198 880 2258 ibi
896 2196 1146 2256 consistentibus.
1192 2201 1195 2207 '

219 2282 289 2356 [ten.
301 2285 324 2344 A
335 2285 543 2364 descriptione
554 2283 614 2342 loci
627 2284 731 2344 tendit
741 2283 779 2342 ed
792 2282 964 2342 historiam.
977 2284 1011 2340 ln
1022 2278 1098 2354 boc,
1112 2283 1231 2360 inquit,

180 2381 306 2431 antrum
324 2372 454 2432 Proteus
470 2391 503 2430 se
519 2370 645 2449 recipit,
662 2383 694 2432 et
709 2369 793 2428 fores
811 2366 947 2428 obstruit
962 2369 1081 2446 ingenti
1098 2364 1224 2447 objecto

181 2477 266 2516 saxo.
280 2457 326 2516 lbi
339 2457 457 2540 Cyrene
470 2471 580 2519 ustum
592 2456 776 2532 collocavit,
790 2459 834 2517 ite
844 2471 949 2518 temen
960 2468 1021 2516 ute
1032 2454 1100 2515 luce
1110 2471 1214 2516 averte

182 2557 243 2617 ret,
263 2561 457 2628 poneretque
472 2547 505 2606 in
519 2546 591 2606 loco
604 2545 743 2627 quodem
758 2543 941 2618 tenebroso,
960 2563 999 2602 ne
1012 2541 1169 2602 videretur
1183 2542 1223 2601 ab

181 2631 375 2714 ingrediente
387 2635 520 2694 Proteo:
539 2635 606 2716 ipsa
618 2654 692 2694 vero
708 2635 780 2694 inde
795 2633 872 2693 ebiit
885 2628 1141 2692 circumfundens
1154 2651 1224 2694 cor·

182 2720 253 2806 pori
266 2718 425 2782 nebulam.

223 2808 293 2884 425.
306 2812 470 2872 Praemittit
483 2809 725 2892 descriptionem
736 2810 800 2871 diei
810 2807 920 2885 medii,
935 2829 1005 2892 quae
1018 2807 1084 2870 baec
1095 2821 1158 2870 est:
1175 2809 1226 2890 Sy·

182 2997 237 3037 erut
248 2986 329 3038 hirtus
342 3005 411 3058 aper.
425 2990 516 3040 Horst.
531 2989 584 3042 Set.
600 2989 637 3054 ll,
650 2989 681 3042 3:
762 2987 823 3055 415.
832 2986 971 3061 Liquidum
983 2985 1113 3038 ambrosio
1124 2983 1228 3054 dissum

184 3065 306 3138 Effirqiet
316 3077 401 3116 tamen
414 3066 468 3118 ltoec
479 3067 613 3121 sceleratus
626 3069 684 3120 oin·
727 3067 766 3120 dit
774 3068 886 3121 odorem.
898 3066 977 3118 Unxit
987 3083 1062 3128 eum,
1075 3081 1128 3133 quo
1136 3074 1227 3134 posset

102 3161 105 3168 ’
183 3143 243 3196 culo
256 3144 362 3196 Protetu
375 3147 455 3208 Cum,
471 3157 522 3198 etc.
535 3147 592 3196 Eiet
603 3165 681 3217 aper:
727 3167 784 3201 esse
797 3145 905 3200 videndi
920 3145 1033 3195 numinis
1048 3161 1141 3212 capax.
1156 3143 1226 3194 Seru.

183 3224 260 3276 modo
272 3225 342 3277 uois:
355 3223 431 3276 modo
445 3241 552 3276 sexum:
563 3235 588 3276 et
600 3243 681 3297 quum
726 3231 804 3280 Hunc
820 3245 925 3278 sensum
942 3222 1077 3296 improbat
1092 3224 1227 3296 Regulus,

183 3302 267 3368 volet,
279 3305 365 3369 arbor,
377 3315 428 3356 etc·
438 3330 473 3344 ·-·
484 3302 549 3354 ΑΜ
562 3303 640 3375 tigris·
652 3303 682 3354 ld
726 3307 779 3360 rol.
791 3309 815 3372 1,
828 3318 896 3356 nost.
908 3301 977 3356 Edit.
988 3323 1016 3375 p.
1030 3301 1089 3355 563.
1103 3301 1142 3354 Cl.
1158 3304 1227 3360 Voss

184 3397 314 3437 estsere.
327 3386 397 3438 Serv.
407 3384 512 3435 -Atm
525 3385 608 3457 tigris,
620 3386 684 3455 quin
727 3390 765 3442 tic
780 3388 969 3456 interpretetur
983 3405 988 3433 :
1003 3383 1135 3455 diffundit
1148 3403 1162 3438 e
1176 3404 1227 3455 pa-

183 3462 263 3531 bujus
276 3463 311 3515 ad
324 3475 476 3535 aspectum,
494 3465 531 3515 eit
545 3463 583 3514 Gl.
599 3463 683 3530 Voss,
727 3479 786 3520 tera
806 3467 833 3517 in
856 3464 986 3516 concham
1009 3464 1128 3535 Cyrene,
1150 3476 1226 3517 ente·

184 3543 274 3596 omnin
287 3561 344 3613 quae
359 3543 393 3594 ob
406 3543 499 3596 oculos
507 3546 684 3617 spectantium
729 3563 809 3619 qusm
820 3557 903 3618 ungat
915 3543 1007 3596 lilium.
1020 3545 1111 3596 Horat.
1124 3544 1228 3609 lib.1V;

185 3635 247 3674 tunt
264 3624 351 3692 posits
370 3625 522 3695 nigrescunt
541 3648 547 3677 :
567 3645 598 3680 ee
615 3627 686 3681 enim
730 3628 782 3681 od.
795 3627 824 3694 5,
836 3645 861 3676 r.
875 3625 926 3691 343
941 3641 1010 3676 mero
1022 3623 1112 3695 defuso
1124 3627 1226 3697 paten's.

185 3705 287 3755 timoris
306 3705 395 3772 injecti
414 3706 452 3756 ris
470 3717 525 3772 est,
542 3719 571 3757 ut
589 3723 683 3759 tecuu·
763 3705 939 3774 trellanus.
946 3703 1116 3776 vegetabilis.
1126 3709 1227 3778 -Spe-

186 3787 248 3838 dum
263 3787 413 3852 Nasonem,
430 3786 524 3853 libll,
539 3789 602 3840 Met.
620 3789 683 3854 180,
727 3806 771 3840 cus
793 3787 890 3858 ingens.
912 3785 942 3835 ln
967 3785 1094 3856 singulari
1117 3803 1227 3836 numero

184 3886 271 3940 genua
287 3865 439 3920 timentibus
456 3868 644 3932 intremiscunt,
658 3881 684 3920 et
730 3868 777 3919 hoc
789 3883 890 3938 specus,
904 3867 931 3916 in
941 3865 1041 3937 plurali
1053 3864 1080 3914 lu'
1090 3881 1176 3934 specus
1187 3864 1227 3918 di·

187 3948 294 3998 tenebre
303 3965 350 4018 per
357 3946 418 3998 solie
432 3946 519 3998 lumen
530 3949 617 4019 ipsum
627 3965 685 3999 ocu·
729 3949 822 4000 cimus.
837 3945 906 3996 Sero.

188 4024 220 4075 lis
243 4027 411 4078 oboriuntur.-
433 4024 500 4079 adeo
527 4027 684 4098 caligantem
764 4023 824 4093 425.
844 4025 906 4075 Iam
928 4023 1038 4095 rupidus.
1062 4021 1111 4072 Hic
1131 4020 1227 4073 distin-

188 4105 345 4176 vertiginem
355 4107 449 4159 enimls
460 4105 576 4160 offundit
586 4111 683 4159 metus!
730 4103 863 4180 guendum
873 4114 983 4176 propter
992 4101 1046 4154 duo
1059 4101 1184 4172 epitheta.
1194 4131 1229 4142 --

1014 4191 1056 4260 39.
