2970 4714
236 279 277 358 24
482 278 516 338 r.
541 269 773 336 vmotntt
796 275 1028 342 Minonis

232 401 330 466 Grata
341 400 436 465 bonis
449 395 651 462 lucens2sed
664 417 725 462 nos
736 394 778 462 ad
790 413 897 485 coepto
909 397 1062 464 feramur.
1242 412 1273 471 nt

277 511 397 596 Igneus
408 503 564 568 aethereas
573 503 641 592 jam
653 504 709 568 Sol
722 520 907 592 penetrarat
920 505 953 568 in
966 507 1063 584 arcis,

233 611 447 701 Candidaque
460 625 574 674 aurato
586 610 754 698 quatiebat
765 609 888 673 lumine
902 633 1017 692 eturu;

232 717 385 782 Crinibus
398 732 430 779 ct
442 715 543 780 roseis
556 715 707 780 tenebras
719 718 846 778 Aurora
858 715 1005 801 fugarum

233 823 382 912 Propulit
395 838 430 884 ut
442 819 577 886 stabulis
588 819 630 884 ad
642 819 763 908 pabulo
775 819 847 882 laeta
859 819 1000 907 capellas

232 935 360 1008 Pastor,
374 944 406 991 et
419 927 535 992 excelsi
548 927 669 990 montis
677 925 756 1015 juga
769 919 895 989 summo
907 927 1037 1014 petivit,

232 1034 357 1100 Lucida
370 1057 434 1122 qua
446 1034 574 1122 patulos
587 1030 739 1096 velabant
751 1032 897 1120 gramina
909 1032 1018 1113 collis;

231 1147 305 1210 Jam
317 1143 406 1208 silvis
419 1137 607 1228 dumisque,
621 1161 710 1226 vaget
718 1137 787 1227 jam
800 1136 938 1204 vallibus
950 1137 1077 1202 abdunt

233 1251 393 1338 Corpore,
402 1245 537 1336 jamque
551 1244 641 1307 omui
653 1244 776 1308 celeres
789 1266 807 1308 e
819 1261 912 1333 parte
924 1262 1077 1334 tegentes

261 1447 299 1502 40.
321 1443 396 1488 lucens
413 1440 481 1485 etiam
495 1435 564 1483 codd.
577 1438 655 1482 Peter.
668 1449 691 1483 et
705 1437 771 1484 Voss.
790 1441 848 1487 Ante
860 1439 973 1487 Bembum
989 1439 1054 1488 lt'ceot
1069 1440 1197 1503 legebatur.
1211 1439 1273 1487 bortis

231 1518 308 1564 lucens
323 1531 351 1561 ex
365 1509 499 1574 AEscltyleo:
517 1504 620 1569 α’γώοἶε
640 1506 774 1568 criptura,
794 1510 894 1556 illustrat
909 1511 1019 1573 Scaliger.
1038 1515 1107 1574 Ergo]
1115 1513 1273 1576 copulandum

232 1592 277 1637 crit
346 1586 426 1628 tritu...
437 1581 521 1635 Gmto,
535 1577 597 1624 bonis
610 1576 698 1630 lucens,
714 1576 737 1622 h.
750 1579 860 1635 offinenu
874 1579 911 1628 rel
921 1587 987 1644 φαίη
999 1584 1043 1626 en't
1056 1597 1100 1643 pro
1112 1582 1235 1638 adverbio,
1249 1595 1275 1627 ut

229 1669 319 1725 protum
333 1655 416 1701 lucens.
431 1654 502 1698 lleine
512 1653 574 1712 conj.
585 1649 646 1695 bonu
659 1651 746 1704 Musis,·
755 1649 793 1696 vel
807 1653 879 1697 Grato
893 1651 973 1698 bonit:
990 1653 1048 1697 Ludi
1057 1653 1146 1698 sedeas
1157 1654 1189 1698 tul
1202 1662 1275 1716 coepto

191 1715 194 1726 Ι
225 1733 339 1797 feramur.
352 1726 397 1773 Sed
409 1737 470 1770 totus
481 1737 560 1769 versus
571 1720 741 1784 interpolatrici
751 1725 831 1768 manui
842 1723 942 1770 debetur
955 1739 1008 1769 enm
1019 1723 1116 1788 reliquit
1134 1724 1275 1770 anteceden-

231 1805 301 1850 tibus.
313 1798 390 1855 -ltn
409 1799 455 1842 Pro
473 1793 579 1842 ethereus
594 1810 634 1840 ms.
648 1792 746 1839 Pithoei:
763 1803 852 1851 eonas,
868 1796 932 1842 unde
953 1795 1056 1859 Scaliger
1075 1797 1154 1843 finxit:
1173 1795 1274 1852 OEteos;

233 1876 301 1922 docte
311 1873 405 1934 utique;
417 1887 439 1916 v.
453 1869 483 1913 nd
492 1866 539 1912 Ecl.
554 1867 618 1921 Vlll,
629 1864 667 1917 30.
681 1867 743 1911 conl.
756 1866 798 1911 int.
813 1883 854 1912 201
867 1879 890 1912 et
901 1868 965 1913 Cirin
976 1885 997 1914 u.
1008 1867 1054 1915 350
1066 1881 1089 1915 et
1100 1871 1178 1932 lntpp.
1192 1869 1222 1914 ad
1233 1871 1274 1914 Se·

231 1961 284 1992 neo.
300 1945 369 1990 llere.
383 1942 428 1987 lur.
444 1939 498 1994 rSn,
515 1940 559 1984 nisi
572 1936 714 1983 Pithoeauam
725 1936 850 1983 lectionem
861 1953 888 1984 ex
902 1938 1043 2001 compendio
1056 1942 1119 1986 vocis
1134 1951 1207 1985 ortem
1219 1954 1275 2001 pro·

229 2015 307 2063 habile
326 2015 398 2060 lieret.
418 2011 519 2074 AEtnaeos
535 2011 604 2054 etiam
617 2021 659 2054 mt.
678 2007 766 2054 Koeler.
776 2033 807 2044 -
819 2007 857 2064 ἀπ.
873 2007 948 2054 hmine
964 2011 990 2054 in
1009 2009 1063 2055 edtl.
1074 2011 1178 2066 Febrim,
1193 2026 1272 2072 pret-c.

230 2095 323 2152 quatere
337 2083 433 2137 lumina,
447 2081 470 2126 h.
483 2079 499 2125 l.
512 2079 590 2126 radios
601 2081 719 2134 emittere,
731 2095 852 2143 spargere,
865 2096 914 2127 esee
925 2080 1032 2128 videtur:
1046 2083 1088 2127 etsi
1103 2080 1152 2126 hoec
1164 2083 1212 2143 ipsa
1227 2097 1276 2125 nra-

230 2155 280 2202 lim.
292 2155 379 2200 Verum
392 2154 460 2198 etiam
470 2152 496 2195 in
507 2150 554 2194 Ciri
567 2149 612 2196 350
625 2148 665 2194 lux
675 2149 714 2194 uli
727 2151 784 2196 diem
794 2151 916 2213 quatiebat.
930 2152 1015 2198 Contra
1027 2161 1119 2216 quatere
1128 2166 1209 2215 equos,
1222 2165 1275 2196 curu

231 2242 295 2281 reum
314 2237 340 2271 ut
358 2223 417 2269 infra
433 2237 527 2284 quoque
542 2235 593 2266 not.
606 2220 699 2266 Waltcf.
719 2221 748 2266 etl
766 2223 858 2268 Lucret.
877 2223 917 2278 tv,
938 2221 984 2279 406
997 2222 1161 2285 elegantiorem
1177 2225 1275 2284 poeticae

232 2297 341 2344 dictionis
356 2291 490 2349 sor-mulam,
509 2291 538 2337 ab
559 2290 611 2336 aliie
626 2306 673 2336 non
690 2291 845 2348 intellectam,
863 2307 912 2340 csse
924 2295 1072 2356 pronuntiat;
1084 2308 1132 2340 etse
1145 2293 1206 2338 enim
1216 2307 1243 2338 ac
1255 2293 1274 2337 ti

231 2367 338 2430 lampade
349 2386 359 2407 u
369 2376 511 2412 concuteret.
522 2384 533 2404 s
547 2363 625 2408 lleius.
638 2365 701 2426 conj.
712 2361 810 2408 culmino
824 2363 863 2411 vel
883 2363 971 2421 limina,
983 2368 1003 2412 ei
1014 2377 1091 2411 temen
1102 2367 1149 2428 jam
1164 2367 1188 2408 in
1201 2363 1274 2409 ultum

232 2433 535 2484 §sternumentum
546 2432 623 2478 aliena
639 2446 700 2478 sunt.
709 2457 741 2468 -
752 2433 790 2491 43.
803 2433 903 2498 fuqubot
919 2437 973 2482 edd.
990 2449 1044 2482 ante
1059 2436 1139 2482 Bemb.
1152 2435 1198 2481 Sed
1212 2447 1274 2480 totus

231 2522 310 2554 versut
321 2519 431 2568 tantprnm
447 2506 557 2550 insititius
569 2502 692 2550 delendus.
704 2505 743 2549 Est
756 2507 848 2566 appicta
865 2509 889 2551 in
906 2510 1009 2568 margine
1027 2508 1124 2552 variatio
1139 2506 1274 2566 superioris.

231 2581 312 2639 lneptc
327 2591 421 2638 quoque
440 2589 528 2620 aurore
544 2575 632 2620 mentio
643 2574 779 2636 subjicitur,
791 2574 840 2622 sole
850 2579 899 2638 jem
908 2578 933 2621 in
945 2577 1017 2622 altum
1029 2589 1122 2630 euecto;
1137 2589 1171 2630 et,
1183 2591 1212 2620 on
1223 2579 1274 2639 ejus

230 2651 315 2702 crines,
327 2649 391 2708 iique
403 2649 474 2700 rusci,
492 2645 522 2689 ad
539 2646 657 2706 poeticum
674 2661 763 2690 morem
774 2659 893 2709 spectent,
908 2662 955 2692 uon
967 2661 1044 2693 teneo.
1056 2647 1177 2690 Praestaret
1192 2648 1273 2707 ntiqtre

232 2719 330 2783 lymbus.
339 2715 413 2772 -llp
427 2715 526 2762 Protulit
539 2716 593 2762 ctltl.
608 2729 663 2763 vett.
677 2716 781 2780 Propulit
797 2726 822 2762 ut
834 2727 863 2764 st,
879 2719 958 2764 llcine.
971 2717 1101 2764 emendetit
1114 2727 1185 2762 recte.
1198 2715 1275 2777 Volgo

232 2799 268 2844 et,·
282 2803 330 2834 tum
340 2789 370 2834 od
381 2803 466 2850 pascuo
478 2803 520 2833 ms.
530 2787 616 2833 Koeler.
627 2813 659 2824 -·
670 2787 709 2844 46.
721 2789 830 2835 Lurr'dum
844 2792 914 2836 ctiam
930 2790 960 2836 de
976 2788 1065 2852 pallore
1082 2788 1129 2834 dici
1145 2787 1206 2833 hene
1224 2804 1273 2832 me-

231 2864 288 2906 mini
299 2877 304 2906 :
316 2859 360 2905 u'ec
371 2872 448 2905 tomen
459 2862 485 2904 in
494 2876 520 2906 re
529 2872 591 2921 grate
605 2873 627 2906 et
638 2860 750 2922 jucunda.
760 2863 814 2906 Exc.
827 2861 926 2907 Pithoei:
938 2862 1050 2917 Humido,
1061 2860 1126 2924 quod
1134 2876 1214 2907 uerum
1226 2875 1275 2904 csse

230 2931 330 2976 arbitror
335 2964 342 2986 ,
353 2945 381 2974 er
393 2930 482 2974 Umida.
494 2931 572 2975 licius.
587 2932 649 2991 conj.
663 2931 749 2986 Uur’tlo,
760 2934 829 2978 etism
841 2932 910 2978 bene.
925 2933 961 2977 Jo.
976 2930 1098 2978 Schrader.
1109 2929 1217 2976 Herlida.
1228 2931 1271 2975 llis.

230 3003 298 3048 Gnnt.
306 3001 405 3056 lucido,
415 3000 600 3063 quodprobnhat
610 2998 723 3062 Scaliger,
735 3002 785 3049 scil.
797 3017 894 3066 propter
902 3019 985 3050 rorem.
996 3003 1169 3049 Laudatlleins.
1180 3003 1272 3048 Lucret.
1301 3017 1304 3030 ·

228 3074 262 3127 ll,
271 3071 317 3132 3¹9
327 3073 387 3116 Nom
396 3087 455 3135 stepo
464 3074 486 3116 in
495 3070 582 3118 colli...
596 3072 694 3122 Invitent
704 3072 778 3120 lterbae
785 3084 922 3138 qemmmttes
933 3091 983 3122 rore
992 3077 1083 3130 recenti,
1093 3087 1116 3120 et
1125 3071 1234 3136 Calpurn·
1243 3073 1272 3127 V,

230 3143 259 3200 54
269 3143 337 3188 Frida
344 3151 452 3188 nocturno
463 3146 595 3206 tirtquurttur
601 3157 755 3205 poscuurore,
765 3153 789 3189 et
797 3149 912 3191 matutine
921 3144 995 3192 lucent
1003 3147 1026 3190 t'n
1033 3146 1133 3210 gramine
1139 3152 1216 3209 quttoe.
1228 3145 1274 3188 Pro

211 3242 215 3250 »
230 3218 346 3279 tinqurttur
356 3214 444 3260 mavult
458 3223 591 3277 torquetur,
603 3226 629 3258 ut
639 3214 702 3276 apud
714 3215 783 3260 ovid.
794 3217 818 3261 in
828 3218 887 3262 Fast.
899 3227 961 3265 toctoe
970 3231 1020 3264 rore
1031 3225 1158 3280 queruntur
1169 3231 1230 3261 oues.
1246 3216 1274 3258 Et

229 3285 308 3348 paullo
320 3298 374 3332 aute
386 3303 408 3332 s.
422 3288 449 3332 ⁵2
464 3285 564 3330 Humida
573 3283 650 3331 dukes
659 3285 748 3348 Sufficit
760 3285 826 3333 herta
837 3287 905 3335 cibos.
920 3288 1087 3335 Lindenhruclr
1099 3289 1161 3348 conj.
1171 3285 1274 3330 Plurima

229 3373 282 3420 quo.
293 3359 321 3402 lu
331 3357 376 3403 tine
386 3371 465 3404 versus
474 3359 499 3402 in
510 3358 650 3404 membranis
659 3357 743 3416 Pitheci
756 3372 805 3405 erat
815 3377 911 3424 quoque
917 3363 988 3422 flores
997 3375 1041 3422 pro
1050 3358 1130 3412 colles,
1140 3371 1271 3419 perperam.

228 3451 259 3461 -
271 3424 309 3487 [17.
323 3427 402 3471 lleim.
414 3429 477 3488 conj.
489 3431 605 3492 coursjom
614 3427 717 3474 trallibus.
726 3428 800 3485 -48,
815 3429 904 3476 celeres.
916 3433 995 3476 Helm.
1010 3431 1072 3491 conj.
1084 3431 1177 3491 jamque
1187 3425 1275 3470 olorrcs

231 3500 294 3542 omni
300 3498 328 3542 de
335 3512 374 3558 p.,·
386 3497 463 3544 ulteris
474 3498 566 3546 schedis
574 3504 678 3546 certatim
686 3515 698 3545 e
706 3517 729 3564 p.
739 3517 748 3545 .·
757 3500 849 3549 felicius
857 3505 894 3548 lo.
906 3501 1028 3548 Schrader.
1041 3501 1103 3546 omni
1110 3500 1205 3544 nemoris
1216 3496 1274 3557 dep.

239 3653 348 3725 quando
369 3654 533 3710 celebratum
556 3660 589 3710 iri
610 3663 669 3712 ait:
695 3677 723 3713 se
773 3663 941 3733 Tpobmann.
960 3661 1050 3712 locum
1065 3677 1079 3710 e
1095 3655 1197 3708 Colum.
1210 3649 1272 3717 Vll,

230 3735 349 3788 versibus
365 3740 497 3808 corruptis
513 3752 539 3790 et
551 3739 727 3811 interpolatis.
774 3741 805 3804 6,
817 3733 1273 3807 unclelraecomniaexpressavitleri

265 3817 297 3884 47
307 3833 366 3886 sqq.
374 3817 501 3870 Luxuries
510 3833 727 3871 ornamentorum
772 3822 883 3889 possint.
891 3819 941 3872 sed
951 3821 977 3870 in
986 3817 1083 3870 similia
1091 3833 1179 3868 rerum
1188 3813 1272 3884 phen-

228 3897 256 3948 in
267 3895 376 3966 capellis
388 3897 530 3967 pascendis
543 3897 623 3950 facile
641 3899 728 3948 offen·
773 3909 887 3950 {asmata
897 3900 983 3968 quivis
993 3897 1072 3948 facile
1082 3907 1163 3968 poeta
1174 3893 1275 3945 incide*

229 3975 274 4028 tlnt
283 3976 457 4028 etiamminus
467 3995 611 4030 morosum.
623 3975 728 4032 Laudat
773 3980 821 4047 rit,
834 3978 913 4030 etium
925 3975 1074 4054 Cplumella
1086 3993 1141 4028 non
1153 3975 1231 4026 lecto.
