2970 4714
258 311 301 394 64
504 301 541 370 r.
566 304 800 370 vrnotntt
823 307 1057 378 urnouts

257 430 436 524 Digrediur
447 452 619 519 nunquam
630 425 862 512 rediturus;tu
873 431 946 498 cole
958 434 1060 500 fontis
1260 449 1309 498 sto

257 543 300 606 Et
312 537 425 602 viridis
438 559 613 604 nemorum
625 536 721 602 silvas
734 553 766 602 et
779 559 899 626 pascua
910 538 1025 606 laetus:

256 649 298 712 Et
311 668 383 710 meu
397 643 535 708 diffusas
548 644 716 731 rapiantur
728 642 814 708 dictu
826 667 887 733 per
898 667 1030 712 suras.»

256 753 361 832 Dixit,
376 766 410 816 et
421 767 565 814 extrema
577 749 676 814 tristis
689 772 765 815 cum
777 773 859 816 voce
872 753 1016 818 recessit.

303 861 402 921 llunc
414 854 471 921 ubi
484 855 661 920 sollicitum
672 855 796 920 dimisit
807 857 925 922 inertia
936 859 1011 922 vitae
1023 882 1030 920 ι

257 964 401 1031 Interius
413 962 555 1051 graviter
565 979 712 1028 mentem
724 984 810 1050 aeger
822 986 884 1030 nec
896 964 970 1030 tulit
983 965 1068 1030 ultra
1261 979 1308 1030 385

257 1070 413 1139 Sensibus
426 1069 571 1132 infusum
585 1069 705 1157 Culieis
718 1066 760 1134 de
773 1087 879 1136 morte
892 1069 1053 1138 dolorem.

256 1182 570 1264 Quantumcumque
582 1174 645 1241 sibi
658 1177 744 1242 vires
757 1175 902 1242 tribuere
914 1177 1050 1258 seniles,

256 1285 339 1368 Quis
351 1301 461 1348 tamen
474 1283 631 1346 infestum
643 1304 794 1370 pugnans
807 1283 973 1349 devicerat
984 1283 1130 1366 hostem,

257 1392 378 1456 Rit'um
390 1405 528 1478 propter
538 1409 647 1476 aquae,
660 1387 757 1452 viridi
770 1388 832 1454 sub
846 1391 964 1455 fronde
976 1390 1134 1480 latentem

259 1498 475 1563 Goulormnre
487 1493 599 1558 locum
611 1495 699 1582 capit
711 1495 859 1583 inpiger:
872 1497 962 1561 hunc
975 1513 1008 1561 et
1020 1499 1053 1561 in
1066 1497 1183 1562 orbem
1260 1509 1307 1574 39⁰

258 1605 424 1680 Destinat,
438 1622 475 1664 ac
488 1599 567 1664 ferri
579 1598 734 1686 capulum
746 1602 899 1690 repetivit
911 1603 945 1665 in
958 1625 1070 1680 usum,

260 1709 470 1777 Gramineam
483 1722 519 1770 ut
531 1703 629 1768 viridi
642 1703 772 1772 foderet
783 1706 826 1772 de
839 1709 962 1795 cespite
975 1723 1106 1772 terram.

209 1871 215 1888 ,
260 1819 335 1882 Jaru
347 1835 475 1879 memor
487 1813 655 1899 inceptum
667 1835 829 1902 peragens
841 1813 903 1882 sibi
916 1837 994 1880 cura
1005 1814 1152 1882 laborem

260 1991 293 2038 ris
298 2022 306 2044 ,
317 1989 382 2049 prius
396 1996 474 2029 tamon
486 1983 530 2026 erit
544 1980 721 2042 reliugendum:
736 1983 793 2028 Hoea
808 1991 894 2039 tamen,
906 1992 932 2028 at
944 1987 1007 2029 vanis
1017 1984 1114 2030 dirru'ttes
1125 1987 1211 2032 somnia
1220 1986 1310 2030 venn's?

261 2062 348 2107 somnia
363 2058 441 2102 lleins.
454 2069 549 2116 quoque
560 2069 617 2108 em,
632 2052 669 2098 rol
682 2057 778 2116 propius
788 2053 818 2100 ad
833 2053 939 2116 vulgata:
954 2057 1010 2115 Quoe
1022 2065 1097 2102 tarsun
1111 2056 1172 2102 itaud
1184 2059 1248 2102 vanis
1260 2073 1311 2118 per*

262 2135 352 2176 mittens
363 2128 437 2174 ourain
448 2132 526 2170 ventu.
543 2122 590 2168 Sed
602 2135 663 2168 totus
675 2139 754 2171 versus
768 2127 845 2171 miseri
860 2124 1033 2189 interpolatoris
1045 2139 1086 2173 est.
1099 2125 1216 2174 Debuerat
1228 2125 1311 2172 saltem

262 2215 316 2246 euru
330 2213 381 2259 sup.
394 2196 512 2256 jungere:
535 2192 566 2236 Ut
579 2207 637 2236 vurta
654 2190 700 2236 irasc
717 2193 803 2254 rapidis
821 2193 933 2242 dimitttns
948 2200 1033 2242 somnia
1049 2199 1126 2242 nentis.
1146 2197 1218 2242 Porro
1232 2209 1311 2242 sutem

262 2269 366 2332 Scaliger
376 2265 480 2330 posthos
491 2279 550 2327 quos
564 2261 611 2308 diri
624 2278 702 2310 versus
711 2265 766 2318 :,Tu
777 2273 886 2310 tamen...
901 2267 931 2312 Et
946 2285 1029 2314 ntea...
1042 2271 1112 2314 inseri
1125 2266 1218 2314 uolebat
1231 2283 1311 2315 versus

265 2345 344 2405 ²⁵7····
363 2343 407 2401 ²⁵9
426 2336 490 2382 Eitea
507 2353 537 2381 m.
606 2337 634 2380 lu
650 2337 771 2382 diuersa...
788 2336 898 2400 Elysiam.
912 2341 971 2386 Tum
983 2341 1066 2402 subjici
1076 2342 1211 2386 novissimos
1224 2357 1245 2386 v.
1256 2339 1309 2388 380.

264 2415 318 2462 381.
331 2412 384 2460 383.
397 2409 516 2474 throdnr
527 2419 571 2452 etc.
584 2431 615 2442 -
625 2405 677 2452 380.
689 2409 720 2452 D.
731 2425 754 2454 n.
764 2412 886 2456 morituras
899 2413 964 2458 Voss.
975 2436 1006 2447 -
1018 2409 1071 2456 382.
1085 2412 1118 2456 At
1131 2410 1256 2456 mealorte.
1269 2425 1311 2458 m·

262 2491 358 2550 piuntur
366 2481 418 2528 sid.
431 2496 484 2526 cum
493 2479 571 2524 Petav.
586 2479 665 2525 Heius.
676 2479 713 2524 En
723 2496 806 2526 metu...
817 2492 943 2544 raptantur.
955 2484 1041 2530 Verum
1057 2495 1090 2530 est
1102 2495 1125 2530 et
1136 2482 1175 2528 hic
1185 2497 1264 2529 versus
1275 2483 1312 2540 in-

264 2556 420 2621 terpolatoris.
431 2576 462 2588 -
473 2549 526 2608 388.
540 2553 619 2596 inertia
631 2554 682 2596 uitae
691 2552 749 2616 quid
766 2551 804 2598 hic
818 2557 859 2610 sit,
873 2569 922 2601 non
934 2555 1018 2602 dicum.
1036 2556 1113 2616 Lego,
1132 2557 1212 2600 inertia
1225 2555 1312 2608 somni,

263 2629 289 2677 lr.
301 2641 407 2680 somnus,
423 2623 463 2669 uhi
473 2635 588 2684 pastorem
600 2622 699 2678 dimisit,
711 2622 814 2688 reliquit.
824 2629 868 2670 υἱεῖ
878 2628 939 2687 conj.
954 2628 1032 2672 lleins.
1045 2650 1075 2661 -
1088 2625 1140 2671 385.
1156 2633 1224 2688 repret
1236 2621 1312 2669 Scali-

263 2719 305 2765 ger
313 2697 434 2748 emendet,
446 2689 564 2739 necmsle.
575 2694 652 2741 Potest
663 2706 740 2740 tamen
750 2699 825 2742 oratio
835 2699 979 2743 continuari:
992 2711 1051 2762 oeqer
1058 2713 1098 2742 nee
1108 2695 1220 2758 tulitpro,
1229 2710 1273 2740 non
1281 2702 1311 2750 t,

263 2786 291 2818 nt
303 2773 360 2824 ioci,
372 2764 461 2814 sublata
472 2763 621 2810 distinctione
630 2777 683 2826 post
693 2783 758 2830 aper.
768 2765 841 2814 Aliam
854 2767 992 2824 lectionem,
1002 2783 1071 2830 quarn
1083 2770 1151 2814 etiam
1160 2782 1201 2813 tus.
1214 2765 1310 2812 Helmst.

264 2859 317 2892 curn
332 2843 409 2886 Petsv.
424 2849 446 2882 et
456 2836 521 2880 Voss.
537 2836 619 2892 habet,
631 2838 720 2900 profert
731 2838 832 2902 Scaliger
842 2853 865 2886 et
877 2841 974 2902 probat:
988 2841 1084 2886 litterius
1094 2843 1193 2904 praviter
1201 2849 1312 2900 regemert-

265 2925 323 2960 trm:
335 2915 366 2958 ita
378 2910 440 2955 enim
454 2906 615 2964 scribendum,
631 2924 677 2954 uon
692 2925 742 2975 reqe
759 2921 861 2958 mentem.
874 2911 959 2958 Jacobs
974 2924 1053 2958 noster
1071 2927 1115 2958 em.
1129 2913 1225 2974 inparuit
1239 2916 1262 2952 et
1274 2923 1310 2970 pr.

263 2983 345 3032 Malim
353 2981 463 3044 Ingemuit
472 2981 583 3042 praviter,
595 2990 690 3027 mentem
699 2997 768 3048 teger,
779 2999 801 3028 n.
812 3009 843 3019 -
853 2982 906 3028 386.
919 2983 942 3028 S.
954 2982 1064 3028 inclusum
1074 2999 1115 3029 ms.
1126 2980 1211 3026 Ktrler.
1220 3005 1250 3015 -
1258 2979 1310 3026 388.

265 3058 346 3116 Qucis,
360 3053 428 3110 Quis,
446 3049 540 3097 viribus.
556 3067 644 3116 puqnas
659 3067 715 3100 vett.
732 3055 801 3110 edm,
815 3053 884 3100 ursle.
898 3053 982 3100 ltosteru
993 3059 1035 3101 int.
1049 3055 1154 3118 hydram.
1163 3077 1194 3088 -
1204 3051 1257 3112 389.
1272 3052 1311 3096 Uti

265 3127 424 3176 distinximus,
438 3139 459 3166 υ.
474 3137 493 3166 s.
505 3121 589 3184 fronde
606 3123 709 3172 latentem
726 3125 799 3174 ἱοοιιηι
812 3127 939 3187 junximus.
954 3127 1001 3174 Alii
1012 3129 1092 3174 linium
1108 3124 1212 3170 latentem
1223 3127 1312 3186 junxe-

265 3210 330 3253 rant,
340 3193 378 3241 rel
390 3193 474 3240 hostem
488 3191 703 3260 tunnam-391.
719 3196 761 3243 linc
765 3197 828 3261 ferri
838 3197 944 3254 cupidum
956 3210 1012 3244 vett.
1028 3197 1097 3252 edd„
1111 3196 1183 3250 male,
1195 3207 1218 3241 et
1230 3212 1252 3241 v.
1268 3195 1311 3254 392

264 3269 330 3316 abest
344 3273 382 3311 ut:
392 3275 441 3309 tum
454 3263 536 3310 Aldina
548 3281 599 3310 cum
613 3267 667 3313 edd.
678 3269 720 3314 Ge.
732 3268 824 3313 Fabrir.
837 3267 998 3331 uindifodiens
1008 3269 1042 3314 de.
1053 3264 1158 3330 capulum
1169 3269 1191 3312 in
1202 3280 1265 3310 usam
1276 3278 1314 3308 ns-

265 3347 341 3402 petere
350 3337 408 3381 mire
418 3334 505 3380 dictum
516 3347 556 3380 est.
570 3337 647 3383 Heius.
663 3341 725 3402 conj.
742 3354 769 3384 ac
776 3337 839 3399 ferri
851 3354 871 3383 c.
888 3355 906 3384 r.
920 3349 992 3396 actor,
1007 3338 1071 3401 quoti
1083 3353 1131 3382 non
1144 3335 1270 3382 satisfacit.
1281 3357 1312 3368 -

267 3409 321 3470 393.
335 3409 363 3452 ln
373 3405 418 3452 hoc
430 3417 453 3451 et
463 3421 528 3471 seqq.
545 3406 611 3470 plura
626 3407 729 3473 plurium
743 3409 924 3458 versificatorum
939 3413 1073 3457 trumuine.
1087 3411 1129 3454 llic
1141 3408 1222 3453 saltem
1233 3419 1313 3452 versus

305 3552 364 3620 384.
378 3551 497 3626 Exsurgit
506 3574 521 3606 a
531 3573 624 3608 somno
637 3570 730 3628 postor
741 3568 768 3607 et
813 3555 1039 3629 apparet-390.
1051 3549 1310 3623 capitcoufonnnre:

269 3633 355 3687 Culiri
367 3633 496 3685 tumulum
515 3649 601 3705 parnt.
622 3637 677 3688 Etsi
696 3638 767 3688 enim
813 3638 937 3706 suscipit,
952 3647 980 3685 ut
998 3651 1078 3704 supra
1093 3640 1227 3701 conrparut
1241 3628 1310 3678 dare.

269 3733 325 3768 non
338 3713 433 3766 diserte
444 3713 477 3766 tle
489 3734 521 3766 eo
531 3715 614 3768 Culex
626 3718 769 3785 conqueri·
812 3732 837 3766 r.
861 3715 911 3780 204
931 3724 957 3764 et
975 3713 1000 3762 in
1016 3711 1097 3781 fessos
1118 3709 1232 3781 requiem
1250 3707 1311 3758 dare

269 3806 327 3856 tur,
341 3791 413 3864 quod
422 3794 500 3862 justis
515 3795 565 3846 sibi
577 3813 631 3846 nou
644 3795 768 3864 prestitis
812 3801 948 3863 comparat
967 3802 1045 3842 artus.
1064 3788 1144 3840 :iliud
1166 3801 1205 3839 ost
1224 3785 1311 3836 locum

269 3873 364 3926 umbra
380 3874 407 3924 in
427 3875 519 3925 inferis
536 3873 625 3924 sedem
642 3873 769 3924 habiturn
812 3891 919 3944 capere,
937 3871 1008 3942 quod
1024 3870 1140 3939 Scaliger
1156 3867 1208 3920 hun
1222 3876 1309 3918 rorst-

269 3965 368 4006 certont
381 3954 767 4022 nonsit,totnmttttnonp0e-
810 3953 919 4019 -39t.
937 3951 1007 4021 ferri
1023 3947 1310 4022 eapulttm‚tleligotttt

270 4045 302 4086 tn
313 4032 434 4086 fabulum
446 4049 478 4082 eo
494 4041 696 4101 attemperatum
710 4049 767 4110 esse
812 4032 925 4104 accipio.
