2998 4670
369 394 422 458 IN
444 388 831 459 GEORGICORUM
854 391 948 457 LlB.
974 393 1037 458 lv.
1161 393 1223 459 585

225 517 306 580 Paris
322 537 443 579 rtnrrs.
461 519 509 599 95.
529 519 653 577 Transit
672 537 688 576 a
708 513 843 598 Regibus
861 517 900 576 ad
919 537 1008 600 spes:
1029 515 1141 578 harum
1157 517 1226 577 alise

183 613 288 686 turpes
300 619 386 680 sunt,
401 617 493 686 atque
502 603 651 680 horridae,
663 617 698 664 ut
708 623 815 685 earum
828 606 890 664 Rex
902 627 908 662 :
922 605 1008 680 vide,
1019 621 1054 668 ut
1063 608 1165 666 viator
1174 605 1226 664 siti

185 690 304 766 aridus,
326 695 440 776 cuique
459 691 561 754 fauces
580 706 654 753 sunt
672 691 773 774 plenae
788 689 923 773 pulveris
941 713 977 752 ex
996 695 1063 771 via,
1084 693 1181 755 soleat
1194 692 1227 750 in

184 787 299 838 terram
313 799 436 861 spuere,
452 801 488 841 ac
500 792 575 841 tunc
590 779 705 840 formet
721 793 843 861 turpem
858 777 1022 860 globulum
1037 802 1073 841 ex
1087 780 1186 841 saliva
1199 789 1230 839 et

184 879 267 926 terra
278 889 285 925 ι
298 865 371 928 huic
385 871 428 928 rei
444 867 561 929 similes
574 882 647 930 sunt
660 883 782 950 turpes,
795 883 825 928 ct
836 865 971 931 horridae
983 889 1074 952 apes:
1090 868 1158 930 alise
1170 867 1230 930 ful·

185 967 312 1032 gurent,
327 970 504 1034 coruscant,
519 955 691 1038 ardentque
706 977 799 1031 auro,
814 954 960 1016 interlitae
974 957 1070 1038 guttis
1087 955 1229 1038 paribus3

184 1039 299 1104 herum
318 1065 413 1128 epum
431 1066 528 1127 genus
543 1047 652 1106 melius
671 1058 729 1119 est;
752 1067 787 1107 ex
807 1043 933 1107 illerum
953 1046 1128 1107 alvearibus
1147 1065 1231 1104 com·

183 1149 260 1212 pars
273 1131 332 1194 tihi
345 1149 535 1217 proventum
546 1135 661 1212 mellis,
674 1134 774 1196 dulcis
785 1134 928 1218 quidem,
944 1137 995 1197 sed
1009 1150 1149 1196 nontam
1162 1131 1231 1192 dul-

184 1219 243 1296 cis,
259 1242 353 1302 quam
366 1236 396 1282 et
407 1223 536 1305 liquidi,
553 1237 584 1284 et
600 1224 721 1299 idonei,
738 1237 773 1284 ut
785 1245 823 1285 eo
837 1226 947 1284 vinum
960 1243 1104 1308 asperum
1115 1233 1231 1302 tempe·

184 1322 269 1369 retur
281 1309 490 1393 reddaturque
504 1310 607 1372 lenius
622 1311 661 1372 ad
676 1325 798 1394 potum.

228 1399 292 1458 103.
304 1399 403 1474 Dicit,
421 1400 597 1460 retinendas
612 1421 699 1483 spes,
718 1422 816 1482 quum
834 1413 949 1462 exeunt
961 1421 998 1463 ex
1012 1400 1107 1460 alveis
1121 1398 1160 1458 sd
1174 1415 1229 1456 vo·

182 1484 314 1547 lendum
334 1503 365 1550 et
386 1489 548 1572 agitandas
567 1488 696 1552 choreas
714 1492 747 1550 in
768 1509 852 1567 sere,
872 1492 1042 1573 amputatis
1061 1489 1135 1572 Regi
1152 1486 1230 1547 alis:

220 1637 684 1718 95.Facies.Csplendahievoxpro
768 1663 825 1698 ros.
848 1643 968 1719 liquida.
994 1643 1148 1706 Defnenta,
1171 1639 1230 1690 sine

184 1728 242 1769 tots
259 1725 378 1792 corporis
394 1723 553 1778 habitudine
569 1744 600 1778 ex
619 1739 685 1779 note
729 1725 871 1778 sordibus:
891 1744 946 1778 nou
968 1743 1027 1796 qun
1046 1721 1148 1786 fluunt,
1166 1736 1230 1770 nam

184 1797 282 1851 Nonii:
296 1819 371 1868 nam,
381 1817 411 1856 ut
421 1806 538 1876 species,
549 1806 636 1877 inquit
651 1806 684 1858 il·
729 1806 801 1859 mala
811 1818 880 1860 sunt.
891 1833 926 1846 -
933 1805 1035 1856 Duusm
1045 1801 1140 1856 Bacchi
1148 1797 1231 1850 domi·

184 1875 224 1942 le,
237 1877 309 1932 dieta
324 1879 357 1932 ah
371 1896 495 1955 aspectu,
508 1883 592 1958 figure
605 1905 622 1938 e
633 1883 683 1937 lin·
730 1897 788 1940 tssra
803 1905 927 1958 saporem.
940 1887 1012 1958 Apta
1030 1883 1116 1936 mulso
1132 1902 1138 1932 ε
1159 1880 1229 1932 bene

184 1956 288 2030 gendo,
301 1962 429 2017 itafscies
442 1983 457 2017 a
472 1965 685 2036 facturacorpo·
730 1978 819 2020 nutem
840 1967 878 2018 ait
900 1965 995 2017 durum
1015 1981 1147 2034 saporemt
1167 1959 1231 2032 quie

184 2037 229 2089 ris.
243 2067 276 2078 -
293 2039 328 2091 Ut
339 2041 405 2096 tine
419 2061 507 2116 requm
516 2044 608 2116 facien
624 2044 686 2112 Qus
729 2049 843 2118 majores
851 2049 914 2100 vine
924 2046 1070 2118 asperrima
1079 2041 1164 2095 mellis
1173 2039 1231 2092 dul·

184 2117 238 2168 sint
258 2118 345 2172 farma
366 2139 446 2194 epum
468 2141 543 2196 reges
568 2123 685 2178 dilucide
730 2127 824 2182 cedine
832 2127 1027 2199 temperabant.
1036 2123 1149 2178 S.—D·
1161 2122 1230 2171 V⁰³⁵

184 2193 288 2250 Colum.
300 2199 349 2264 lll,
364 2218 408 2265 ¹⁰3
419 2200 592 2256 nhihleronis
601 2204 685 2255 utitur
728 2221 790 2278 post
805 2209 926 2260 Dioscer.
939 2207 973 2272 V,
989 2205 1034 2272 16,
1049 2205 1098 2268 sit,
1114 2200 1229 2254 mulsum

184 2279 347 2330 testimonio.
361 2283 447 2332 Emm.
728 2285 785 2338 lieri
806 2284 911 2338 duabus
932 2285 988 2335 vini
1008 2281 1152 2344 mensuris,
1174 2297 1230 2330 une

219 2357 263 2427 96.
278 2359 400 2430 Namque
411 2359 478 2412 alise.
496 2361 574 2412 Plura
591 2363 682 2432 apium
727 2363 812 2414 mellis
834 2361 967 2426 admixta,
989 2361 1125 2428 refertque
1146 2355 1229 2408 rerba

182 2455 283 2508 genere
294 2439 385 2490 statuit
398 2439 476 2490 Arist.
490 2457 549 2510 cap.
565 2440 616 2507 40;
628 2439 682 2492 Gn·
726 2442 798 2494 senis
811 2440 881 2494 illius
894 2441 1014 2512 Augusto
1027 2435 1229 2508 respondentis,

182 2513 247 2568 lum.
260 2534 291 2568 ex
301 2515 347 2568 illo
360 2535 419 2589 cap.
433 2517 466 2579 3;
480 2529 506 2570 et
518 2519 584 2570 Plin.
598 2538 621 2571 c.
636 2521 682 2582 18;
726 2539 755 2574 se
765 2520 929 2572 alacritatem
940 2519 1021 2571 enimi
1030 2515 1183 2588 etcorporis
1194 2513 1230 2566 ed

183 2593 309 2666 Virgilius
326 2597 389 2649 satis
407 2595 481 2649 duxit
495 2595 562 2653 duas
579 2601 682 2671 species
728 2613 835 2654 eentum
861 2617 946 2652 annos
971 2597 1137 2664 servavisse,
1160 2595 1230 2648 laites

185 2673 322 2728 adhibere.
336 2677 423 2730 cerda.
727 2681 826 2742 muls03
839 2681 990 2733 extrinsecus
1007 2677 1072 2731 eleo.
1089 2676 1231 2730 Democri-

220 2773 263 2826 99.
274 2757 341 2810 Ls'ta.
351 2756 426 2810 Ordo
439 2771 493 2812 est:
505 2759 628 2814 ardentes
639 2779 684 2813 en·
728 2774 771 2814 tus
784 2761 876 2815 ambas
889 2779 931 2814 res
943 2760 1045 2832 pariter
1058 2754 1230 2810 commenda-

184 2853 216 2886 re
229 2854 358 2909 corpore,
371 2853 398 2892 et
409 2839 520 2912 peribus
531 2843 613 2914 qnttis
626 2841 682 2894 lite.
728 2854 811 2896 verat.
823 2841 910 2894 cerda
920 2859 974 2894 non
985 2839 1019 2892 de
1030 2838 1130 2903 mulso,
1140 2835 1187 2890 sed
1197 2834 1231 2887 de

185 2915 304 2989 Philarq.
315 2947 350 2958 -
365 2920 474 2974 Panibus
482 2923 570 2994 quttis.
584 2920 615 2974 ld
628 2933 683 2987 est,
727 2923 791 2974 vino
801 2933 949 2992 temperato
960 2919 1092 2990 intelligit,
1102 2930 1127 2970 et
1136 2927 1230 2968 testem

184 2995 331 3048 similibus:
342 2999 453 3051 maculis
462 3003 550 3054 eureis
560 2999 685 3054 distincta
727 3001 862 3054 Aufidium
870 3003 986 3064 invocat,
995 2995 1194 3059 exllnr.Set.ll,
1203 2993 1228 3059 4.

183 3071 314 3127 hebentes
329 3093 458 3147 corpore,
474 3091 504 3130 ut
520 3078 592 3130 Serv.
610 3079 683 3152 Seps
768 3081 939 3154 sonusque
949 3089 1022 3132 tecta.
1033 3077 1140 3130 Servius
1150 3073 1232 3144 expli·

185 3152 221 3206 ad
232 3166 366 3206 externum
376 3159 491 3226 speeiem
504 3159 633 3224 refertur,
642 3161 685 3212 in·
729 3173 786 3224 cat,
797 3159 874 3211 melle
883 3177 978 3222 vacua,
991 3166 1070 3227 atque
1081 3154 1228 3225 inoperatus

186 3233 244 3304 quit
254 3231 430 3285 Sceiierusad
437 3233 524 3286 Phnd.
536 3237 573 3301 11,
583 3239 642 3290 Fen.
653 3237 682 3290 3:
728 3257 807 3302 nem,
827 3254 909 3306 quum
926 3252 990 3306 spes
1008 3245 1070 3285 sunt
1088 3234 1116 3284 in
1131 3249 1230 3302 opere,

185 3313 267 3365 amboe
279 3311 359 3364 videri
368 3313 430 3366 dum
443 3313 535 3368 uolunt
548 3315 590 3367 illi
601 3335 682 3388 pares.
722 3319 810 3390 fervet
818 3333 898 3387 opus.-
905 3315 994 3387 frique
1003 3314 1075 3366 enim
1087 3311 1121 3364 de
1134 3329 1162 3364 re
1174 3309 1232 3362 len·

225 3393 684 3449 roo.Poti0rsuholes.Admellasei·
728 3409 771 3462 te,
787 3406 814 3448 et
833 3396 943 3448 remissa
962 3392 1069 3446 dicitur.
1090 3390 1157 3458 Quis
1176 3408 1230 3441 non

184 3470 249 3524 licet
262 3473 436 3543 procreanda.
449 3503 485 3514 -
498 3475 558 3528 Coels'
572 3486 685 3548 tempore
728 3466 918 3528 Terentianum
938 3472 1006 3526 illud
1027 3471 1149 3524 audivit?
1170 3469 1232 3524 Sine

184 3561 260 3602 certo.
275 3553 307 3604 Et
319 3571 401 3624 quum
413 3554 536 3607 emuntur
547 3554 684 3622 Pleiades,
731 3559 817 3610 Cerere
828 3565 853 3607 et
868 3553 969 3607 Baccho
977 3553 1063 3626 friqet
1078 3553 1171 3606 Venus.
1189 3549 1232 3603 sie

187 3644 214 3682 et
232 3647 314 3701 quum
333 3631 475 3684 occidnut:
490 3633 519 3686 id
531 3647 585 3700 est,
601 3653 684 3687 verne
729 3637 823 3692 Cicero
832 3637 976 3689 inVerrem
986 3633 1050 3686 dixit
1062 3632 1233 3706 :judiciafrh

186 3725 213 3764 el
226 3723 362 3765 autumno.
374 3715 444 3768 Serv·
727 3729 825 3792 pereat.
833 3716 875 3770 sic
883 3716 1044 3787 inEp.Vlll;
1055 3714 1131 3784 Quod
1138 3714 1183 3765 siti
1190 3732 1232 3766 su·

226 3807 284 3843 ιοι.
298 3791 393 3844 Dulcis
408 3793 495 3846 mella.
511 3795 573 3848 Non
585 3809 625 3849 est
641 3815 686 3850 su·
728 3817 777 3871 pra
794 3797 895 3870 scripsi,
911 3797 1046 3849 Οιιήοιιειιι
1053 3795 1232 3866 friqere,jam

186 3869 317 3941 perflunn
333 3871 485 3943 epitheton:
499 3891 561 3928 nem
573 3876 634 3929 ideo
647 3878 685 3930 ait
730 3879 806 3932 salet.
820 3877 912 3931 Servio
929 3878 981 3928 ists
998 3873 1101 3927 addidit
1119 3872 1230 3923 Pontan.

187 3947 289 4015 dulcia,
303 3953 454 4022 quinetiam
466 3967 527 4006 suut
538 3974 644 4024 smera,
658 3970 687 4010 ut
732 3959 766 4010 Et
774 3975 823 4029 ego
833 3957 954 4027 utrique:
967 3953 1075 4006 ductum
1085 3949 1113 4001 id
1124 3968 1154 4002 ex
1162 3950 1234 4002 Grn-

187 4031 348 4096 Gorsicsna;
363 4034 432 4090 sicut
442 4037 470 4092 in
479 4035 609 4091 Bucolicis
621 4037 689 4093 dixi·
732 4037 785 4105 cis,
795 4038 842 4108 qui
854 4037 881 4087 in
891 4035 942 4088 hec
955 4031 1147 4108 significatione
1157 4030 1233 4102 capi·

187 4126 255 4164 mus.
269 4111 339 4168 Serv.
732 4129 781 4172 unt
791 4112 894 4189 duppin,
906 4127 933 4171 et
943 4111 1091 4184 ψυχρότητι.
1105 4108 1193 4165 Cerda.
