2986 4694
501 417 505 426 '
611 415 756 483 Clitis.
1014 441 1018 450 ·
1141 429 1199 510 145

164 545 251 612 Hinc
263 547 367 627 sinuo,
380 543 458 611 hinc
470 543 566 610 statio
578 560 691 609 eontra
703 557 793 630 patet
805 543 1014 644 Hermionen.
1093 635 1097 646 .

163 652 340 741 Linquitur
350 668 426 717 ante
437 651 516 716 alias
527 651 626 738 longe
639 649 819 738 gratissima
830 651 931 716 Delos

165 757 344 823 Nereidum
356 758 451 823 matri
463 773 497 822 et
507 759 662 845 Neptuno
676 757 793 842 AEgaeo.

165 863 326 952 Prospicit
337 864 510 929 incinctam
524 861 690 951 spumanti
702 860 796 926 litore
809 860 977 950 Cythnon,
1160 884 1205 947 47⁵

166 969 453 1058 Marmoreamque
464 971 587 1046 Paron,
600 965 806 1056 viridemque
818 963 952 1055 adlapsa
964 970 1146 1056 Donusam,

165 1145 220 1194 edd.
229 1145 298 1193 Basil.
309 1148 400 1193 Interea
408 1161 452 1209 pro
461 1160 530 1193 secan
539 1161 593 1192 meo
600 1144 740 1192 contendam
747 1147 829 1208 quovis
838 1147 944 1210 pignore,
954 1145 1002 1194 dno
1011 1147 1053 1194 lios
1062 1167 1141 1200 versas
1150 1154 1208 1219 470,

165 1214 209 1278 i7¹
222 1215 276 1261 Jans
285 1216 399 1280 procul...
412 1214 583 1279 Flaccumque,
599 1231 612 1260 a
625 1214 684 1260 mala
699 1231 770 1260 manu
779 1219 876 1263 venisse.
889 1241 919 1252 -
930 1215 984 1278 ipa.
1002 1219 1060 1264 Hine
1069 1224 1143 1279 sinas,
1160 1225 1211 1276 irinc

166 1290 233 1334 statio
243 1297 322 1336 contra
332 1295 396 1352 patet
406 1289 549 1332 Hermionea.
562 1285 649 1331 Sustnli
662 1285 749 1332 ioedum
764 1288 843 1334 lieins.
856 1300 880 1334 et
894 1287 1019 1333 Burmann.
1032 1290 1161 1341 editionum
1173 1301 1211 1344 vi.

167 1361 237 1415 tium,
250 1359 380 1405 Hermiona
394 1360 456 1404 Vett.
470 1357 524 1405 edd.
545 1359 685 1403 Hermiones.
705 1359 734 1402 At
750 1357 802 1404 Ald.
821 1359 877 1406 1518
894 1359 1032 1405 Henniontit.
1046 1362 1124 1411 lleins.
1139 1379 1212 1418 teniat

166 1432 340 1477 intestatae...
356 1430 510 1476 tremores:
521 1443 570 1474 non
584 1429 653 1475 bene.
666 1431 747 1475 Sinum
761 1431 897 1476 Saronicum
911 1433 1030 1478 erectim
1043 1434 1155 1496 Cycladas
1166 1456 1212 1502 pe.

166 1501 269 1548 tentibus
287 1499 316 1546 sb
334 1499 406 1547 altera
424 1511 490 1562 parte
505 1498 546 1546 ille
563 1501 613 1562 ipse
629 1499 705 1554 sinus,
725 1514 738 1543 a
754 1498 834 1545 dextra
850 1498 907 1545 litus
921 1499 1067 1562 Argolicum,
1089 1506 1114 1550 in
1135 1523 1211 1573 eoque

167 1573 294 1619 Hermione
306 1574 447 1636 prospicitur
457 1589 464 1619 t
474 1567 576 1636 ‘lipparim
589 1583 612 1617 et
623 1573 700 1633 poetis
708 1565 846 1630 ‘epatium
861 1571 911 1618 scil.
924 1569 1007 1636 χαίρει,
1016 1570 1081 1624 nittt
1093 1579 1141 1624 rid.
1151 1581 1214 1628 Pau.

167 1657 215 1688 san.
229 1643 263 1698 ΙΙ,
275 1641 317 1698 34,
329 1659 352 1705 p.
370 1657 420 1703 ¹9¹·
435 1642 518 1688 Strabo
529 1642 596 1694 viti,
612 1657 636 1705 p.
650 1641 695 1704 573
706 1641 733 1685 A.
747 1641 810 1688 inter
820 1642 901 1705 fragm.
914 1641 1067 1691 Callimachi:
1079 1643 1117 1697 Εἰς
1129 1647 1212 1699 'naim

166 1705 263 1761 'Anaeir
274 1728 300 1760 cs
312 1710 353 1760 rai
364 1711 471 1774 Ιμιυολιι
482 1708 622 1776 Ἑρμιονέων.
637 1714 675 1759 Est
689 1711 785 1777 quidem
798 1724 822 1759 et
833 1716 858 1759 in
870 1713 915 1760 lroc
927 1715 978 1778 ipso
992 1714 1060 1764 litore
1075 1721 1139 1768 sinns
1151 1723 1213 1770 lier-

167 1785 277 1841 rnionins,
284 1801 355 1849 quem
362 1797 440 1832 tamen
448 1800 497 1831 non
504 1796 582 1847 putoa
591 1794 660 1846 poeta
669 1783 881 1849 significat-iqunm
890 1791 970 1831 conoe
979 1785 1063 1834 addat:
1074 1791 1134 1837 Hinc
1143 1796 1214 1850 sinus,

169 1852 425 1902 concertationum
435 1856 545 1918 equidem
555 1855 585 1901 de
592 1859 643 1900 satu
651 1854 748 1901 dubito:
761 1868 784 1902 ct
795 1858 901 1919 suspicor
911 1856 982 1903 inisse
993 1860 1104 1921 scriptum
1113 1877 1119 1908 :
1129 1863 1215 1910 Seretion

170 1923 233 1981 iirsc,
244 1928 311 1972 sntio
321 1935 401 1973 tantm
410 1935 473 1989 patet
484 1927 627 1972 Hermanno.
640 1951 671 1960 -
682 1924 736 1988 473.
751 1925 805 1988 474.
823 1927 909 1972 Versus
920 1925 1051 1974 adumbrati
1066 1946 1094 1976 ex
1108 1933 1157 1978 AEn.
1170 1933 1215 1990 ΙΙΙ,

171 1996 213 2060 73,
231 1997 273 2060 74,
292 1997 333 2044 nbi
351 1998 412 2047 ride.
428 2023 460 2034 -·
476 1997 530 2061 473.
550 1996 656 2043 cinnum
671 2008 727 2045 vett.
744 1997 798 2043 edd.
815 1997 902 2042 Citrum
916 1995 964 2042 tul.
980 1999 1087 2046 Sabinus.
1104 2007 1219 2066 spumanti

167 2072 254 2134 ynryite
262 2071 299 2116 lc.
312 2069 433 2118 Schrader.
447 2073 523 2134 conj„
534 2083 557 2117 et
568 2071 680 2133 Prospicit
690 2058 857 2116 isinc'einctam.
869 2093 899 2105 -
909 2067 964 2132 476.
975 2071 1111 2136 viridemque
1122 2075 1218 2139 adlapsa

168 2141 292 2202 Donysam.
307 2144 423 2206 Scriptum
432 2141 502 2190 simili
514 2159 579 2190 more
593 2153 642 2188 erat
654 2143 704 2186 AEn.
716 2141 760 2198 ΙΙΙ,
777 2143 833 2188 125:
847 2156 892 2188 nec
905 2153 966 2188 extat
975 2154 1056 2188 auctor
1065 2147 1119 2192 satis
1128 2149 1217 2210 pravis,

169 2213 233 2260 unde
245 2225 296 2260 tuto
309 2217 423 2278 scriptura
435 2217 546 2262 constitui
562 2227 648 2278 posset.
663 2215 730 2259 linae
743 2225 820 2260 tamen
834 2228 883 2259 non
897 2211 995 2259 multum
1009 2214 1102 2272 absum,
1117 2220 1174 2280 quin
1186 2217 1217 2264 li-

169 2283 265 2332 hrornm
273 2288 297 2332 in
308 2286 403 2334 AEneide
411 2285 504 2348 etapud
513 2285 574 2331 Plin.
582 2287 735 2348 Tacitnmque
745 2283 869 2331 lectionem
878 2318 885 2339 ,
896 2283 991 2329 Βοηωη
1002 2299 1046 2345 pro
1053 2301 1109 2331 vero
1121 2289 1217 2334 nomine

169 2351 278 2402 habeam
294 2356 364 2412 llam,
378 2359 397 2402 si
411 2373 424 2402 a
437 2357 541 2420 Dionyso
552 2355 650 2401 ductam
661 2365 733 2409 esset,
752 2351 859 2400 marocia
874 2367 924 2399 esse
934 2351 1052 2398 debehat:
1068 2354 1132 2416 qnod
1148 2358 1218 2401 etiam

171 2422 282 2470 inflexum
293 2424 352 2472 illnd
364 2426 443 2474 videas
459 2426 523 2490 apud
538 2425 619 2488 Steph.
638 2427 692 2489 Bys.
709 2426 735 2470 in
746 2419 857 2471 carcaria
872 2420 950 2484 (apud
962 2417 1065 2466 Eustath.
1076 2421 1106 2468 ed
1121 2425 1217 2489 Dionys.

170 2493 261 2558 Perieq.
276 2496 321 2543 ⁵30
332 2494 422 2544 Nsocist
431 2509 540 2561 corrupte
550 2496 649 2560 legitur:
662 2496 782 2558 exscripsit
791 2505 868 2540 antem
880 2491 921 2538 illc
933 2491 1074 2552 Stephanum
1084 2495 1092 2552 )
1102 2506 1128 2540 nt
1137 2497 1167 2541 sit
1175 2511 1220 2558 pro

172 2563 291 2621 Διονυσία,
303 2567 368 2630 quod
380 2570 486 2631 ineptum
498 2581 545 2624 est;
555 2566 597 2614 sed
609 2579 633 2614 et
643 2568 720 2630 ipsam
732 2577 870 2629 argumento
880 2577 929 2610 csse
938 2573 1026 2626 potest,
1041 2579 1121 2610 rerum
1133 2580 1221 2612 nomen

171 2633 274 2682 narciae
284 2635 354 2685 imese
366 2631 419 2685 citri
429 2636 474 2686 est
485 2633 565 2692 ninii,
574 2649 672 2701 propter
684 2649 750 2682 terre
761 2635 821 2682 forte
834 2646 923 2692 matus,
935 2645 961 2680 nt
974 2634 1069 2680 Vossius
1083 2636 1179 2696 conjicit
1190 2635 1221 2682 ad

172 2703 259 2752 Melam
270 2707 304 2765 ΙΙ,
318 2725 343 2771 7,
364 2708 414 2766 rod.
431 2709 501 2773 Apud
514 2708 602 2756 Melam
613 2721 692 2754 tamen
702 2719 846 2754 constantem
856 2705 969 2751 librorum
982 2701 1120 2761 lectionem,
1133 2706 1221 2767 Diony-

172 2778 218 2834 sia,
228 2779 375 2828 retinendam
388 2781 501 2838 achinom
515 2782 592 2844 potnit
604 2782 667 2828 enim
678 2782 741 2826 inter
752 2789 786 2826 tot
798 2776 855 2824 aliar
866 2776 1012 2824 obscuriores
1022 2775 1137 2838 Sporadas
1151 2779 1221 2826 etiam

174 2937 338 3004 compararit
352 2955 383 2990 ex
394 2935 442 2990 Ge.
455 2939 481 3005 Ι,
494 2937 561 3006 389,
572 2936 605 2989 de
616 2954 675 2989 eor·
721 2933 759 2986 ibi
770 2932 843 2986 Serv.
858 2929 892 2982 ad
903 2927 1111 2982 marmorriride
1123 2932 1221 3001 respici

175 3011 233 3064 nice
245 3033 251 3062 ι
265 3023 291 3064 et
297 3013 353 3066 sola
364 3016 392 3067 in
402 3016 469 3068 sicce
478 3035 567 3070 seeum
579 3015 676 3087 spatia·
722 3014 767 3064 ait.
780 3041 815 3051 -
828 3010 888 3080 476.
902 3009 1080 3085 Marmorecm
1091 3007 1180 3061 Paron
1185 3047 1195 3073 ,
1206 3027 1223 3060 a

175 3098 219 3139 tur
229 3109 326 3158 arena,
339 3106 409 3147 etex
419 3095 571 3148 Claudiano
585 3094 674 3166 Epith.
721 3096 884 3144 intirmorum
897 3087 1010 3153 fodinis,
1021 3089 1101 3138 etiam
1109 3087 1221 3139 Ovidius

174 3165 240 3218 Pall-
255 3168 300 3239 47,
312 3173 379 3243 qnid
391 3173 477 3225 medio
490 3183 576 3226 tecum
585 3173 676 3225 modu·
722 3167 929 3230 diiitMetJll,
940 3165 1005 3233 465,
1015 3164 1091 3230 loco,
1100 3183 1153 3235 qno
1162 3185 1223 3218 enm

176 3243 239 3298 laris
249 3246 277 3298 t'n
286 3251 369 3302 cestu?
379 3249 497 3322 Scaliger
507 3261 582 3304 notas
590 3269 677 3304 secum
722 3261 784 3302 ante
793 3247 886 3301 oculor
894 3243 1020 3298 hahuisse
1028 3243 1054 3294 lr.
1064 3243 1082 3295 l.
1092 3246 1222 3314 suspicor.

175 3343 225 3396 per
248 3327 425 3380 archaismnm
447 3328 549 3381 dictura
569 3329 677 3382 volebat
722 3329 832 3382 viridena
848 3329 1000 3389 Donusam,
1022 3326 1075 3394 jem
1093 3327 1152 3376 AEn.
1173 3327 1223 3392 ΙΠ,

177 3418 227 3470 pro
237 3405 294 3457 sibi.
308 3407 421 3480 Eleganc
435 3419 524 3460 cutem
536 3404 563 3459 ri
581 3425 678 3478 respec-
725 3406 914 3472 125,vidimus.
924 3402 1224 3475 interealcborichcjns

179 3489 266 3544 tamn
275 3499 301 3535 et
311 3485 375 3538 olibi
386 3487 526 3560 respicere,
534 3497 676 3559 aspectare,
722 3487 831 3539 tedium
842 3485 931 3536 levare
941 3483 1021 3536 liceat
1034 3482 1088 3535 alic
1099 3483 1224 3538 observa·

179 3571 209 3610 nt
215 3558 262 3612 Ge.
270 3561 315 3626 ΙΙΙ,
323 3567 427 3620 arone
437 3566 546 3638 reliquis
553 3565 676 3618 ridvar.
723 3569 805 3619 tione.
816 3565 846 3615 ln
857 3563 919 3615 loco
930 3561 986 3613 AEn.
999 3562 1048 3626 ΙΙΙ,
1063 3562 1222 3627 125,AEneas

178 3638 251 3690 Lect.
269 3669 303 3678 -
317 3640 377 3710 471.
393 3641 525 3696 Florentes
542 3643 678 3717 Cycladas,
724 3665 739 3699 c
752 3645 818 3698 Delo
831 3655 938 3697 evectus
946 3643 996 3694 iter
1005 3643 1106 3694 faciens
1116 3661 1165 3713 per
1174 3645 1224 3718 CJ-

179 3731 292 3790 propter
313 3719 394 3773 silvas
417 3721 496 3794 longe
520 3725 679 3795 conspicuas
724 3725 816 3780 clades
838 3723 965 3794 relinquit
988 3723 1108 3789 Naxum,
1129 3722 1225 3778 Donu-

179 3799 374 3872 ncvigantibus.
384 3799 427 3853 Sic
433 3800 547 3854 Ovidius
554 3804 623 3854 inter
630 3801 680 3874 Gy·
725 3803 989 3870 ⁸³m‚01earonete.
1005 3803 1062 3854 Hoc
1076 3801 1137 3854 loco
1151 3823 1226 3875 pros·

180 3879 415 3956 eladcsflorentem
425 3879 680 3951 CytinonMet.Vil,
725 3887 790 3959 picit
819 3883 907 3956 Scylla
942 3881 1089 3955 Cythnum,
1119 3885 1224 3951 Paron,

181 3959 249 4026 464,
265 3974 292 4014 et
307 3973 398 4014 noster
416 3975 497 4034 poeto
512 3961 605 4034 paullo
620 3976 682 4034 post
725 3967 871 4018 Donucam.
884 3962 954 4015 Situs
965 3961 1034 4014 adeo
1043 3961 1122 4032 hujus
1134 3962 1226 4014 insulta

135 4081 140 4090 .
182 4039 683 4115 viridemDonntnmdixit5quodetiam
727 4063 759 4098 ex
781 4045 823 4097 his
843 4045 908 4116 ipsis
926 4041 1017 4114 aliqua
1036 4044 1140 4093 ratione
1162 4044 1228 4093 cisn-

184 4119 240 4171 AEn.
252 4121 303 4188 ΙΙΙ,
326 4121 391 4188 125,
411 4137 617 4184 memoraverat,
633 4127 682 4178 etsi
727 4126 795 4178 mari
804 4136 907 4196 potest;
921 4117 1138 4192 quandoquidem
1148 4139 1229 4174 cecu-

256 4206 278 4258 5.
1020 4223 1050 4264 to
