2974 4692
280 283 322 364 ts
526 281 561 344 r.
585 278 816 346 vrusttrr
838 283 1069 356 ultiouis

194 484 198 493 g
278 407 418 474 Restitui
429 407 556 495 superis
569 405 625 471 leti
633 406 703 496 jam
714 407 828 473 limine
839 407 881 476 sb
893 411 985 500 ipso?

277 515 412 579 Praemis
425 527 501 576 sunt
512 513 641 600 pietatis
653 511 729 577 ubil
739 515 869 602 pietatis
880 513 1024 584 honores

277 621 315 686 ln
327 640 425 683 vanas
437 617 548 682 abiere
560 618 663 698 vices;
675 635 708 682 et
720 641 796 683 rure
808 621 942 686 recessit

273 727 414 791 lustitiae
426 725 518 813 prior
529 724 584 790 ills
596 722 693 804 fidss;
707 725 860 790 instantia
871 725 939 791 vidi

273 833 429 911 Alterius,
443 831 513 895 sine
525 845 678 918 respectu
689 853 763 896 meu
775 831 841 896 lats
851 833 1058 926 relinquens3

273 936 325 1004 Ad
337 937 455 1026 pariles
467 959 547 1023 agor
558 952 710 1018 eventus;
724 935 760 1001 lit
772 959 869 1025 poeuo
880 942 1036 1022 merenti3

273 1047 372 1108 Poens
384 1041 421 1106 lit
433 1041 582 1122 exitium3
594 1039 696 1106 modo
708 1042 750 1107 sit
762 1040 842 1107 dum
854 1061 944 1131 grets
956 1047 1120 1112 voluntas!

272 1150 395 1216 Existst
405 1169 466 1238 par
477 1146 638 1212 officium!
653 1149 755 1212 Feror
766 1150 838 1214 avia
850 1173 1001 1240 carpens,
1268 1166 1314 1214 230

271 1311 358 1359 studui.
372 1313 413 1359 Sin
424 1308 524 1356 alterurn
536 1320 654 1364 tenemus,
667 1310 774 1372 pueritate
785 1309 859 1358 Culex
872 1311 902 1358 de
913 1315 1001 1374 pietate
1016 1325 1039 1359 et
1049 1325 1113 1376 grets
1126 1314 1249 1371 memoria,
1261 1329 1313 1378 que

272 1381 352 1428 ollieio
367 1394 390 1427 et
406 1378 522 1426 beneficio
540 1389 636 1438 eccepto
651 1392 699 1422 nnn
713 1379 846 1441 respondet.
864 1380 968 1428 Alterum
980 1382 1025 1430 lroc
1036 1383 1120 1432 melius
1133 1387 1190 1446 poni
1201 1383 1315 1442 arbitr-ors

271 1461 406 1518 quantopere
418 1459 441 1494 tu
451 1447 480 1492 ab
492 1446 565 1508 sufficio
576 1450 646 1492 enimi
653 1450 714 1510 proti
723 1449 835 1512 degressus
846 1453 884 1498 es!
895 1451 1026 1500 discenieti.
1041 1454 1206 1502 Tanhmsnnus
1214 1453 1314 1518 officium

271 1523 301 1568 de
312 1521 428 1570 beneficio
439 1519 536 1578 accipit;
552 1532 600 1580 quo
614 1531 683 1564 sensu
694 1518 798 1582 relique,
812 1522 902 1586 ignoro.
913 1523 1034 1568 Artemius
1045 1523 1139 1569 reddit:
1151 1523 1199 1570 lieu
1210 1523 1267 1589 quid
1279 1537 1314 1570 est

270 1592 402 1658 gratitudo,
414 1590 515 1650 digressa
527 1587 556 1632 ab
566 1587 644 1634 officio
654 1593 712 1650 greti
724 1592 803 1638 enimi.
817 1619 849 1628 -
864 1591 916 1640 223.
931 1591 1012 1638 lumuu
1023 1593 1052 1639 ab
1063 1597 1110 1656 span
1121 1595 1186 1640 Voss.
1200 1607 1223 1641 et
1235 1597 1313 1642 Petet.

269 1689 302 1700 -
313 1663 366 1720 aul.
386 1659 488 1721 Scaliger
499 1670 562 1704 reete
572 1661 708 1706 concinnius
719 1674 802 1725 pntntt
822 1665 919 1710 Premis
933 1663 973 1710 ubi
980 1666 1086 1726 pietatis?
1098 1663 1138 1710 ubi
1144 1668 1233 1726 pt'etofis
1245 1665 1314 1714 hotto·

269 1735 322 1782 res?
333 1736 361 1780 Iu
372 1748 441 1780 nouus
453 1731 526 1776 als'ere
537 1733 603 1778 vices.
616 1731 738 1780 Manifesta
750 1735 849 1782 imitatio
858 1734 980 1798 virgiliani
992 1753 1069 1786 versus
1082 1753 1109 1782 er
1118 1752 1154 1798 pr.
1167 1737 1257 1785 AEneid.
1269 1740 1313 1784 flu

268 1808 357 1867 pietatis
369 1802 453 1848 tom?
463 1813 507 1847 etc.
519 1802 543 1845 in
551 1815 621 1846 uanas
632 1803 689 1848 uiues
703 1802 822 1864 eleganter
833 1821 888 1867 pro,
900 1807 926 1850 in
938 1819 1030 1852 renum.
1044 1807 1113 1852 Vicet
1124 1805 1222 1853 luissent
1235 1808 1260 1852 in
1274 1823 1314 1854 re·

270 1873 403 1922 tribuendo.
414 1881 436 1919 et
447 1887 511 1928 rure,
525 1871 549 1918 lt.
562 1889 582 1918 e.
595 1871 642 1918 hen
656 1875 724 1921 etism
738 1876 800 1921 inter
811 1875 924 1924 ruricolas
936 1875 1005 1932 abiit,
1017 1878 1123 1932 recessit,
1136 1877 1312 1939 JusWaefides,

269 1957 350 1992 ornate
362 1960 405 2006 pro
414 1945 503 2007 justitia
514 1959 520 1988 ι
532 1941 574 1988 sed
587 1943 612 1988 in
626 1943 761 2001 reddendo,
775 1944 840 2008 quod
855 1942 967 2001 debetur,
980 1943 1038 1994 lidet
1051 1949 1163 1992 cernitur.
1178 1948 1208 1994 cl.
1224 1947 1265 1994 Ge.
1278 1948 1312 2005 ll,

268 2015 323 2081 473.
333 2015 386 2079 474.
399 2014 460 2062 Male
472 2013 555 2060 Aldinn
566 2023 588 2060 et
594 2017 649 2079 jus-e
659 2032 713 2062 cum
726 2017 803 2062 Petav.
814 2028 838 2062 et
849 2017 915 2062 Voss,
927 2020 1050 2082 iterumque
1059 2021 1150 2067 recessit
1158 2021 1220 2082 conj.
1232 2019 1311 2064 Heius.

267 2114 299 2125 -
306 2087 358 2133 226.
368 2087 429 2132 Bene
437 2101 489 2132 curn
499 2087 536 2132 Jo-
545 2085 667 2133 Scltrsder.
677 2085 762 2134 Jacobs
769 2085 886 2141 emendat,
893 2087 985 2134 lustitia
996 2096 1018 2133 et
1025 2091 1089 2150 pritr
1097 2085 1135 2134 illu
1145 2088 1218 2138 Fides.
1230 2089 1310 2134 Mori.

268 2161 312 2204 uici
317 2156 354 2204 uel
361 2158 423 2202 adivi
428 2156 600 2203 Heius—noll.
609 2158 659 2202 lam
668 2155 697 2202 ab
704 2155 804 2202 ltisinde
813 2171 898 2210 verse,
907 2173 958 2222 quse
966 2169 1108 2220 sequuntur,
1119 2159 1176 2204 meri
1184 2169 1239 2204 sunt
1247 2158 1312 2208 lusus

267 2229 448 2275 versificatorum
458 2243 463 2273 :
476 2229 500 2272 in
512 2227 598 2291 quibus
610 2239 688 2274 tamen
700 2227 763 2274 docti
772 2225 879 2274 homines
889 2227 1005 2294 fuerefit.
1013 2227 1076 2292 ...fit
1091 2226 1193 2292 Scaliger
1203 2226 1252 2274 hec
1262 2245 1313 2276 eor·

266 2314 334 2365 rupta
347 2301 469 2348 arbitratus
480 2299 602 2348 emendat:
615 2303 643 2345 sit
653 2315 720 2363 poem
732 2303 841 2346 merenti.-
851 2299 921 2348 Pena
933 2305 963 2348 sit
972 2304 1079 2357 eutitium,¹
1089 2300 1165 2357 modo,
1174 2303 1196 2347 si
1202 2304 1314 2366 cuipruto

267 2369 382 2428 voluntas,
394 2371 486 2418 Existut
494 2386 538 2432 por
552 2369 660 2432 officium.
674 2367 772 2418 Retinet)
785 2367 867 2416 saltem
879 2369 956 2418 illud:
971 2371 1036 2419 modo
1049 2375 1079 2417 sit
1092 2371 1159 2424 dum
1171 2370 1216 2417 niti
1228 2369 1310 2418 malis:

266 2445 332 2493 modo
340 2445 393 2490 dum
403 2447 444 2500 sit,
456 2459 500 2504 pro
511 2441 566 2487 duro
578 2441 649 2486 modo
660 2443 688 2486 sit
698 2452 765 2505 grato
774 2439 878 2490 voluntas
890 2452 913 2488 et
921 2459 966 2507 pur
976 2443 1087 2506 officiunt,
1099 2457 1130 2488 te.
1142 2453 1167 2487 ut
1176 2443 1311 2492 memoriam

164 2542 169 2550 ·
265 2515 351 2564 Culicis
363 2527 440 2578 gratus
451 2511 520 2558 colat.
534 2513 626 2557 Poterat
638 2523 715 2558 umen
728 2525 751 2558 et
765 2513 833 2568 ferri5
840 2513 947 2576 fitpoerur
960 2517 1064 2566 mersisti,
1081 2511 1105 2556 h.
1119 2511 1176 2558 mihi
1188 2511 1249 2564 bene
1261 2525 1310 2554 tne-

265 2587 325 2632 renti
330 2602 337 2640 ς
350 2583 456 2646 Poenofit
466 2585 572 2635 exitium
582 2580 605 2626 h.
619 2597 640 2626 t.
654 2593 676 2627 et
688 2597 732 2644 pro
743 2597 823 2644 poena,
837 2581 957 2638 mercede,
969 2585 1064 2628 exititun
1077 2581 1196 2640 infligitur.
1207 2579 1264 2636 Qum
1273 2594 1310 2627 se·

265 2667 369 2719 quuntut·
384 2651 466 2716 putida
482 2663 543 2696 sunt.
561 2651 644 2696 'l'sceri
659 2650 699 2696 hic
714 2650 828 2697 nonnulle
840 2664 912 2714 puts:
930 2663 978 2698 tum
990 2653 1082 2712 pergit:
1099 2651 1127 2694 sit
1140 2650 1188 2695 ita:
1205 2649 1269 2694 modo
1280 2651 1310 2700 sit

264 2727 319 2773 dum
327 2739 371 2773 etc.
381 2727 447 2786 (eum
454 2739 476 2786 9.
489 2739 510 2766 u.
520 2733 575 2768 vett.
587 2721 641 2767 edd.
652 2724 660 2781 )
671 2721 727 2770 dum
737 2723 808 2768 modo
817 2725 846 2769 sit
855 2734 919 2784 grata
929 2721 1048 2777 uoluntas!
1057 2720 1113 2766 dum
1123 2717 1194 2764 modo
1204 2719 1309 2766 officiunt

263 2815 306 2861 par
316 2795 432 2844 beneflcio
444 2810 496 2838 meo
506 2792 598 2838 existat!
610 2792 702 2840 habebo
715 2791 760 2840 hoc
770 2809 814 2855 pro
825 2792 916 2848 ¹solutio.
930 2791 1012 2837 Paullo
1020 2803 1074 2838 ante
1085 2789 1145 2838 mele
1156 2791 1307 2860 interpunge-

262 2867 332 2914 batur
341 2863 410 2928 plene
420 2874 472 2926 post
485 2859 620 2925 relinquens.
633 2863 690 2908 Nam
703 2862 748 2909 hoe
760 2863 874 2924 signifieat
885 2877 890 2907 :
903 2861 950 2906 uidi
958 2859 1051 2906 uberius
1057 2861 1110 2923 futu
1125 2863 1247 2906 immotis:
1259 2873 1308 2906 turn

264 2952 308 2998 ego
319 2950 369 2980 mea
381 2933 439 2989 ista,
449 2933 500 2977 uitae
510 2947 567 2981 meae
578 2931 723 2995 periculum,
740 2933 881 2998 relinquens,
897 2930 1030 2994 negligens,
1042 2933 1090 2976 tine
1101 2941 1203 2996 respectu
1215 2947 1269 2996 agor
1279 2931 1310 2976 ad

261 3023 286 3070 p.
299 3021 318 3052 e.
324 3040 332 3061 ,
342 3004 371 3050 atl
382 3002 478 3054 eandem
489 3015 585 3048 mortem
595 3017 732 3068 presentem
741 3019 852 3066 propero.
864 3001 1039 3066 lnterpolstoris
1050 3015 1126 3052 tanuen
1136 3016 1229 3047 monum
1240 3003 1308 3046 etiarn

262 3079 288 3126 iu
302 3088 350 3123 toto
359 3074 412 3120 loeo
420 3089 545 3136 agnoscere
555 3071 624 3121 facile
634 3086 675 3120 est.
686 3075 778 3124 Fortes
789 3086 858 3138 poete
870 3074 975 3138 protecta
987 3085 1041 3122 sunt
1052 3084 1140 3120 tantum
1152 3069 1192 3118 illa
1202 3087 1207 3117 :
1217 3073 1308 3117 Justiu'a

262 3157 286 3195 et
294 3150 358 3212 prior
368 3143 407 3193 ille
418 3145 498 3192 Fides!
503 3145 570 3210 feror
580 3149 631 3196 ausu
641 3161 744 3210 carptus.

262 3280 414 3351 persolvisti
425 3281 490 3334 mihi
502 3283 613 3352 gratiam
624 3279 758 3340 debitam!
804 3279 911 3334 -siue
928 3291 1040 3347 respectu
1057 3275 1222 3350 relinquens,
1233 3271 1305 3327 haud

265 3357 393 3430 Officium
406 3374 445 3412 est
460 3363 533 3430 ejus,
545 3364 590 3431 qni
603 3361 761 3417 beneficium
808 3361 968 3432 respiciens,
978 3358 1051 3410 haud
1064 3372 1224 3408 euransmea
1231 3351 1303 3424 suto.

263 3442 383 3509 occepit;
401 3452 428 3492 et
439 3438 586 3509 digreditur
603 3441 637 3492 sb
651 3441 761 3509 officio,
808 3443 885 3494 Nunc
898 3443 990 3493 existat
1005 3456 1058 3509 por
1072 3434 1207 3506 officium.-
1223 3450 1305 3502 prns-

263 3519 308 3588 qni
320 3519 432 3590 gretiam
443 3537 498 3568 non
511 3519 606 3576 solvit:
620 3521 761 3576 morevul·
810 3533 881 3576 tetur
900 3539 916 3574 s
938 3533 963 3574 te
985 3515 1050 3572 milri
1066 3515 1133 3578 hue,
1157 3525 1186 3566 ul
1208 3528 1305 3580 corpus

260 3600 316 3670 gari
328 3597 474 3649 hominum.
808 3618 897 3652 meum
928 3608 998 3648 terro
1026 3593 1175 3655 condatur,
1193 3607 1304 3658 meaque

298 3677 356 3729 228.
380 3695 437 3748 ²²9·
459 3677 570 3729 Omissis
594 3675 636 3728 his
655 3677 758 3730 dnobus
803 3677 962 3742 umbrs‚ois
978 3669 1304 3726 Acherontsmsdhuevs·

260 3759 357 3829 ineptis
369 3756 488 3822 laciniis,
502 3755 605 3827 reliqua
616 3753 688 3806 hunc
699 3775 760 3808 sen·
804 3761 982 3830 gerionem,
996 3771 1072 3804 smne
1086 3755 1196 3819 trejecto
1210 3748 1245 3800 ed
1259 3767 1302 3800 se·

261 3837 442 3892 sumhsbent:
458 3855 535 3889 versu
549 3835 613 3900 2²6,
623 3835 677 3886 vidi
690 3853 760 3886 mor·
805 3836 851 3890 des
861 3836 964 3905 quietus
977 3832 1140 3884 admittatur.

260 3931 314 3972 tem
331 3917 430 3968 instare
449 3916 511 3982 alii,
533 3915 610 3986 eique
631 3913 757 3980 subveni,
814 3942 817 3952 =
840 3915 900 3966 230.
913 3912 954 3964 Ad
967 3913 1026 3965 lona
1039 3912 1125 3964 infero
1139 3909 1243 3962 delatus
1255 3925 1301 3960 vs·

260 3999 311 4052 nei
329 3997 412 4070 ipsios
433 3995 590 4054 discriminis
608 3997 755 4054 immemor.
803 4005 882 4072 gutur
900 4009 950 4070 per
969 3994 1030 4050 eris
1048 3990 1170 4050 lotorum
1189 3987 1303 4052 Cinnam
