2986 4694
259 335 301 422 98
505 331 540 394 P.
564 323 797 394 VIRGILll
820 277 1058 397 Minurus!

258 458 347 522 Felix
360 455 414 519 ille
427 452 512 532 dies,
526 453 604 518 felix
617 469 650 518 et
662 451 783 518 dicitur
794 476 916 532 annus3

258 562 397 640 Felices,
412 560 469 649 qui
482 559 581 623 talem
592 581 717 622 annum
728 557 857 638 videre,
872 557 1040 648 diemque.

258 669 345 756 Ergo
359 665 511 731 Palladiae
521 681 677 730 texuntur
689 667 723 728 in
736 663 853 729 ordine
866 687 1005 754 pugnae:

257 777 376 862 Magna
390 772 557 860 Giganteis
570 786 730 835 ornantur
741 770 839 858 pepla
850 771 1000 858 tropaeis3

258 877 401 944 Horrida
413 879 594 965 sanguineo
605 875 788 964 pinguntur
800 875 911 964 praelia
923 899 1039 956 cocco;

257 982 400 1049 Additur
410 999 522 1047 aurata
535 980 684 1072 dejectus
697 979 834 1068 cuspide
846 981 982 1070 Typlro,

255 1091 320 1174 Qui
332 1091 438 1178 princ,
452 1088 570 1154 Ossaeis
583 1104 799 1154 consternens
811 1085 934 1150 aethera
946 1088 1045 1166 saxis,

256 1197 409 1262 Emathio
421 1196 547 1262 celsum
559 1191 749 1283 duplicabat
760 1193 883 1258 vertice
895 1191 1085 1282 Olympum.

255 1305 336 1370 Tale
350 1303 420 1369 deae
432 1303 544 1388 velum
557 1299 698 1364 sollenni
710 1301 744 1363 in
757 1316 908 1388 ternpore
920 1316 1069 1387 portant:

255 1413 329 1478 Tali
341 1430 373 1478 te
386 1411 520 1490 vellem,
529 1409 692 1499 juvenum
705 1406 909 1488 doctissime,
923 1408 989 1470 ritu

255 1623 298 1654 noe
310 1607 394 1654 durat:
408 1605 492 1649 vitium
505 1602 644 1648 subodorari
660 1605 685 1648 in
703 1613 797 1665 promtu
813 1615 859 1658 est,
871 1612 898 1647 ut
914 1616 1007 1646 curnam
1022 1600 1137 1663 legamnu
1152 1613 1178 1648 ut
1189 1603 1237 1665 jam
1249 1603 1307 1649 Bar·

254 1681 317 1727 thius
327 1677 472 1732 emendavit,
483 1676 637 1722 Taubmanno
651 1675 774 1738 probante.
785 1675 854 1721 Navis
864 1673 1024 1719 Panathennit
1037 1673 1068 1718 ad
1079 1673 1180 1720 Palladis
1191 1673 1306 1736 templum

255 1751 323 1796 ducta
336 1748 450 1794 machinis
457 1747 493 1808 agi
503 1745 598 1802 debuit,
610 1745 682 1808 peplo
694 1759 771 1792 tamen
782 1761 825 1808 pro
834 1744 887 1792 velo
900 1759 1015 1806 expanso,
1028 1744 1093 1808 quod
1104 1745 1163 1790 adeo
1173 1745 1304 1808 Zephyrum

255 1819 399 1882 excipiebat,
413 1817 460 1862 vid.
473 1818 526 1862 Not.
539 1817 602 1862 adv.
616 1831 654 1861 ar.
666 1819 749 1864 liavim
762 1833 805 1878 per
819 1832 913 1862 currum
924 1814 1050 1871 declarari,
1065 1816 1128 1862 idem
1139 1816 1246 1862 Barthius
1259 1816 1305 1862 do-

255 1891 317 1936 cuit:
332 1906 353 1936 v.
367 1904 388 1933 c.
401 1887 464 1949 apud
475 1885 560 1932 Catuli.
574 1887 659 1943 Llllll,
669 1904 695 1949 9,
711 1904 751 1944 ro,
760 1888 802 1933 ubi
812 1888 859 1934 vid.
869 1888 947 1949 lntpp.
957 1887 989 1931 Er
998 1886 1063 1932 lulio
1074 1887 1204 1950 Pomponio
1214 1886 1305 1933 exscul-

253 1977 310 2024 pere
323 1958 408 2021 aliquis
419 1961 492 2021 poerit
508 1957 631 2005 lectionem
647 1960 764 2024 providem
781 1975 804 2022 p.
823 1975 847 2022 p.
865 1957 970 2004 Chlorim.
992 1958 1039 2004 Sed
1055 1957 1119 2004 linus
1135 1960 1153 2004 is
1168 1971 1240 2013 esset,
1256 1973 1305 2004 non

255 2030 400 2080 emendatior
415 2029 533 2076 lectio.—
544 2045 580 2092 27.
600 2028 640 2076 iila
659 2031 705 2076 dies
719 2029 771 2076 nid.
783 2056 814 2066 -
829 2031 867 2076 30.
881 2029 955 2092 pepla.
971 2032 1007 2075 Sic
1016 2033 1065 2092 jam
1078 2029 1116 2075 ed.
1131 2031 1191 2076 Ven.
1210 2029 1267 2087 1484
1283 2043 1306 2078 et

256 2101 306 2148 aliae
322 2117 375 2147 cum
390 2099 482 2146 Aldina.
496 2100 558 2147 Male
575 2101 625 2146 aliae
642 2113 697 2148 vett.
714 2101 768 2148 edd.
787 2100 876 2164 templu.
888 2127 919 2136 -
930 2101 968 2146 31.
984 2117 1056 2148 cocco.
1072 2101 1101 2145 At
1112 2099 1164 2146 dld.
1178 2115 1253 2148 succo.
1269 2104 1307 2150 Sic

255 2185 357 2222 etvetus
371 2171 444 2218 editio
456 2172 519 2234 apud
529 2173 642 2218 inensem
658 2171 777 2237 Epiphyll.
790 2173 858 2228 Vlll,
872 2172 909 2220 23.
919 2197 951 2208 -
961 2173 998 2218 32.
1012 2173 1111 2235 dejectus
1122 2171 1206 2218 Aldina
1223 2189 1307 2219 ernen-

254 2243 334 2290 datum
351 2242 425 2288 dedit.
441 2241 540 2288 debrius
555 2254 611 2289 vett.
630 2241 684 2288 edd.
703 2259 757 2288 eum
770 2242 839 2289 codd.
855 2241 940 2288 deletus
951 2244 1035 2290 loent.
1052 2240 1124 2298 ibid,
1136 2242 1202 2304 quod
1212 2241 1307 2304 placere

255 2328 305 2359 non
315 2313 416 2360 debebat
427 2312 620 2360 Drakenborcbio
632 2313 662 2358 ad
673 2312 755 2360 Silium
765 2315 809 2370 lx,
822 2313 859 2375 39.
873 2317 964 2359 irato...
972 2311 1072 2376 fulmine
1084 2315 1146 2374 conj.
1154 2314 1307 2370 Frisemann,

256 2385 321 2448 qnod
332 2401 388 2432 saue
399 2397 423 2431 et
433 2387 510 2447 ipsum
522 2386 569 2431 dici
581 2397 672 2448 possen
683 2386 726 2432 ted
738 2385 782 2433 boc
798 2399 832 2433 est
843 2388 945 2443 variare,
958 2401 1006 2432 non
1019 2384 1152 2431 emendare.
1164 2394 1244 2432 aurata
1253 2401 1308 2431 cus-

255 2459 307 2521 pide
317 2469 387 2520 poeta
403 2457 463 2503 dixit
480 2471 589 2520 respectu
609 2470 705 2503 texturae
720 2457 839 2504 coloribus
857 2460 957 2504 variata.
969 2481 1001 2493 -
1013 2456 1050 2504 33.
1068 2456 1114 2515 Qui
1123 2471 1229 2519 capenam
1241 2457 1304 2517 conj.

255 2531 335 2575 Heius.
350 2537 496 2574 constemens
513 2528 550 2575 ed.
568 2528 631 2574 Flor.
649 2542 715 2576 vetus
734 2529 798 2592 apud
815 2528 894 2576 Barth.
912 2529 1008 2576 Advert.
1024 2529 1056 2584 X,
1074 2542 1108 2572 ια.
1120 2551 1152 2562 -
1164 2527 1201 2574 35.
1216 2525 1307 2573 solenne

257 2599 312 2648 edd.
325 2596 452 2645 nonnullae.
466 2601 489 2643 in
500 2599 565 2646 abest
575 2597 628 2644 dld.

217 2815 221 2824 .
257 2765 325 2820 illud
338 2767 401 2818 ferri
412 2779 510 2838 potest.
524 2763 550 2819 Si
563 2769 757 2841 temen,quod
802 2771 889 2823 larum
909 2783 936 2823 et
955 2767 1109 2836 turbinum,
1139 2785 1254 2838 cumque
1274 2768 1307 2819 iis

258 2847 350 2920 paullo
361 2859 422 2899 ante
433 2851 592 2914 memoravi,
606 2850 695 2915 navis,
709 2850 758 2900 etsi
803 2851 979 2902 eructantium
994 2850 1067 2920 ignes
1080 2848 1225 2911 montium,
1238 2865 1305 2918 sym·

258 2925 388 2979 machinis
402 2939 474 2992 acta,
486 2927 551 2978 velis
562 2930 684 2999 expansis
697 2947 760 2982 ven·
804 2928 896 2981 bolum
905 2931 968 2980 satis
977 2930 1184 2998 frequentatum.
1198 2925 1306 2976 Abaliis

259 3019 317 3058 tunt
326 3007 446 3078 excipere
457 3008 513 3058 visa
523 3021 562 3059 est
572 3031 578 3060 ε
589 3008 713 3080 expeditu
721 3021 761 3062 est
805 3008 849 3061 ille
858 3028 873 3060 a
881 3009 947 3060 Jove
955 3020 1105 3080 prostratus
1113 3007 1216 3057 narrari
1224 3004 1304 3056 solet:

259 3105 311 3139 vss.
326 3085 358 3139 25
369 3099 395 3138 et
409 3085 442 3138 26
452 3090 592 3140 sententia.
604 3090 639 3140 cf.
651 3089 681 3138 V.
695 3089 723 3139 L.
807 3107 865 3160 quar
875 3087 917 3139 vel
929 3107 959 3139 ex
971 3085 1138 3156 Apollodoro
1149 3098 1248 3136 teneas.
1256 3085 1308 3136 Mi-

296 3184 367 3236 29....
388 3166 431 3234 34.
453 3167 554 3232 Locus,
575 3168 624 3219 etsi
642 3167 676 3219 ab
694 3166 720 3218 b.
742 3167 759 3218 l.
806 3187 893 3220 nervae
908 3169 935 3218 in
953 3187 985 3220 ea
996 3166 1107 3218 victoria
1124 3177 1213 3234 partes
1226 3164 1307 3215 etiam

260 3248 328 3298 forte
338 3245 454 3310 alienus,
466 3245 592 3298 classicus
603 3258 690 3298 tamen
699 3259 761 3317 post
805 3249 931 3300 Horatius
942 3248 1060 3299 tribuere
1072 3243 1179 3295 videtur
1195 3245 1221 3294 in
1241 3254 1305 3294 noto

261 3327 352 3398 Eurip.
362 3326 463 3378 Hecub.
473 3327 525 3392 466
533 3344 573 3396 sq.
582 3325 615 3378 de
623 3326 761 3398 peploMi·
805 3327 866 3378 loco
878 3327 966 3378 Carm.
984 3325 1033 3393 ΙΙΙ,
1050 3325 1083 3390 4,
1099 3323 1141 3376 53.
1155 3321 1231 3374 Stans
1246 3341 1307 3374 cum

261 3425 357 3459 nervae.
371 3406 443 3456 coni.
458 3405 492 3456 ad
504 3424 542 3458 vs.
560 3405 760 3478 21.—quan-
804 3403 883 3457 basta
895 3407 977 3477 capiti
990 3403 1118 3475 prostrati
1129 3405 1242 3453 monstri
1255 3404 1306 3454 im·

261 3485 307 3536 teis
319 3483 434 3554 tropoeis,·
451 3485 542 3555 praelio
561 3498 587 3537 et
602 3487 716 3538 victoria
727 3484 760 3538 de
805 3487 894 3556 posita
906 3483 957 3536 dea
969 3483 1085 3534 occurrit
1098 3483 1232 3553 inpetere
1247 3481 1307 3532 Me-

260 3563 419 3635 Gigantibus
448 3564 566 3616 Pallante
590 3578 616 3618 et
642 3565 760 3616 Echione
806 3564 883 3617 dicea
893 3562 965 3634 apud
975 3563 1133 3614 Demeter.t.
1143 3561 1308 3611 V.-·Ema-

260 3640 450 3712 Enceladoque
473 3647 615 3715 prostratis
639 3645 759 3714 inprimis
806 3641 876 3694 titius
901 3649 1002 3704 vertes,
1031 3639 1122 3691 Pelion
1142 3657 1199 3691 esse
1227 3637 1308 3692 debet

262 3720 313 3773 deu
328 3735 383 3771 tum
398 3721 531 3774 inclaruit.
548 3753 583 3762 —
596 3721 760 3792 pinpuntur,
805 3721 920 3794 Olympo
929 3719 956 3771 b.
965 3721 982 3772 Ι.
993 3721 1157 3790 impositum,
1167 3731 1196 3770 ut
1209 3719 1305 3792 Georg.

262 3799 378 3871 quodve.
388 3797 761 3871 29texuntur.TyphovelTy·
805 3799 876 3852 libro
887 3801 913 3864 l,
928 3801 992 3866 281,
1005 3800 1085 3851 Osse.

263 3880 373 3954 pboeus,
402 3879 536 3932 diversum
560 3899 576 3929 a
603 3877 761 3948 Gigantibus
842 3879 885 3931 36.
895 3877 1056 3943 Talirt'tute,
1066 3873 1309 3930 etc.hocmod0ait

263 3973 425 4025 monstrum,
439 3978 507 4030 stepe
523 3973 611 4010 tamen
625 3958 652 4006 in
670 3975 761 4009 corum
808 3969 902 4010 auctor
913 3957 982 4010 velle
995 3976 1037 4023 se,
1049 3971 1176 4028 tanquam
1188 3957 1308 4030 peplum,

261 4058 370 4093 censum
387 4039 503 4109 apoetis
515 4035 642 4100 relatum,
653 4037 761 4106 procel·
807 4055 915 4090 carmen
927 4035 960 4090 de
973 4057 1061 4092 rerum
1078 4049 1176 4091 natura
1191 4036 1309 4090 scribere
