2986 4694
274 374 334 438 128
517 371 553 434 P.
578 368 813 434 VlRGILll
836 369 1069 439 MARONIS

270 494 368 560 Unde
380 493 436 558 alii
448 492 569 581 fugisse
583 493 708 572 ferunt,
723 509 755 558 et
768 494 905 559 numina
917 495 1051 583 Aphaeae

267 597 413 689 Virginis
424 597 598 686 adsignant
610 623 616 661 :
630 599 700 678 alii,
714 623 782 688 quo
794 601 906 664 notior
917 623 1020 680 esses,

269 708 469 796 Dictynnam
480 704 592 769 dixere
604 722 662 770 tuo
676 704 718 770 de
731 707 867 770 nomine
880 709 1018 770 Lunam.

269 813 341 878 Sint
352 811 423 876 haec
435 833 511 888 vera
523 811 642 875 velim:
656 808 738 874 mihi
751 827 854 889 certe,
868 829 978 899 gnata,
992 811 1119 899 peristi.

269 920 448 1008 Nunquam
461 939 522 1005 ego
534 933 567 982 te
579 939 710 982 summo
722 915 914 982 volitantem
927 918 962 980 in
974 917 1097 981 vertice
1110 915 1231 981 montis

270 1027 441 1114 Hyrcanos
454 1023 540 1088 inter
551 1025 689 1088 comites
701 1044 887 1111 agmenque
900 1023 1046 1086 ferarum

198 1208 200 1215 Ι
269 1131 492 1219 Conspicuam,
507 1153 569 1196 nec
581 1147 613 1194 te
627 1126 823 1194 redeuntem
834 1127 984 1216 amplexa
996 1126 1129 1192 tenebo.

269 1240 395 1302 Verum
406 1237 477 1302 haec
489 1253 560 1300 tum
573 1234 669 1300 nobis
682 1234 791 1322 gravia
804 1251 904 1323 atque
917 1233 1051 1322 indigna
1064 1233 1173 1311 fuere,
1274 1242 1320 1290 31⁰

267 1348 371 1427 Tum,
385 1367 457 1411 mea
470 1345 617 1422 alumna,
632 1345 679 1407 tui
693 1366 797 1432 quum
810 1365 885 1431 spes
898 1343 1024 1430 integra
1037 1355 1203 1418 maneret,

269 1455 311 1519 Et
323 1476 387 1519 vox
399 1453 460 1518 ista
472 1472 561 1515 meas
574 1447 726 1514 nondum
738 1448 917 1514 violaverat
928 1471 1034 1513 aures.

246 1631 251 1642 “
270 1621 376 1687 polorum
391 1622 496 1666 evertice
507 1620 578 1682 eyecit.
592 1641 624 1653 ·-
639 1616 691 1661 3ο3.
700 1614 758 1672 3οή.
775 1618 799 1662 Si
811 1617 932 1679 sequentia
946 1616 1037 1678 abipso
1052 1627 1122 1678 poeta
1135 1613 1238 1677 prolecta
1252 1625 1322 1660 sont:

271 1692 350 1738 alieno
362 1693 443 1752 ntique
454 1685 506 1732 loco
515 1697 571 1732 sunt
581 1687 724 1747 interposita.
737 1687 764 1731 ln
775 1684 882 1732 lamentis
894 1687 972 1731 matris
984 1689 1037 1748 quis
1049 1686 1103 1732 talia
1114 1683 1234 1748 expectet!
1247 1684 1322 1745 Lege·

268 1764 338 1809 batur
346 1777 352 1806 :
360 1769 384 1805 et
393 1763 486 1804 numera
498 1756 579 1804 Phoco
591 1757 615 1800 V
615 1759 690 1820 r'ryim‘s
700 1760 821 1821 ascipiunt.
831 1759 869 1802 Sic
879 1756 963 1803 Aldina
973 1757 1078 1804 dederat.
1088 1759 1151 1803 Vett.
1164 1755 1217 1802 edd.
1227 1754 1321 1811 Pium,

268 1832 355 1879 Photoe.
368 1832 452 1876 Mirum
465 1829 545 1876 Phoco
556 1843 642 1874 nornen
653 1828 776 1884 relictum,
794 1844 866 1892 quum
877 1831 998 1876 manifesta
1013 1831 1043 1875 sit
1054 1828 1187 1892 corruptela
1201 1840 1224 1874 et
1239 1843 1251 1872 a
1266 1827 1321 1873 viria

270 1902 345 1948 doctis
361 1899 444 1946 Paullo
460 1898 582 1961 Leopardo
599 1898 728 1945 Emendatt.
748 1900 782 1954 x,
801 1899 830 1957 ab
842 1911 864 1946 et
878 1900 926 1960 jam
940 1912 994 1947 ante
1006 1916 1075 1955 eum,
1090 1912 1115 1945 ut
1131 1899 1214 1955 video,
1230 1914 1242 1944 a
1260 1897 1321 1942 lano

269 1970 407 2023 Parrhasio,
423 1969 518 2027 Quasit.
535 1984 578 2030 pet·
593 1971 659 2030 cpiat.
676 1968 805 2015 bo'dudunr
823 1969 968 2032 deprebensa
988 1983 1011 2017 et
1025 1969 1155 2017 emendata.
1176 1967 1281 2013 Delatam
1295 1967 1321 2011 in

269 2059 333 2088 nare
342 2042 506 2097 Britomartin‚
517 2043 627 2102 AEginetoe
641 2042 778 2098 narrabant,
790 2044 931 2105 piscatorum
944 2047 1014 2099 retia,
1027 2057 1081 2088 casu
1094 2035 1229 2104 excepisse,
1239 2041 1320 2101 sicque

269 2129 320 2162 eam
330 2125 442 2160 servatam
456 2115 479 2157 in
489 2111 588 2158 insulam
598 2115 701 2175 Quam
712 2114 856 2176 deportatam
865 2149 872 2172 ,
885 2115 925 2160 ubi
937 2115 980 2161 tub
990 2115 1040 2161 deta
1049 2113 1143 2174 Aplcoeae
1152 2113 1248 2158 nomine
1257 2109 1321 2155 culta

268 2198 311 2233 est.
323 2186 413 2230 Nomen
423 2197 446 2230 et
458 2187 533 2247 ipsum
543 2201 596 2230 cum
607 2185 685 2231 fabula
695 2189 826 2242 consentit,
840 2183 887 2232 cirri
898 2184 942 2234 τοῦ
951 2184 1046 2240 derivem
1057 2185 1120 2231 conf.
1134 2187 1231 2230 Pautan.
1243 2183 1277 2237 ll,
1291 2181 1322 2227 3ο

269 2268 293 2302 et
304 2256 346 2301 ini.
358 2257 452 2301 Excurs.
468 2253 498 2299 ad
513 2271 535 2302 v.
553 2270 612 2311 ano,
628 2268 651 2301 et
665 2268 700 2302 est
715 2259 808 2302 numiam
820 2256 905 2320 Aplreoe
922 2259 946 2301 in
963 2273 1004 2303 me.
1016 2255 1085 2302 Batil.
1101 2255 1147 2302 Sed
1161 2267 1239 2301 cetera
1250 2252 1322 2300 verba

268 2331 429 2375 incertarum
444 2326 559 2374 lectionis.
574 2328 709 2391 leopardus
724 2329 740 2374 Ι.
755 2345 776 2376 c.
791 2329 863 2391 legit:
874 2339 896 2376 et
912 2345 995 2375 nornen
1010 2326 1104 2391 Aphoeoe
1123 2329 1222 2392 Virginis
1236 2326 1324 2389 AEyinoe

269 2410 311 2446 est.
326 2399 429 2463 Scaliger
438 2408 462 2445 et
469 2415 551 2446 nonten
561 2399 656 2464 Apioeoe
668 2401 769 2465 Virginis
778 2403 900 2464 osn'qnont.
912 2402 963 2446 Non
975 2399 1045 2446 video
1057 2415 1100 2446 cur
1109 2414 1157 2445 non
1167 2399 1322 2453 retineamus,

230 2493 242 2516 a
270 2471 335 2535 quod
348 2473 479 2534 proximum
492 2482 542 2517 eat:
559 2480 582 2515 et
597 2475 689 2517 rumim
701 2470 795 2536 Aplraeoe
811 2473 911 2537 Virqt'ms
927 2475 1050 2536 ossr'qnont
1064 2472 1121 2518 Nam
1139 2471 1199 2516 facta
1213 2468 1252 2515 illa
1269 2469 1322 2514 dea.

268 2541 317 2588 vid.
329 2543 425 2587 Pausan.
437 2541 453 2585 l.
464 2558 484 2586 c.
494 2565 526 2576 -·
535 2540 588 2598 304.
598 2558 643 2605 quo
654 2545 728 2588 notior
738 2551 797 2588 essct
805 2555 860 2589 vect.
874 2541 929 2588 edd.
943 2539 1071 2587 nonnulla.
1081 2567 1113 2576 —
1121 2540 1175 2586 305.
1189 2541 1213 2585 1².
1225 2539 1322 2597 Dictyn-

267 2629 321 2658 nom
332 2613 424 2669 mere,
437 2621 475 2658 tuo
484 2612 511 2658 de
522 2615 624 2669 nomine,
636 2615 709 2659 Lutto.
719 2639 751 2650 -
760 2614 814 2660 306.
828 2617 924 2678 perisset
936 2627 992 2662 vett.
1009 2613 1063 2660 edd.
1079 2626 1132 2660 ante
1147 2613 1255 2658 Aldinam
1267 2625 1320 2656 eunt

268 2697 311 2728 ms.
321 2681 390 2728 Basil.
401 2707 433 2717 -
440 2683 493 2744 307.
504 2685 528 2726 in
539 2682 603 2728 abest
613 2682 666 2728 ΔΜ.
675 2681 821 2729 volitantem:
832 2683 933 2730 illustrat
946 2681 1074 2730 Mittcherl.
1087 2695 1167 2728 noster
1179 2684 1204 2726 in
1216 2682 1321 2726 lection.

269 2770 293 2816 p.
310 2767 360 2797 ιιι.
371 2775 403 2787 -
411 2751 464 2798 303.
476 2753 597 2812 Hyrcanos
609 2757 667 2798 inter
676 2758 774 2800 concites.
788 2757 862 2801 Canes
877 2769 926 2800 esee
940 2753 1038 2811 volunt,
1052 2757 1107 2800 satis
1118 2767 1186 2800 notos
1197 2768 1226 2800 ex
1240 2763 1322 2797 aucto·

270 2823 335 2870 ribus
350 2824 461 2870 venatica
475 2824 525 2878 rei,
541 2823 583 2869 ted
601 2825 653 2886 quis
672 2839 741 2871 canes
759 2828 850 2871 comiter
869 2824 971 2871 dixerit?
989 2827 1065 2888 Lego:
1085 2825 1205 2884 Hyromos
1222 2825 1323 2885 interque

270 2911 338 2942 canes
345 2909 469 2960 oqmcnqus
474 2895 588 2958 ferorum.
602 2898 681 2943 lisine.
692 2899 813 2958 Hyrcanos
825 2913 878 2944 cnm
889 2897 957 2943 llaril.
967 2911 1010 2944 ms.
1021 2897 1184 2959 amplectitur,
1195 2893 1325 2958 ecil.Nyn1.

271 2967 337 3030 phas.
348 2968 376 3012 At
388 2965 439 3012 illat
449 2967 501 3029 quis
511 2966 605 3012 tandem
616 2968 641 3012 in
653 2969 720 3015 Creta
733 2981 821 3032 quaerat
829 2968 835 3013 Ε
843 2993 874 3004 -
882 2969 935 3015 31⁰.
947 2967 1001 3015 311.
1013 2965 1066 3013 31².
1078 2969 1130 3013 Non
1137 2967 1198 3014 bene
1207 2963 1322 3012 sententia

271 3036 386 3102 procedit.
402 3036 502 3082 Videtur
518 3052 545 3082 ea
560 3051 609 3084 esse
623 3037 727 3086 debere:
745 3040 832 3084 Verum
848 3039 912 3095 bae,
929 3042 972 3086 etei
985 3055 1029 3102 per
1042 3054 1067 3085 se
1081 3039 1158 3101 gravia
1173 3050 1196 3084 et
1210 3037 1322 3098 indiyma,

271 3105 402 3154 tolerabilia
411 3110 490 3152 lamen
497 3107 544 3152 visa
552 3119 606 3152 sunt
616 3118 680 3164 tum,
692 3124 765 3171 quum
777 3120 802 3155 te
811 3106 928 3154 alumnam
936 3121 1003 3155 nacta
1011 3123 1061 3156 sum
1070 3143 1076 3163 ,
1092 3124 1136 3154 nec
1146 3107 1202 3154 dum
1211 3107 1261 3153 ltaec
1270 3121 1322 3170 quae

270 3180 342 3226 modo
354 3178 448 3233 audivi,
461 3193 490 3222 ex
501 3190 524 3223 te
538 3178 680 3226 audiveram.
695 3181 729 3225 lta
741 3181 811 3228 verba
826 3196 875 3228 esse
889 3181 1020 3228 deberent:
1035 3181 1122 3228 Verum
1135 3179 1182 3226 lroec
1197 3190 1244 3225 tum
1259 3177 1322 3225 nobes

269 3248 528 3315 qrovt'ct,atiolmndo,
534 3251 645 3315 sucrum,
659 3259 706 3296 nrm
714 3267 762 3298 mea
770 3250 875 3311 alumno,
886 3270 964 3318 quum.
977 3255 1116 3316 Conjectent
1123 3251 1163 3298 alii
1171 3266 1214 3298 suo
1223 3252 1322 3315 quisque

272 3339 337 3370 more
352 3339 378 3369 ac
388 3321 463 3368 lubitu
476 3322 570 3369 alia-
579 3323 633 3369 311.
645 3339 694 3370 mea
705 3323 760 3370 luno
771 3324 810 3372 ed.
822 3326 887 3372 Junt.
894 3361 902 3384 ,
914 3337 1034 3388 corrupte.
1049 3322 1155 3370 monebat
1165 3321 1231 3368 malit
1242 3323 1320 3368 lleins·

272 3419 305 3432 ·-
314 3396 367 3442 312.
378 3395 465 3452 Versus
474 3393 569 3442 aliunde
578 3397 739 3459 interpositus.

309 3526 370 3579 305.
383 3527 437 3578 Alii
446 3529 549 3580 Lunam
562 3542 608 3581 tuo
621 3529 654 3583 de
666 3532 773 3583 nomine
818 3550 881 3584 narn
890 3530 1136 3602 interpretabantur
1142 3529 1268 3592 Dianam,
1276 3526 1322 3578 alii

274 3603 434 3676 Dictynnam
450 3605 637 3677 appellavere:
656 3608 685 3660 id
701 3608 774 3680 quod
819 3608 1111 3682 Dianaenympbam.ef.
1119 3626 1178 3679 sup.
1187 3606 1319 3659 adunald.

274 3685 351 3754 ponit
361 3685 457 3748 tacite,
467 3684 604 3756 Dictynnae
614 3705 712 3740 nomen
723 3689 777 3738 Bri·
854 3691 915 3742 310.
936 3688 1068 3759 Indigna,
1084 3681 1278 3760 intolerabilia,
1291 3697 1320 3736 ut

275 3765 382 3814 tomarti
393 3765 476 3815 fuisse
488 3764 610 3816 inditum.
621 3766 656 3816 At
668 3767 714 3818 illa
724 3767 775 3818 fuit
820 3787 890 3840 saepe
904 3767 979 3819 alias.
992 3768 1145 3820 Evenerunt
1156 3765 1213 3818 huc
1224 3764 1322 3818 acerba

275 3841 408 3915 Dictynna
427 3840 500 3894 dicta
517 3860 534 3894 a
549 3842 641 3895 Dianae
653 3846 775 3908 nomine;
820 3847 879 3898 fittae
892 3848 947 3898 iata
962 3861 1032 3914 tum,
1053 3865 1135 3918 quum
1148 3859 1174 3899 te
1186 3845 1322 3898 alumnam

276 3943 335 3997 qua
351 3922 378 3976 h.
396 3922 413 3974 l.
431 3922 526 3976 eadem
545 3941 606 3975 cum
623 3928 699 3977 Luna
718 3943 774 3978 esse
819 3925 955 3978 haberem.
977 3925 1073 3998 fuere,
1094 3938 1247 3979 evenerunt.
1270 3920 1322 3978 Sed

276 4004 372 4072 editur.
380 4005 526 4057 Diversitas
538 4005 630 4076 ntique
642 4007 775 4057 narratio·
820 4006 907 4056 oratio
920 4004 1030 4070 scabra,
1043 3995 1070 4056 et¹
1079 4007 1122 4056 vix
1134 4023 1199 4057 sana
1209 4023 1234 4056 v.
1248 4003 1279 4053 V.
1290 4003 1320 4054 L.

276 4086 317 4137 nis
333 4087 361 4137 in
376 4083 429 4138 hoc
441 4084 506 4150 luit,
524 4083 597 4154 qnod
608 4084 654 4137 alii
665 4085 776 4157 Dictyn-
819 4085 882 4136 Mox
898 4085 949 4138 31²
968 4103 1018 4138 vox
1033 4083 1082 4138 ista
1093 4085 1127 4138 de
1143 4101 1233 4138 amore
1251 4083 1322 4147 Nisi,
