2986 4694
625 421 773 488 ClRlS.

175 541 344 610 Dulichias
356 563 489 610 vexasse
501 543 595 625 ratis,
609 561 642 610 et
654 547 783 634 gurgite
796 547 830 613 in
842 547 909 614 alto

175 651 364 742 Deprensus
376 668 492 718 nautas
504 651 641 718 canibus
653 651 813 720 lacerasse
826 654 970 719 marinis.

174 754 240 822 Sed
252 779 362 846 neque
375 757 526 823 Maeoniae
538 756 609 823 haec
621 759 794 846 patiuntur
806 759 942 824 credere
954 757 1090 840 charte,

173 863 244 926 Nec
255 861 361 928 malus
374 863 512 928 istomm
525 861 636 930 dubiis
649 863 816 930 erroribus
828 882 952 932 auctor.

174 969 326 1058 Namque
337 969 416 1034 alies
428 971 483 1034 alii
495 971 595 1060 vulgo
608 971 732 1036 finxere
744 971 885 1061 puellas,

174 1073 256 1156 Qnae
269 1076 517 1166 Colophoniaco
529 1077 644 1166 Scyllae
657 1075 810 1144 dicantur
823 1079 979 1142 Homero.

175 1183 243 1271 Ipsi
255 1207 315 1249 aeu
328 1185 441 1250 Lamie
453 1201 559 1250 mater
571 1186 626 1265 sit,
640 1186 709 1249 sive
722 1185 870 1264 Crataeis,

175 1287 249 1354 Sive
262 1289 352 1356 illem
364 1307 513 1355 monstro
526 1291 640 1378 genuit
653 1293 771 1356 Persea
783 1289 933 1370 biformi,

175 1484 224 1532 act.
237 1485 280 1541 Vl,
293 1485 359 1547 75....
370 1483 408 1546 78.
420 1485 499 1532 -fim
516 1485 554 1531 63.
567 1487 652 1532 Totum
668 1485 733 1532 lrnnc
752 1484 830 1532 locam
838 1520 846 1542 ,
861 1487 902 1551 qni
916 1487 1034 1549 requitur,
1052 1487 1155 1533 inrititiia
1170 1483 1229 1532 locis

177 1555 379 1604 annumerandum
390 1571 440 1603 erae
449 1557 557 1604 arbitror.
571 1559 753 1604 Grammaticnm
767 1573 867 1606 acumen
880 1557 962 1614 rideo,
981 1559 1100 1620 poeticum
1116 1571 1231 1622 nunqnam

176 1639 304 1691 comparet.
323 1631 442 1675 Sententia
461 1630 573 1692 impedita
593 1643 617 1676 et
634 1630 705 1676 verba
727 1628 787 1675 male
804 1629 895 1690 juncta.
916 1629 1029 1676 llomerut
1043 1629 1073 1676 de
1089 1628 1165 1694 Scylla
1184 1631 1231 1692 agit

177 1699 223 1744 Od.
240 1714 270 1758 μ.
284 1700 336 1745 Non
348 1702 447 1761 patitur,
459 1702 548 1763 inquit,
561 1703 581 1746 ia
592 1699 641 1746 ltoec
653 1699 764 1756 credere,
777 1715 818 1746 teu
830 1698 896 1768 quod
907 1697 968 1745 nihil
984 1697 1030 1744 tale
1046 1711 1170 1754 memorat,
1189 1713 1231 1744 aen

176 1783 292 1834 qnatenut
304 1768 404 1835 Scyllam
419 1771 539 1819 Crataeidlt
550 1771 622 1818 liliam
641 1772 704 1828 edit,
718 1787 767 1818 non
781 1771 847 1818 Nini:
866 1787 910 1817 nec
929 1772 1018 1834 patitur
1034 1770 1131 1816 credero
1149 1783 1231 1816 auctor

176 1842 263 1900 malua,
273 1842 297 1889 lt.
311 1859 392 1906 parum
403 1843 515 1900 idoneor,
527 1847 625 1892 istorum
635 1843 758 1891 hominnm
768 1847 874 1891 erroneit
881 1843 1121 1905 interpretationihnr.
1131 1843 1231 1888 Ver-anm

177 1909 276 1960 alterum
291 1925 402 1978 tanquam
417 1917 523 1976 ineptum
541 1929 637 1978 protana
654 1915 737 1970 deleo,
756 1926 779 1962 et
797 1913 867 1976 lego:
882 1913 959 1978 Atque
972 1912 1030 1958 alma
1044 1911 1090 1958 olii.
1109 1914 1136 1958 ln
1152 1915 1231 1976 priore

176 1997 246 2030 verto
254 1981 301 2030 lroec
312 1985 389 2030 omitit
398 1983 451 2029 Ald.
462 1985 571 2032 lnaltero
581 1985 683 2048 Scaliger
692 1987 739 2032 Nec
751 1985 835 2030 lamna
848 1983 1003 2046 conjiciebat:
1015 1995 1042 2029 ot
1058 1984 1231 2048 laestrygonum

176 2051 219 2099 ille
230 2069 270 2100 rcx
280 2053 362 2118 Scyllae
371 2068 438 2118 pater
449 2055 510 2102 forte
524 2056 617 2104 habitur
632 2057 712 2104 luerit.
730 2055 777 2102 Sed
793 2071 823 2101 ne
844 2057 876 2100 tic
895 2053 991 2117 quidem
1004 2053 1073 2100 verba
1093 2051 1122 2098 ad
1138 2067 1231 2099 tentum

176 2121 325 2170 commodam
337 2125 412 2186 redigi
422 2140 490 2188 potae
503 2127 580 2173 video.
592 2129 640 2172 Nec
655 2126 729 2172 malos
747 2134 782 2172 ert
796 2124 888 2180 liorem,
902 2121 1061 2178 valletorta,
1075 2125 1138 2186 conj.
1152 2123 1231 2170 lleinr.

177 2193 285 2240 Ceterum
293 2211 366 2258 quom
375 2207 409 2242 tot
419 2197 449 2243 de
460 2196 537 2262 Scylla
545 2201 692 2245 narrationes
702 2200 804 2260 attigerit
815 2195 894 2252 homo,
904 2197 977 2241 miror
988 2197 1098 2241 ominum
1108 2209 1158 2242 etse
1167 2211 1232 2241 amo·

177 2279 227 2312 rem
234 2263 326 2320 Glauci,
336 2281 407 2328 quem
415 2281 555 2330 eaporuerat
564 2271 666 2315 carmine
676 2266 766 2332 lledyle
774 2269 865 2330 poetria
873 2269 898 2312 in
905 2267 1008 2311 carmine
1017 2263 1107 2330 Scylla:
1117 2281 1139 2312 v.
1147 2265 1232 2312 Athen.

177 2337 221 2381 vu
232 2353 256 2398 p.
272 2352 315 2398 ²97
332 2338 359 2382 a.
375 2339 440 2384 Voce
452 2337 538 2385 chance
552 2343 577 2386 in
589 2342 692 2388 carmine
702 2343 751 2404 jam
763 2337 868 2384 Catullna
881 2351 936 2384 traua
949 2348 990 2384 cat.
1003 2361 1035 2372 -
1045 2337 1083 2383 65.
1099 2335 1232 2382 Admodum

178 2403 237 2451 dure
249 2404 331 2465 scyltoe
344 2422 388 2468 pro
401 2407 532 2470 ainpulari:
547 2422 573 2455 nt
584 2413 627 2466 ait,
644 2409 684 2456 alii
702 2409 772 2455 aliam
786 2407 889 2471 puellam
903 2406 1041 2463 ediderunt,
1059 2421 1111 2470 qna
1130 2407 1233 2452 llomero

175 2474 252 2540 Scylla
267 2487 334 2522 caret.
349 2478 406 2536 Qud
417 2477 522 2525 denum
535 2479 581 2543 legi
593 2497 688 2528 necesse
704 2493 745 2526 eat.
758 2481 785 2525 Et
800 2493 863 2524 nnnc
881 2479 914 2524 tic
933 2479 959 2523 in
978 2493 1020 2524 mr.
1038 2477 1165 2524 llelmttad.
1185 2475 1232 2538 legi

176 2544 260 2601 vtde0,·
274 2561 336 2592 nnnc
349 2561 372 2594 et
386 2549 465 2595 licina.
479 2553 512 2596 tic
523 2567 536 2598 e
546 2550 613 2598 Baail.
627 2550 705 2614 Vulgo
719 2552 833 2597 dicuntur.
846 2575 877 2586 -
887 2549 924 2596 66.
938 2549 977 2612 67.
993 2549 1166 2611 Corruptiaaimi
1178 2563 1232 2594 vcr-

175 2631 221 2664 atta.
238 2619 312 2664 Vetat
324 2617 394 2665 lectio
406 2632 453 2666 eat:
466 2622 515 2684 Ipsi
526 2623 742 2679 (intitulationem
755 2624 797 2669 red
804 2625 851 2668 rive
860 2619 988 2677 Eretrici,
997 2621 1048 2666 Sive
1060 2617 1123 2666 illam
1133 2627 1232 2664 monstm

174 2690 252 2752 penult
260 2691 382 2753 pmndoevn
391 2689 489 2753 biformi.
498 2693 545 2739 Nec
553 2693 657 2740 occurrit
664 2695 777 2750 variatae,
787 2694 831 2738 niti
840 2691 905 2755 quod
915 2693 939 2736 in
950 2689 1013 2745 aliia,
1024 2701 1050 2734 ot
1060 2691 1084 2734 in
1096 2687 1149 2733 Ald.
1164 2690 1230 2752 ¹⁵¹7·

176 2759 240 2806 Jnnt.
259 2761 331 2817 1520,
343 2761 458 2819 orarent,
471 2776 495 2810 ct
508 2767 533 2810 in
544 2767 609 2811 Jont.
626 2763 749 2830 15321pn
767 2765 857 2810 Oratam
870 2771 977 2818 matrem,
996 2762 1037 2806 sed
1051 2764 1097 2806 sive
1113 2759 1170 2806 lronc
1185 2763 1232 2806 rive

177 2830 307 2890 Eryclrtltei,
315 2834 366 2880 Sive
374 2846 419 2881 etc.
429 2837 553 2884 Arcenaim
560 2839 636 2884 Cmtia
645 2837 715 2901 legit,
723 2838 763 2885 aed
772 2851 854 2884 rerum
864 2849 950 2882 nomen
958 2847 993 2880 eat
1003 2835 1104 2880 Cratoeir.
1112 2833 1194 2898 Odyrn
1200 2848 1231 2894 μ,

181 2902 224 2958 ¹²l
233 2899 340 2964 ssmptlr
360 2903 382 2950 dl
399 2905 520 2968 limavit,
534 2907 624 2970 percipe
635 2903 675 2956 nir
687 2904 802 2956 Σκύλλης.
815 2903 934 2952 Erichthei
946 2903 1006 2960 lilia,
1021 2919 1090 2966 quarn
1104 2905 1178 2965 intpp.
1190 2903 1231 2947 At-

178 2971 270 3018 thidem
286 2990 334 3021 erte
352 2979 418 3024 aiunt
436 2981 506 3042 (qna
520 2991 597 3026 tamen
607 2981 691 3026 Cranai
702 2979 749 3024 fllia
759 2979 804 3024 l'nit
815 2993 821 3024 r
833 2979 932 3024 l’auaan.
944 2977 967 3032 1,
981 2991 1006 3032 a,
1019 2992 1043 3038 p.
1057 2977 1101 3038 7),
1113 2973 1189 3019 aliena
1202 2973 1232 3018 ab

178 3041 222 3088 ltac
232 3043 310 3091 fabula
320 3059 362 3092 eat.
373 3049 404 3093 Ut
412 3063 476 3094 nunc
486 3049 596 3112 leguntur
605 3065 686 3097 verant
695 3053 703 3110 (
711 3053 735 3096 in
743 3049 795 3095 Ald.
810 3047 880 3106 1534,
890 3049 931 3094 ubi
942 3049 1021 3094 Lamio
1033 3059 1067 3092 eat
1076 3047 1097 3104 l,
1109 3059 1137 3090 cx
1148 3058 1232 3090 emen-

180 3111 274 3159 datione
284 3114 393 3176 prodiere
409 3119 462 3164 ·lani
478 3119 606 3172 Parrhasii.
621 3137 691 3184 quarn
704 3135 728 3166 te
738 3121 871 3166 Minutiano
882 3115 1057 3182 exprimendam
1069 3117 1130 3180 tppit
1139 3113 1231 3159 dediue

179 3193 258 3227 narrat
269 3181 299 3226 ad
313 3182 434 3230 Claudiam
452 3187 478 3230 ll.
493 3189 601 3251 Prorerp.
616 3189 658 3235 lilr.
673 3191 704 3234 lll
718 3189 762 3236 aab
775 3190 815 3234 fin.
831 3189 907 3249 Quam
919 3187 1012 3248 Virgilii
1023 3186 1150 3231 editionem
1161 3198 1232 3228 cura-

140 3270 145 3282 ·
178 3253 239 3297 verit
249 3252 408 3310 Minntianna,
426 3255 531 3303 nondum
543 3262 662 3322 cognitam
674 3259 759 3307 habeo.
775 3260 822 3307 Sed
836 3275 864 3305 ea
881 3258 997 3304 Parrhasii
1013 3255 1091 3302 verbis
1105 3253 1166 3300 illud
1177 3255 1231 3299 tatia

178 3427 307 3466 monstro.
320 3417 429 3470 canibus
440 3419 569 3485 marinis,
583 3421 680 3491 quibus
725 3431 852 3496 questum
873 3418 988 3492 remoris
1003 3416 1126 3489 faciens:
1148 3415 1231 3484 Quid-

178 3495 315 3548 succincta
333 3509 391 3550 erat
411 3496 507 3570 Scylla.
523 3499 558 3550 cf.
576 3499 680 3556 AEneid.
726 3503 850 3575 quidest,
861 3502 932 3554 deon
942 3503 1150 3570 potimaqamua
1158 3494 1231 3566 Scyl-

179 3575 226 3630 lib.
240 3577 276 3630 lll
284 3615 293 3644 ‚
305 3577 358 3646 424
368 3597 428 3651 sqq.
440 3579 500 3646 431.
512 3579 572 3647 43η.
727 3579 833 3653 la,qttoe
844 3581 872 3632 in
886 3578 1070 3632 Girinmutata
1082 3585 1127 3627 ast.
1137 3575 1230 3628 -La-

215 3655 258 3710 66.
271 3657 346 3710 Ordo
355 3661 491 3712 sententie
502 3660 536 3711 ab
545 3659 587 3712 hia
597 3679 682 3732 naqne
726 3661 787 3712 mioe
799 3659 879 3714 filiam
890 3657 1037 3712 tradiderat
1047 3653 1161 3727 Scyllam
1173 3653 1231 3708 Ste-

180 3735 216 3788 atl
227 3755 252 3788 v·
271 3739 305 3808 89
322 3755 381 3810 sqq.
404 3738 542 3811 procedit:
563 3739 614 3792 Sed
633 3739 683 3812 ipsi
727 3737 923 3791 richemond.
935 3735 1024 3790 Sclrol.
1036 3733 1230 3806 apollonem,

178 3836 224 3868 reu
236 3817 330 3870 Lamia
344 3817 483 3887 maternal,
497 3835 542 3870 seu
559 3819 680 3884 stotoeis,
728 3821 788 3872 828.
818 3817 952 3870 Cmtoeidir
982 3829 1070 3869 antem
1098 3815 1230 3867 Homerus

180 3913 225 3948 seu
238 3896 345 3957 Peme,-
361 3897 389 3948 lr.
403 3917 425 3949 e.
440 3897 552 3959 llecate;
567 3897 620 3950 sive
633 3897 681 3950 illa
726 3899 823 3972 odyss,
834 3920 867 3969 μ,
882 3897 939 3963 tal.
951 3927 985 3936 -
994 3895 1087 3946 Peraea
1097 3907 1136 3945 est
1144 3895 1231 3946 Heca-

180 3975 320 4048 alleqorr'ce
336 3987 374 4028 ert
387 3975 468 4029 libido
485 3977 617 4044 Venetae,
630 3979 683 4031 sive
726 3991 766 4046 to,
777 3979 860 4030 Persae
873 3995 905 4029 ex
918 3977 1025 4027 Asteria
1035 3971 1098 4026 lilia.
1109 4002 1142 4010 -
1154 3991 1229 4022 mon-

180 4051 272 4125 puella
291 4073 309 4104 a
328 4053 456 4126 Neptuno
474 4075 592 4129 oppressa
610 4068 635 4110 et
654 4059 681 4110 in
725 4054 1052 4128 strumbifonne.drovir,
1064 4051 1228 4124 Phorcysvrl

182 4143 326 4186 monstrum
357 4147 481 4206 munta,
507 4139 560 4192 rive
588 4137 680 4212 praello
725 4139 856 4210 Phor-cyri.
