2958 4700
493 365 545 432 tu
569 365 818 431 ECLOGAM
841 365 880 432 Χ.
1146 371 1210 441 335

164 505 257 549 nemo
273 485 388 550 horum
408 507 459 549 me
476 488 612 572 lugeret,
632 503 668 548 ut
683 507 768 548 nunc
784 489 923 572 Lycoris,
941 485 993 549 sed
1010 509 1073 552 una
1086 511 1210 554 mecum

160 576 277 659 jaceret
292 580 374 640 inter
387 578 495 640 salices
504 576 563 640 suh
577 579 657 638 vite:
672 579 748 660 quin
761 575 881 659 Phyllis
894 591 975 638 serta
986 577 1066 640 mihi
1080 580 1212 665 legeret,

164 669 315 750 Amyntas
326 683 464 745 caneret,
478 669 578 729 amori
589 685 659 727 meo
672 663 903 749 gratificantes:
917 665 1038 750 explico
1051 671 1214 752 parenthe-

164 757 214 815 sin
227 778 233 815 :
250 758 425 820 nominavit
436 756 545 819 Gallus
559 759 726 840 Amyntam
734 780 743 833 ;
758 757 784 817 is
797 755 930 837 nigellus
942 780 1040 839 quum
1053 775 1148 838 esset,
1161 762 1212 822 fu·

164 865 236 906 cum
249 844 310 906 sihi
320 845 397 909 facit
410 845 536 926 Gallus,
553 845 614 908 huc
626 848 768 906 ratione:
783 843 859 927 quid
874 847 898 904 si
915 849 1062 927 Amyntas
1078 852 1213 913 amasius

165 946 238 994 tuus
252 936 306 1012 sit,
329 938 384 1018 qui
399 935 507 997 fuscus
522 934 587 996 est?
599 935 681 995 nihil
697 932 729 994 id
745 953 828 1007 mea3
849 933 961 994 amabo
978 935 1085 1012 illum3
1107 952 1213 1020 gratus

165 1023 244 1082 crit:
264 1043 337 1083 nam
358 1023 449 1085 violae
465 1027 563 1107 nigrae
580 1023 832 1098 sunt„vaccinia
849 1023 938 1103 nigra
954 1037 1041 1100 sunt,
1062 1040 1094 1086 et
1109 1040 1212 1087 tamen

164 1124 272 1192 grata:
291 1114 335 1172 sic
350 1111 439 1174 color
451 1115 593 1194 Amyntoe
608 1111 720 1194 plenus
740 1111 930 1170 venustatis:
947 1131 986 1170 an
1003 1133 1068 1172 non
1083 1112 1215 1196 pulcher

164 1201 220 1275 sit,
233 1201 326 1261 etism
341 1204 367 1262 si
378 1202 506 1264 fuscus?
517 1202 568 1262 hic
582 1202 722 1261 vaccinia
736 1213 809 1260 sunt
822 1198 993 1281 hyacinthi.
1007 1203 1159 1281 (Recurre
1174 1205 1214 1266 ad

164 1286 260 1366 illud,
272 1311 306 1366 a,
317 1289 458 1371 Eclogae,
469 1291 603 1352 vaccinia
618 1291 702 1370 niqra
718 1287 871 1370 leguntur.-
885 1287 947 1349 vol.
962 1291 991 1368 l,
1004 1311 1034 1372 p.
1047 1291 1115 1373 93.)

205 1373 255 1451 Aa.
278 1377 367 1438 Redit
392 1375 432 1438 ad
454 1377 629 1452 insaniam,
652 1377 707 1459 qui
731 1375 797 1457 jam
816 1374 982 1458 Phyllide,
1004 1393 1058 1438 aut
1080 1381 1215 1462 Amynta

165 1478 348 1526 contentum
358 1487 391 1527 se
400 1467 468 1528 fore
481 1467 618 1527 dixerut:
632 1486 706 1526 nam
719 1464 781 1526 hoc
791 1477 836 1525 e’st
846 1479 1020 1526 amatorum
1032 1469 1193 1549 ingenium
1206 1492 1213 1529 :

165 1550 278 1614 invitat
294 1556 400 1636 itaque
416 1557 559 1638 Lycorim
574 1576 591 1614 a
605 1552 766 1629 fontibus,
782 1557 837 1636 qui
852 1553 966 1636 gelidi:
982 1577 1000 1614 a
1011 1559 1122 1637 pratis,
1143 1579 1213 1640 quae

166 1637 294 1700 mollia:
317 1663 490 1718 anemore3
510 1643 582 1719 uhi,
599 1645 625 1704 si
646 1663 744 1725 quum
765 1645 832 1726 ipsa
847 1645 902 1718 sit,
919 1660 1137 1722 consenescat,
1156 1667 1214 1708 nec

165 1741 266 1789 mutet
277 1727 364 1799 sedes
374 1746 448 1792 ante
460 1746 607 1793 mortem.

204 1816 255 1894 44.
268 1818 353 1879 Nihil
363 1823 461 1902 magis
473 1822 667 1882 contrarium
677 1819 833 1898 fontibus,
842 1823 954 1904 pratis,
964 1825 1106 1898 nemori,
1120 1845 1215 1906 quam

166 1907 276 1971 Martis
290 1915 403 1987 armn,'
413 1911 490 1988 tela,
510 1909 629 1971 hostes:
651 1910 705 1970 illa
720 1912 804 1971 enim
818 1912 908 1994 plena
922 1925 996 1971 sunt
1011 1915 1216 1992 amoenitatis,

166 1997 223 2058 ista
236 1995 393 2059 horroris:
408 2019 479 2060 vere
490 2000 619 2061 insanus
632 2015 677 2062 est
689 2021 793 2077 amor,
805 2010 879 2062 sere
893 2015 1013 2062 mentes
1026 2019 1216 2080 commutat;

165 2105 240 2148 nam
254 2109 352 2172 quum
362 2090 548 2150 muliercula
558 2104 621 2150 tam
633 2089 785 2151 mollibus
795 2090 914 2152 deliciis
924 2090 1088 2173 indulgere
1098 2109 1216 2175 posset,

166 2174 292 2237 Gallum
303 2177 468 2241 efficiendo
477 2178 694 2244 beatissimum
704 2181 786 2240 inter
794 2180 914 2258 fontes,
926 2197 1017 2262 prata
1028 2195 1059 2242 et
1071 2199 1218 2260 nemora,

166 2265 280 2328 maluit
292 2269 324 2328 in
337 2273 490 2347 exercitu,
502 2272 535 2331 in
548 2272 672 2348 castris,
683 2272 716 2330 in
727 2269 842 2354 praeliis
853 2271 937 2332 inter
949 2263 1119 2332 vulnera'et
1129 2293 1218 2332 eruo·

168 2377 234 2417 rem
250 2362 378 2438 versari,
392 2361 489 2421 alium
503 2373 674 2422 amatorem
686 2358 854 2442 sequendo.
867 2361 895 2421 O
906 2357 1089 2440 flagrantem
1101 2363 1216 2422 amoris

168 2443 337 2506 insaniam!
896 2509 901 2526 ,

207 2533 256 2611 lyd.
274 2535 338 2614 Qui
356 2548 561 2620 proposuerat
575 2535 721 2618 Lycoridi
737 2538 933 2600 amoenitates
944 2537 1017 2612 ritae
1029 2538 1165 2619 rusticae,
1181 2549 1218 2603 ut

168 2625 329 2701 inviserem
339 2624 419 2708 jam,
433 2641 469 2689 ut
478 2627 631 2689 deterreat
640 2625 1018 2710 proponitiuoommoda,
1028 2645 1098 2709 quae
1107 2627 1217 2690 eadem

169 2715 202 2774 in
220 2712 305 2776 bello
322 2719 450 2778 Antonii
466 2719 599 2801 patitur3
615 2737 713 2800 quum
729 2717 838 2800 procul
853 2720 892 2778 sit
904 2737 922 2778 a
935 2717 1056 2800 patria:
1073 2715 1141 2778 haec
1152 2715 1217 2784 duo

168 2818 257 2878 sun13
269 2791 372 2883 nives,
386 2824 452 2867 non
465 2825 676 2889 quecunque,
689 2804 742 2865 scd
754 2805 897 2890 Alpium3
911 2806 1046 2888 frigora,
1058 2825 1124 2866 non
1137 2825 1219 2886 quta·

169 2911 307 2979 cunque,
319 2895 371 2958 sed
386 2895 506 2960 Rheni:
523 2909 558 2960 tu
575 2917 650 2980 ergo
664 2893 739 2956 dura
751 2916 798 2975 es,
816 2909 846 2958 et
862 2898 943 2980 ipsas
959 2895 1051 2982 Alpes
1068 2915 1220 2980 superans

206 3035 250 3091 38.
262 3039 564 3114 deoquicumyuafsrcr.
577 3041 672 3096 Omnis
713 3051 805 3116 prata,
818 3040 919 3114 meur.
932 3043 972 3096 Ac
984 3041 1006 3092 si
1018 3037 1134 3106 diceret,
1151 3036 1218 3110 quid

168 3117 244 3175 §nim
256 3133 332 3174 anor
344 3119 444 3190 pisum
458 3121 558 3174 furoris
574 3135 623 3174 est.
637 3149 674 3164 -
714 3125 823 3192 tejurat
833 3122 1010 3195 interfrignra
1018 3119 1158 3172 Gallicana
1168 3118 1217 3170 de·

174 3195 244 3266 Quid
250 3197 427 3271 tumsijuacm
434 3199 580 3272 Amyntas?
589 3202 673 3268 Quasi
711 3203 833 3253 morari?
848 3215 875 3254 at
892 3219 974 3274 quum
991 3209 1110 3271 optasset
1129 3195 1217 3264 aliud,

173 3276 198 3328 ci
217 3275 354 3346 objectum
377 3281 427 3348 sit,
449 3279 523 3352 quod
545 3280 673 3354 Amyntas
715 3279 861 3340 iterumad
873 3291 991 3334 amatum
1002 3277 1090 3331 rediit.
1103 3277 1174 3331 Sero.

165 3356 264 3417 fuscus
276 3369 359 3425 astet,
376 3359 414 3410 sio
427 3358 584 3432 respondit:
600 3359 674 3428 Quid
754 3359 798 3426 45.
814 3359 877 3412 Tela
889 3361 957 3412 inter
965 3359 1065 3423 media,
1080 3367 1158 3430 atque
1171 3355 1220 3408 arl-

173 3433 411 3490 sleiudesiluscua
425 3438 674 3492 estinonideode-
717 3457 801 3493 versos
821 3439 920 3490 detinet
940 3437 1026 3490 hostis.
1055 3437 1093 3489 Ex
1117 3437 1219 3490 allecta

168 3517 282 3579 §ormiay
294 3535 356 3569 nam
372 3531 398 3570 et
408 3518 486 3570 violae
500 3531 527 3572 et
538 3520 674 3586 vaccinia,
720 3519 834 3573 amentis
843 3518 880 3569 ibi
892 3535 919 3571 se
929 3535 986 3571 esse
995 3528 1086 3590 putat,
1095 3515 1144 3568 ubi
1152 3517 1220 3570 aml-

171 3597 334 3670 ysigricautaa
349 3596 442 3663 floras,
457 3600 562 3650 venusti
575 3597 676 3651 habeu-
720 3619 753 3653 ca
765 3611 821 3651 est:
832 3609 864 3650 ut
873 3599 931 3663 Me,
944 3599 979 3649 sit
990 3613 1078 3650 meum
1091 3599 1217 3650 animum.

174 3678 543 3750 sur.Propert.ll,X'lX‚77=
558 3679 677 3731 «Vidisti
720 3681 782 3732 Non
797 3680 845 3731 ubi
860 3680 966 3744 vivunt,
984 3675 1031 3731 s'erl
1046 3677 1094 3730 uhi
1113 3690 1220 3750 amant,
1269 3681 1272 3688 '

173 3759 257 3832 pleno
273 3769 392 3812 teneram
405 3757 522 3811 eandm
538 3757 674 3830 puellam
722 3761 918 3814 marcinanno
931 3760 977 3832 qui
991 3756 1181 3824 conficiuntur,
1195 3771 1222 3810 et

175 3837 677 3910 vidissitnscozdulcisutuqueoolor..
714 3833 874 3916 sigllantes,
897 3851 923 3895 at
942 3839 1119 3904 somniantes,
1143 3844 1221 3908 agere

211 3920 255 3988 Ao.
271 3922 375 3974 Aleum
389 3917 563 3973 hnersulices.
578 3917 677 3973 Videli·
722 3921 854 3974 dicuntur.
870 3919 913 3972 'De
929 3919 981 3972 hac
996 3917 1078 3971 Servii
1091 3917 1223 3970 sententia

175 4012 232 4067 cer,
254 4000 396 4071 alteruter,
415 3998 459 4052 vel
470 3999 599 4072 quisquis
611 3999 677 4067 ille,
715 3999 783 4053 ¹vide
792 3997 854 4051 Vol.
865 4001 890 4067 l,
904 4017 929 4072 p.
945 4013 996 4070 ²⁰9
1008 4011 1034 4051 et
1048 4012 1111 4062 aro,
1122 3995 1184 4045 Not.
1196 4006 1226 4046 at

175 4079 217 4133 rel
230 4078 449 4136 Altinatium
722 4080 785 4132 Var.
798 4079 871 4132 lect.

211 4161 254 4228 Aa.
269 4161 319 4215 Hic
330 4159 518 4236 gelidifcntes,
531 4159 573 4213 hic
584 4158 681 4214 mollia.
757 4159 800 4230 47.
814 4157 859 4210 AA
868 4157 942 4212 dsuu.
954 4157 1021 4226 Qua
1034 4175 1076 4210 me
1091 4169 1146 4210 tam
1159 4151 1224 4206 fide·
