<?xml version="1.0" encoding="UTF-8"?>
<!DOCTYPE html PUBLIC "-//W3C//DTD XHTML 1.0 Transitional//EN"
    "http://www.w3.org/TR/xhtml1/DTD/xhtml1-transitional.dtd">
<html xmlns="http://www.w3.org/1999/xhtml" xml:lang="en" lang="en">
 <head>
  <title>
</title>
<meta http-equiv="Content-Type" content="text/html;charset=utf-8" />
  <meta name='ocr-system' content='tesseract 3.04.00' />
  <meta name='ocr-capabilities' content='ocr_page ocr_carea ocr_par ocr_line ocrx_word'/>
</head>
<body>
  <div class='ocr_page' id='page_1' title='image "./pvirgiliusmaroq04barbgoog_0224.png"; bbox 0 0 3000 4674; ppageno 0'>
   <div class='ocr_carea' id='block_1_1' title="bbox 269 338 1061 411">
    <p class='ocr_par' dir='ltr' id='par_1_1' title="bbox 269 338 1061 411">
     <span class='ocr_line' id='line_1_1' title="bbox 269 338 1061 411; baseline 0.003 -3"><span class='ocrx_word' id='word_1_1' title='bbox 269 359 334 410; x_wconf 70' lang='grc' dir='ltr'><strong>κο</strong></span> <span class='ocrx_word' id='word_1_2' title='bbox 516 338 769 410; x_wconf 84' lang='lat' dir='ltr'><strong>EDITORIS</strong></span> <span class='ocrx_word' id='word_1_3' title='bbox 792 340 1061 411; x_wconf 78' lang='lat' dir='ltr'><strong>PRAEFATIO.</strong></span> 
     </span>
    </p>
   </div>
   <div class='ocr_carea' id='block_1_2' title="bbox 220 465 1337 2174">
    <p class='ocr_par' dir='ltr' id='par_1_2' title="bbox 220 465 1337 2174">
     <span class='ocr_line' id='line_1_2' title="bbox 265 465 1313 568; baseline -0.004 -28"><span class='ocrx_word' id='word_1_4' title='bbox 265 465 529 566; x_wconf 82' lang='lat' dir='ltr'><strong>Explicatianes</strong></span> <span class='ocrx_word' id='word_1_5' title='bbox 546 485 669 558; x_wconf 91' lang='lat' dir='ltr'><strong>vocat,</strong></span> <span class='ocrx_word' id='word_1_6' title='bbox 684 496 704 541; x_wconf 92' lang='lat' dir='ltr'><strong>e</strong></span> <span class='ocrx_word' id='word_1_7' title='bbox 718 469 852 568; x_wconf 89' lang='lat' dir='ltr'><strong>triplici</strong></span> <span class='ocrx_word' id='word_1_8' title='bbox 866 468 1104 542; x_wconf 83' lang='lat' dir='ltr'><strong>voluminum</strong></span> <span class='ocrx_word' id='word_1_9' title='bbox 1118 470 1313 539; x_wconf 81' lang='lat' dir='ltr'><strong>immensa·</strong></span> 
     </span>
     <span class='ocr_line' id='line_1_3' title="bbox 267 581 1335 684; baseline -0.002 -31"><span class='ocrx_word' id='word_1_10' title='bbox 267 607 351 653; x_wconf 90' lang='lat' dir='ltr'><strong>rum</strong></span> <span class='ocrx_word' id='word_1_11' title='bbox 369 581 467 655; x_wconf 90' lang='lat' dir='ltr'><strong>mole</strong></span> <span class='ocrx_word' id='word_1_12' title='bbox 481 601 664 684; x_wconf 82' lang='lat' dir='ltr'><strong>excerpta,</strong></span> <span class='ocrx_word' id='word_1_13' title='bbox 691 601 726 657; x_wconf 91' lang='lat' dir='ltr'><strong>et</strong></span> <span class='ocrx_word' id='word_1_14' title='bbox 746 587 786 656; x_wconf 89' lang='lat' dir='ltr'><strong>in</strong></span> <span class='ocrx_word' id='word_1_15' title='bbox 808 589 1056 684; x_wconf 76' lang='lat' dir='ltr'><strong>angustiorem</strong></span> <span class='ocrx_word' id='word_1_16' title='bbox 1073 581 1200 656; x_wconf 90' lang='lat' dir='ltr'><strong>orbem</strong></span> <span class='ocrx_word' id='word_1_17' title='bbox 1223 603 1335 652; x_wconf 90' lang='lat' dir='ltr'><strong>con-·</strong></span> 
     </span>
     <span class='ocr_line' id='line_1_4' title="bbox 267 697 1333 800; baseline -0.002 -34"><span class='ocrx_word' id='word_1_18' title='bbox 267 713 379 769; x_wconf 87' lang='lat' dir='ltr'><strong>tracta</strong></span> <span class='ocrx_word' id='word_1_19' title='bbox 394 699 619 800; x_wconf 76' lang='lat' dir='ltr'><strong>redigemus:</strong></span> <span class='ocrx_word' id='word_1_20' title='bbox 636 725 756 799; x_wconf 89' lang='lat' dir='ltr'><strong>neque</strong></span> <span class='ocrx_word' id='word_1_21' title='bbox 769 725 837 772; x_wconf 90' lang='lat' dir='ltr'><strong>nos</strong></span> <span class='ocrx_word' id='word_1_22' title='bbox 849 725 870 772; x_wconf 86' lang='lat' dir='ltr'><strong>a</strong></span> <span class='ocrx_word' id='word_1_23' title='bbox 882 698 1067 772; x_wconf 81' lang='lat' dir='ltr'><strong>mutandis</strong></span> <span class='ocrx_word' id='word_1_24' title='bbox 1079 697 1236 797; x_wconf 81' lang='lat' dir='ltr'><strong>aliquot,</strong></span> <span class='ocrx_word' id='word_1_25' title='bbox 1248 719 1312 766; x_wconf 84' lang='lat' dir='ltr'><strong>seu</strong></span> <span class='ocrx_word' id='word_1_26' title='bbox 1330 721 1333 727; x_wconf 91' lang='lat'>·</span> 
     </span>
     <span class='ocr_line' id='line_1_5' title="bbox 266 811 1337 903; baseline -0.001 -24"><span class='ocrx_word' id='word_1_27' title='bbox 266 811 401 900; x_wconf 87' lang='lat' dir='ltr'><strong>verbis,</strong></span> <span class='ocrx_word' id='word_1_28' title='bbox 424 839 486 886; x_wconf 88' lang='lat' dir='ltr'><strong>seu</strong></span> <span class='ocrx_word' id='word_1_29' title='bbox 506 817 690 886; x_wconf 82' lang='lat' dir='ltr'><strong>sententiis</strong></span> <span class='ocrx_word' id='word_1_30' title='bbox 710 812 972 903; x_wconf 84' lang='lat' dir='ltr'><strong>abstinuimus,</strong></span> <span class='ocrx_word' id='word_1_31' title='bbox 994 811 1058 885; x_wconf 91' lang='lat' dir='ltr'><strong>ubi</strong></span> <span class='ocrx_word' id='word_1_32' title='bbox 1082 817 1337 899; x_wconf 52' lang='lat' dir='ltr'><strong>sensus-auti</strong></span> 
     </span>
     <span class='ocr_line' id='line_1_6' title="bbox 266 927 1313 1027; baseline -0.001 -32"><span class='ocrx_word' id='word_1_33' title='bbox 266 927 468 1004; x_wconf 77' lang='lat' dir='ltr'><strong>Latinitatis</strong></span> <span class='ocrx_word' id='word_1_34' title='bbox 488 934 580 1001; x_wconf 90' lang='lat' dir='ltr'><strong>ratio</strong></span> <span class='ocrx_word' id='word_1_35' title='bbox 603 928 787 1027; x_wconf 90' lang='lat' dir='ltr'><strong>postulare</strong></span> <span class='ocrx_word' id='word_1_36' title='bbox 806 931 883 1001; x_wconf 85' lang='lat' dir='ltr'><strong>visa</strong></span> <span class='ocrx_word' id='word_1_37' title='bbox 901 945 969 1017; x_wconf 89' lang='lat' dir='ltr'><strong>est;</strong></span> <span class='ocrx_word' id='word_1_38' title='bbox 995 952 1114 1027; x_wconf 91' lang='lat' dir='ltr'><strong>neque</strong></span> <span class='ocrx_word' id='word_1_39' title='bbox 1133 927 1313 1012; x_wconf 87' lang='lat' dir='ltr'><strong>nimium,</strong></span> 
     </span>
     <span class='ocr_line' id='line_1_7' title="bbox 266 1041 1315 1142; baseline -0.003 -31"><span class='ocrx_word' id='word_1_40' title='bbox 266 1066 335 1138; x_wconf 88' lang='lat' dir='ltr'><strong>pro</strong></span> <span class='ocrx_word' id='word_1_41' title='bbox 363 1041 485 1115; x_wconf 80' lang='lat' dir='ltr'><strong>saeculi</strong></span> <span class='ocrx_word' id='word_1_42' title='bbox 517 1047 574 1116; x_wconf 93' lang='lat' dir='ltr'><strong>sui</strong></span> <span class='ocrx_word' id='word_1_43' title='bbox 606 1069 728 1132; x_wconf 89' lang='lat' dir='ltr'><strong>more,</strong></span> <span class='ocrx_word' id='word_1_44' title='bbox 756 1041 912 1116; x_wconf 80' lang='lat' dir='ltr'><strong>effusam</strong></span> <span class='ocrx_word' id='word_1_45' title='bbox 942 1045 1079 1142; x_wconf 78' lang='lat' dir='ltr'><strong>ingenii</strong></span> <span class='ocrx_word' id='word_1_46' title='bbox 1106 1043 1250 1138; x_wconf 89' lang='lat' dir='ltr'><strong>copiam</strong></span> <span class='ocrx_word' id='word_1_47' title='bbox 1279 1053 1315 1109; x_wconf 91' lang='lat' dir='ltr'><strong>et</strong></span> 
     </span>
     <span class='ocr_line' id='line_1_8' title="bbox 220 1153 1314 1257; baseline -0.003 -30"><span class='ocrx_word' id='word_1_48' title='bbox 220 1241 227 1252; x_wconf 82' lang='lat'><strong>.</strong></span> <span class='ocrx_word' id='word_1_49' title='bbox 267 1163 370 1254; x_wconf 88' lang='lat' dir='ltr'><strong>quasi</strong></span> <span class='ocrx_word' id='word_1_50' title='bbox 399 1157 581 1231; x_wconf 82' lang='lat' dir='ltr'><strong>luxuriem</strong></span> <span class='ocrx_word' id='word_1_51' title='bbox 604 1175 795 1257; x_wconf 86' lang='lat' dir='ltr'><strong>amputare</strong></span> <span class='ocrx_word' id='word_1_52' title='bbox 820 1174 855 1229; x_wconf 91' lang='lat' dir='ltr'><strong>et</strong></span> <span class='ocrx_word' id='word_1_53' title='bbox 878 1156 1140 1230; x_wconf 84' lang='lat' dir='ltr'><strong>circumcidere</strong></span> <span class='ocrx_word' id='word_1_54' title='bbox 1166 1153 1314 1226; x_wconf 91' lang='lat' dir='ltr'><strong>dubita-</strong></span> 
     </span>
     <span class='ocr_line' id='line_1_9' title="bbox 266 1267 1316 1370; baseline -0.002 -30"><span class='ocrx_word' id='word_1_55' title='bbox 266 1273 404 1362; x_wconf 86' lang='lat' dir='ltr'><strong>vimus,</strong></span> <span class='ocrx_word' id='word_1_56' title='bbox 426 1272 591 1345; x_wconf 89' lang='lat' dir='ltr'><strong>eamdem</strong></span> <span class='ocrx_word' id='word_1_57' title='bbox 611 1276 724 1345; x_wconf 90' lang='lat' dir='ltr'><strong>secuti</strong></span> <span class='ocrx_word' id='word_1_58' title='bbox 743 1276 922 1345; x_wconf 89' lang='lat' dir='ltr'><strong>rationem</strong></span> <span class='ocrx_word' id='word_1_59' title='bbox 936 1297 1010 1370; x_wconf 88' lang='lat' dir='ltr'><strong>qua</strong></span> <span class='ocrx_word' id='word_1_60' title='bbox 1025 1274 1175 1359; x_wconf 82' lang='lat' dir='ltr'><strong>Poesecs</strong></span> <span class='ocrx_word' id='word_1_61' title='bbox 1193 1267 1316 1339; x_wconf 85' lang='lat' dir='ltr'><strong>latinae</strong></span> 
     </span>
     <span class='ocr_line' id='line_1_10' title="bbox 267 1382 1316 1460; baseline -0.002 -5"><span class='ocrx_word' id='word_1_62' title='bbox 267 1385 516 1460; x_wconf 81' lang='lat' dir='ltr'><strong>Praelectiones</strong></span> <span class='ocrx_word' id='word_1_63' title='bbox 530 1403 669 1459; x_wconf 87' lang='lat' dir='ltr'><strong>nostras</strong></span> <span class='ocrx_word' id='word_1_64' title='bbox 683 1391 723 1458; x_wconf 89' lang='lat' dir='ltr'><strong>in</strong></span> <span class='ocrx_word' id='word_1_65' title='bbox 739 1387 936 1460; x_wconf 83' lang='lat' dir='ltr'><strong>Academia</strong></span> <span class='ocrx_word' id='word_1_66' title='bbox 947 1388 1135 1458; x_wconf 87' lang='lat' dir='ltr'><strong>Parisiensi</strong></span> <span class='ocrx_word' id='word_1_67' title='bbox 1149 1382 1196 1456; x_wconf 87' lang='lat' dir='ltr'><strong>ad</strong></span> <span class='ocrx_word' id='word_1_68' title='bbox 1210 1405 1316 1454; x_wconf 84' lang='lat' dir='ltr'><strong>aures</strong></span> 
     </span>
     <span class='ocr_line' id='line_1_11' title="bbox 266 1494 1317 1600; baseline -0.004 -28"><span class='ocrx_word' id='word_1_69' title='bbox 266 1499 496 1574; x_wconf 90' lang='lat' dir='ltr'><strong>audientium</strong></span> <span class='ocrx_word' id='word_1_70' title='bbox 504 1526 645 1600; x_wconf 86' lang='lat' dir='ltr'><strong>semper</strong></span> <span class='ocrx_word' id='word_1_71' title='bbox 652 1501 892 1573; x_wconf 85' lang='lat' dir='ltr'><strong>traduximus.</strong></span> <span class='ocrx_word' id='word_1_72' title='bbox 902 1499 1181 1600; x_wconf 89' lang='lat' dir='ltr'><strong>Quamquidem</strong></span> <span class='ocrx_word' id='word_1_73' title='bbox 1188 1494 1317 1597; x_wconf 88' lang='lat' dir='ltr'><strong>itapla·</strong></span> 
     </span>
     <span class='ocr_line' id='line_1_12' title="bbox 268 1611 1314 1713; baseline -0.002 -27"><span class='ocrx_word' id='word_1_74' title='bbox 268 1617 384 1686; x_wconf 92' lang='lat' dir='ltr'><strong>cuisse</strong></span> <span class='ocrx_word' id='word_1_75' title='bbox 396 1613 599 1713; x_wconf 84' lang='lat' dir='ltr'><strong>discipulis,</strong></span> <span class='ocrx_word' id='word_1_76' title='bbox 614 1632 657 1688; x_wconf 91' lang='lat' dir='ltr'><strong>ut</strong></span> <span class='ocrx_word' id='word_1_77' title='bbox 670 1641 748 1687; x_wconf 91' lang='lat' dir='ltr'><strong>non</strong></span> <span class='ocrx_word' id='word_1_78' title='bbox 760 1614 870 1688; x_wconf 86' lang='lat' dir='ltr'><strong>semel</strong></span> <span class='ocrx_word' id='word_1_79' title='bbox 885 1611 1101 1713; x_wconf 83' lang='lat' dir='ltr'><strong>plauserint3</strong></span> <span class='ocrx_word' id='word_1_80' title='bbox 1116 1615 1165 1686; x_wconf 90' lang='lat' dir='ltr'><strong>ita</strong></span> <span class='ocrx_word' id='word_1_81' title='bbox 1179 1615 1314 1710; x_wconf 76' lang='lat' dir='ltr'><strong>magis-</strong></span> 
     </span>
     <span class='ocr_line' id='line_1_13' title="bbox 267 1727 1316 1820; baseline -0.001 -21"><span class='ocrx_word' id='word_1_82' title='bbox 267 1733 331 1800; x_wconf 92' lang='lat' dir='ltr'><strong>tris</strong></span> <span class='ocrx_word' id='word_1_83' title='bbox 340 1727 607 1820; x_wconf 86' lang='lat' dir='ltr'><strong>adsidentibus,</strong></span> <span class='ocrx_word' id='word_1_84' title='bbox 617 1728 945 1802; x_wconf 84' lang='lat' dir='ltr'><strong>utdeindeiuerint</strong></span> <span class='ocrx_word' id='word_1_85' title='bbox 954 1731 1101 1818; x_wconf 90' lang='lat' dir='ltr'><strong>imitati,</strong></span> <span class='ocrx_word' id='word_1_86' title='bbox 1114 1752 1316 1800; x_wconf 90' lang='lat' dir='ltr'><strong>nunccon-</strong></span> 
     </span>
     <span class='ocr_line' id='line_1_14' title="bbox 268 1841 1316 1943; baseline -0.001 -28"><span class='ocrx_word' id='word_1_87' title='bbox 268 1842 473 1932; x_wconf 88' lang='lat' dir='ltr'><strong>fitebimur,</strong></span> <span class='ocrx_word' id='word_1_88' title='bbox 492 1847 579 1942; x_wconf 90' lang='lat' dir='ltr'><strong>quia</strong></span> <span class='ocrx_word' id='word_1_89' title='bbox 599 1861 720 1917; x_wconf 90' lang='lat' dir='ltr'><strong>totum</strong></span> <span class='ocrx_word' id='word_1_90' title='bbox 738 1842 833 1916; x_wconf 92' lang='lat' dir='ltr'><strong>illud</strong></span> <span class='ocrx_word' id='word_1_91' title='bbox 846 1843 972 1917; x_wconf 89' lang='lat' dir='ltr'><strong>Cerdae</strong></span> <span class='ocrx_word' id='word_1_92' title='bbox 985 1845 1134 1943; x_wconf 76' lang='lat' dir='ltr'><strong>ingenio</strong></span> <span class='ocrx_word' id='word_1_93' title='bbox 1151 1841 1316 1914; x_wconf 90' lang='lat' dir='ltr'><strong>debitum</strong></span> 
     </span>
     <span class='ocr_line' id='line_1_15' title="bbox 268 1958 1315 2057; baseline 0 -30"><span class='ocrx_word' id='word_1_94' title='bbox 268 1973 304 2028; x_wconf 88' lang='lat' dir='ltr'><strong>et</strong></span> <span class='ocrx_word' id='word_1_95' title='bbox 320 1983 401 2030; x_wconf 89' lang='lat' dir='ltr'><strong>vere</strong></span> <span class='ocrx_word' id='word_1_96' title='bbox 415 1961 609 2057; x_wconf 88' lang='lat' dir='ltr'><strong>proprium</strong></span> <span class='ocrx_word' id='word_1_97' title='bbox 622 1958 777 2032; x_wconf 89' lang='lat' dir='ltr'><strong>libenter</strong></span> <span class='ocrx_word' id='word_1_98' title='bbox 790 1963 1055 2032; x_wconf 87' lang='lat' dir='ltr'><strong>renuntiamus.</strong></span> <span class='ocrx_word' id='word_1_99' title='bbox 1073 1959 1179 2030; x_wconf 86' lang='lat' dir='ltr'><strong>Hanc</strong></span> <span class='ocrx_word' id='word_1_100' title='bbox 1192 1971 1315 2028; x_wconf 87' lang='lat' dir='ltr'><strong>autem</strong></span> 
     </span>
     <span class='ocr_line' id='line_1_16' title="bbox 270 2070 1317 2174; baseline 0.002 -34"><span class='ocrx_word' id='word_1_101' title='bbox 270 2074 368 2142; x_wconf 84' lang='lat' dir='ltr'><strong>viam</strong></span> <span class='ocrx_word' id='word_1_102' title='bbox 381 2097 449 2145; x_wconf 91' lang='lat' dir='ltr'><strong>nos</strong></span> <span class='ocrx_word' id='word_1_103' title='bbox 459 2098 502 2145; x_wconf 89' lang='lat' dir='ltr'><strong>eo</strong></span> <span class='ocrx_word' id='word_1_104' title='bbox 513 2071 759 2146; x_wconf 87' lang='lat' dir='ltr'><strong>confidentius</strong></span> <span class='ocrx_word' id='word_1_105' title='bbox 769 2076 948 2174; x_wconf 78' lang='lat' dir='ltr'><strong>ingressos</strong></span> <span class='ocrx_word' id='word_1_106' title='bbox 958 2073 1200 2160; x_wconf 79' lang='lat' dir='ltr'><strong>declaramus,</strong></span> <span class='ocrx_word' id='word_1_107' title='bbox 1213 2070 1317 2171; x_wconf 83' lang='lat' dir='ltr'><strong>quod</strong></span> 
     </span>
    </p>
   </div>
   <div class='ocr_carea' id='block_1_3' title="bbox 270 2179 1316 2288">
    <p class='ocr_par' dir='ltr' id='par_1_3' title="bbox 270 2179 1316 2288">
     <span class='ocr_line' id='line_1_17' title="bbox 270 2179 1316 2288; baseline 0.003 -32"><span class='ocrx_word' id='word_1_108' title='bbox 270 2191 423 2286; x_wconf 82' lang='lat' dir='ltr'><strong>praevios</strong></span> <span class='ocrx_word' id='word_1_109' title='bbox 449 2187 560 2260; x_wconf 87' lang='lat' dir='ltr'><strong>duces</strong></span> <span class='ocrx_word' id='word_1_110' title='bbox 578 2179 733 2286; x_wconf 82' lang='lat' dir='ltr'><strong>semper</strong></span> <span class='ocrx_word' id='word_1_111' title='bbox 757 2188 852 2260; x_wconf 89' lang='lat' dir='ltr'><strong>duos</strong></span> <span class='ocrx_word' id='word_1_112' title='bbox 884 2191 1196 2288; x_wconf 85' lang='lat' dir='ltr'><strong>praestantissimos</strong></span> <span class='ocrx_word' id='word_1_113' title='bbox 1219 2190 1316 2259; x_wconf 87' lang='lat' dir='ltr'><strong>viros</strong></span> 
     </span>
    </p>
   </div>
   <div class='ocr_carea' id='block_1_4' title="bbox 270 2299 1337 3321">
    <p class='ocr_par' dir='ltr' id='par_1_4' title="bbox 270 2299 1337 3321">
     <span class='ocr_line' id='line_1_18' title="bbox 270 2299 1315 2403; baseline 0.002 -32"><span class='ocrx_word' id='word_1_114' title='bbox 270 2307 442 2392; x_wconf 88' lang='lat' dir='ltr'><strong>venerati,</strong></span> <span class='ocrx_word' id='word_1_115' title='bbox 455 2328 640 2403; x_wconf 88' lang='lat' dir='ltr'><strong>nusquam</strong></span> <span class='ocrx_word' id='word_1_116' title='bbox 654 2302 700 2376; x_wconf 95' lang='lat' dir='ltr'><strong>ab</strong></span> <span class='ocrx_word' id='word_1_117' title='bbox 713 2301 776 2375; x_wconf 90' lang='lat' dir='ltr'><strong>illa</strong></span> <span class='ocrx_word' id='word_1_118' title='bbox 790 2299 1046 2375; x_wconf 83' lang='lat' dir='ltr'><strong>deflexerimus</strong></span> <span class='ocrx_word' id='word_1_119' title='bbox 1052 2305 1190 2392; x_wconf 89' lang='lat' dir='ltr'><strong>semita,</strong></span> <span class='ocrx_word' id='word_1_120' title='bbox 1202 2301 1315 2400; x_wconf 88' lang='lat' dir='ltr'><strong>quam</strong></span> 
     </span>
     <span class='ocr_line' id='line_1_19' title="bbox 271 2415 1315 2518; baseline -0.001 -29"><span class='ocrx_word' id='word_1_121' title='bbox 271 2417 377 2490; x_wconf 93' lang='lat' dir='ltr'><strong>nobis</strong></span> <span class='ocrx_word' id='word_1_122' title='bbox 393 2417 642 2518; x_wconf 84' lang='lat' dir='ltr'><strong>patefecerunt</strong></span> <span class='ocrx_word' id='word_1_123' title='bbox 662 2417 887 2518; x_wconf 86' lang='lat' dir='ltr'><strong>amplissima</strong></span> <span class='ocrx_word' id='word_1_124' title='bbox 899 2415 1050 2490; x_wconf 81' lang='lat' dir='ltr'><strong>Gallicae</strong></span> <span class='ocrx_word' id='word_1_125' title='bbox 1066 2417 1315 2488; x_wconf 86' lang='lat' dir='ltr'><strong>Universitatis</strong></span> 
     </span>
     <span class='ocr_line' id='line_1_20' title="bbox 272 2531 1318 2634; baseline 0.002 -32"><span class='ocrx_word' id='word_1_126' title='bbox 272 2531 433 2623; x_wconf 89' lang='lat' dir='ltr'><strong>lumina,</strong></span> <span class='ocrx_word' id='word_1_127' title='bbox 462 2549 496 2604; x_wconf 95' lang='lat' dir='ltr'><strong>et</strong></span> <span class='ocrx_word' id='word_1_128' title='bbox 521 2560 716 2633; x_wconf 91' lang='lat' dir='ltr'><strong>nunquam</strong></span> <span class='ocrx_word' id='word_1_129' title='bbox 738 2537 898 2634; x_wconf 91' lang='lat' dir='ltr'><strong>peritura</strong></span> <span class='ocrx_word' id='word_1_130' title='bbox 918 2532 1056 2606; x_wconf 81' lang='lat' dir='ltr'><strong>Plessaei</strong></span> <span class='ocrx_word' id='word_1_131' title='bbox 1080 2531 1232 2632; x_wconf 78' lang='lat' dir='ltr'><strong>Collegii</strong></span> <span class='ocrx_word' id='word_1_132' title='bbox 1263 2557 1318 2604; x_wconf 89' lang='lat' dir='ltr'><strong>or·</strong></span> 
     </span>
     <span class='ocr_line' id='line_1_21' title="bbox 271 2646 1316 2748; baseline 0.001 -31"><span class='ocrx_word' id='word_1_133' title='bbox 271 2664 462 2735; x_wconf 87' lang='lat' dir='ltr'><strong>namenta,</strong></span> <span class='ocrx_word' id='word_1_134' title='bbox 481 2651 530 2720; x_wconf 91' lang='lat' dir='ltr'><strong>M.</strong></span> <span class='ocrx_word' id='word_1_135' title='bbox 553 2651 739 2722; x_wconf 88' lang='lat' dir='ltr'><strong>Hersanus</strong></span> <span class='ocrx_word' id='word_1_136' title='bbox 762 2651 803 2722; x_wconf 85' lang='lat' dir='ltr'><strong>G.</strong></span> <span class='ocrx_word' id='word_1_137' title='bbox 821 2646 959 2722; x_wconf 88' lang='lat' dir='ltr'><strong>Rollini</strong></span> <span class='ocrx_word' id='word_1_138' title='bbox 973 2651 1160 2748; x_wconf 77' lang='lat' dir='ltr'><strong>magister,</strong></span> <span class='ocrx_word' id='word_1_139' title='bbox 1183 2663 1218 2719; x_wconf 93' lang='lat' dir='ltr'><strong>et</strong></span> <span class='ocrx_word' id='word_1_140' title='bbox 1240 2650 1316 2745; x_wconf 88' lang='lat' dir='ltr'><strong>ipse</strong></span> 
     </span>
     <span class='ocr_line' id='line_1_22' title="bbox 271 2758 1316 2862; baseline 0.004 -33"><span class='ocrx_word' id='word_1_141' title='bbox 271 2761 312 2830; x_wconf 88' lang='lat' dir='ltr'><strong>C.</strong></span> <span class='ocrx_word' id='word_1_142' title='bbox 324 2759 506 2852; x_wconf 88' lang='lat' dir='ltr'><strong>Rollinus,</strong></span> <span class='ocrx_word' id='word_1_143' title='bbox 520 2767 693 2861; x_wconf 74' lang='lat' dir='ltr'><strong>magistro</strong></span> <span class='ocrx_word' id='word_1_144' title='bbox 702 2787 839 2862; x_wconf 74' lang='lat' dir='ltr'><strong>magno</strong></span> <span class='ocrx_word' id='word_1_145' title='bbox 849 2760 970 2860; x_wconf 87' lang='lat' dir='ltr'><strong>major</strong></span> <span class='ocrx_word' id='word_1_146' title='bbox 977 2758 1191 2861; x_wconf 90' lang='lat' dir='ltr'><strong>discipulus,</strong></span> <span class='ocrx_word' id='word_1_147' title='bbox 1205 2759 1316 2833; x_wconf 87' lang='lat' dir='ltr'><strong>ambo</strong></span> 
     </span>
     <span class='ocr_line' id='line_1_23' title="bbox 273 2875 1313 2978; baseline 0.002 -30"><span class='ocrx_word' id='word_1_148' title='bbox 273 2875 448 2948; x_wconf 82' lang='lat' dir='ltr'><strong>Cerdanae</strong></span> <span class='ocrx_word' id='word_1_149' title='bbox 462 2876 580 2950; x_wconf 86' lang='lat' dir='ltr'><strong>laudis</strong></span> <span class='ocrx_word' id='word_1_150' title='bbox 596 2879 719 2952; x_wconf 89' lang='lat' dir='ltr'><strong>idonei</strong></span> <span class='ocrx_word' id='word_1_151' title='bbox 733 2894 853 2970; x_wconf 88' lang='lat' dir='ltr'><strong>testes,</strong></span> <span class='ocrx_word' id='word_1_152' title='bbox 868 2895 902 2950; x_wconf 90' lang='lat' dir='ltr'><strong>et</strong></span> <span class='ocrx_word' id='word_1_153' title='bbox 911 2903 1096 2976; x_wconf 72' lang='lat' dir='ltr'><strong>praecones</strong></span> <span class='ocrx_word' id='word_1_154' title='bbox 1105 2881 1236 2978; x_wconf 74' lang='lat' dir='ltr'><strong>egregii</strong></span> <span class='ocrx_word' id='word_1_155' title='bbox 1249 2877 1313 2974; x_wconf 87' lang='lat'><strong>(1).</strong></span> 
     </span>
     <span class='ocr_line' id='line_1_24' title="bbox 319 2991 1314 3093; baseline -0.001 -29"><span class='ocrx_word' id='word_1_156' title='bbox 319 2993 406 3064; x_wconf 86' lang='lat' dir='ltr'><strong>Haec</strong></span> <span class='ocrx_word' id='word_1_157' title='bbox 426 3009 529 3083; x_wconf 88' lang='lat' dir='ltr'><strong>sunt,</strong></span> <span class='ocrx_word' id='word_1_158' title='bbox 550 2997 666 3065; x_wconf 89' lang='lat' dir='ltr'><strong>amice</strong></span> <span class='ocrx_word' id='word_1_159' title='bbox 684 2996 830 3083; x_wconf 89' lang='lat' dir='ltr'><strong>Lector,</strong></span> <span class='ocrx_word' id='word_1_160' title='bbox 852 3019 934 3093; x_wconf 83' lang='lat' dir='ltr'><strong>quae</strong></span> <span class='ocrx_word' id='word_1_161' title='bbox 950 2991 1092 3092; x_wconf 72' lang='lat' dir='ltr'><strong>praefari</strong></span> <span class='ocrx_word' id='word_1_162' title='bbox 1112 2991 1314 3083; x_wconf 91' lang='lat' dir='ltr'><strong>voluimus,</strong></span> 
     </span>
     <span class='ocr_line' id='line_1_25' title="bbox 270 3105 1337 3209; baseline 0 -29"><span class='ocrx_word' id='word_1_163' title='bbox 270 3123 330 3198; x_wconf 92' lang='lat' dir='ltr'><strong>ut,</strong></span> <span class='ocrx_word' id='word_1_164' title='bbox 348 3105 533 3207; x_wconf 76' lang='lat' dir='ltr'><strong>diligentia</strong></span> <span class='ocrx_word' id='word_1_165' title='bbox 550 3125 673 3181; x_wconf 89' lang='lat' dir='ltr'><strong>nostra</strong></span> <span class='ocrx_word' id='word_1_166' title='bbox 688 3109 780 3209; x_wconf 90' lang='lat' dir='ltr'><strong>quid</strong></span> <span class='ocrx_word' id='word_1_167' title='bbox 798 3108 969 3200; x_wconf 84' lang='lat' dir='ltr'><strong>valuerit,</strong></span> <span class='ocrx_word' id='word_1_168' title='bbox 987 3133 1030 3182; x_wconf 81' lang='lat' dir='ltr'><strong>ex</strong></span> <span class='ocrx_word' id='word_1_169' title='bbox 1046 3133 1152 3208; x_wconf 81' lang='lat' dir='ltr'><strong>aequo</strong></span> <span class='ocrx_word' id='word_1_170' title='bbox 1166 3123 1200 3180; x_wconf 83' lang='lat' dir='ltr'><strong>et</strong></span> <span class='ocrx_word' id='word_1_171' title='bbox 1213 3107 1315 3181; x_wconf 87' lang='lat' dir='ltr'><strong>bono</strong></span> <span class='ocrx_word' id='word_1_172' title='bbox 1334 3153 1337 3158; x_wconf 94' lang='lat'>-</span> 
     </span>
     <span class='ocr_line' id='line_1_26' title="bbox 271 3223 1208 3321; baseline 0.011 -28"><span class='ocrx_word' id='word_1_173' title='bbox 271 3225 385 3321; x_wconf 87' lang='lat' dir='ltr'><strong>possis</strong></span> <span class='ocrx_word' id='word_1_174' title='bbox 401 3225 585 3296; x_wconf 81' lang='lat' dir='ltr'><strong>aestimare.</strong></span> <span class='ocrx_word' id='word_1_175' title='bbox 601 3223 701 3297; x_wconf 90' lang='lat' dir='ltr'><strong>Vale.</strong></span> <span class='ocrx_word' id='word_1_176' title='bbox 1204 3247 1208 3254; x_wconf 85' lang='lat'>&#39;</span> 
     </span>
    </p>
   </div>
   <div class='ocr_carea' id='block_1_5' title="bbox 274 3397 1314 3592">
    <p class='ocr_par' dir='ltr' id='par_1_5' title="bbox 274 3397 1314 3592">
     <span class='ocr_line' id='line_1_27' title="bbox 311 3397 1314 3493; baseline 0.008 -30"><span class='ocrx_word' id='word_1_177' title='bbox 311 3405 353 3483; x_wconf 91' lang='lat' dir='ltr'><strong>(r)</strong></span> <span class='ocrx_word' id='word_1_178' title='bbox 365 3405 443 3466; x_wconf 86' lang='lat' dir='ltr'><strong>Vide</strong></span> <span class='ocrx_word' id='word_1_179' title='bbox 454 3405 517 3467; x_wconf 88' lang='lat' dir='ltr'><strong>vol.</strong></span> <span class='ocrx_word' id='word_1_180' title='bbox 529 3407 559 3485; x_wconf 90' lang='lat' dir='ltr'><strong>l,</strong></span> <span class='ocrx_word' id='word_1_181' title='bbox 579 3412 676 3472; x_wconf 72' lang='lat' dir='ltr'><strong>Traitd</strong></span> <span class='ocrx_word' id='word_1_182' title='bbox 685 3409 733 3471; x_wconf 83' lang='lat' dir='ltr'><strong>des</strong></span> <span class='ocrx_word' id='word_1_183' title='bbox 744 3397 868 3486; x_wconf 70' lang='lat' dir='ltr'><strong>Etudes,</strong></span> <span class='ocrx_word' id='word_1_184' title='bbox 884 3431 956 3493; x_wconf 80' lang='lat' dir='ltr'><strong>pag.</strong></span> <span class='ocrx_word' id='word_1_185' title='bbox 973 3407 1047 3493; x_wconf 76' lang='lat'><strong>372,</strong></span> <span class='ocrx_word' id='word_1_186' title='bbox 1063 3403 1314 3489; x_wconf 69' lang='lat' dir='ltr'><strong>etvol.11,pag.</strong></span> 
     </span>
     <span class='ocr_line' id='line_1_28' title="bbox 274 3497 969 3592; baseline 0.013 -32"><span class='ocrx_word' id='word_1_187' title='bbox 274 3497 347 3579; x_wconf 87' lang='lat'><strong>599,</strong></span> <span class='ocrx_word' id='word_1_188' title='bbox 358 3501 417 3584; x_wconf 83' lang='lat'><strong>637</strong></span> <span class='ocrx_word' id='word_1_189' title='bbox 429 3515 460 3564; x_wconf 94' lang='lat' dir='ltr'><strong>et</strong></span> <span class='ocrx_word' id='word_1_190' title='bbox 471 3525 554 3589; x_wconf 89' lang='lat' dir='ltr'><strong>seqq.</strong></span> <span class='ocrx_word' id='word_1_191' title='bbox 568 3509 653 3570; x_wconf 81' lang='lat' dir='ltr'><strong>Paris</strong></span> <span class='ocrx_word' id='word_1_192' title='bbox 657 3533 670 3585; x_wconf 79' lang='lat'><strong>,-</strong></span> <span class='ocrx_word' id='word_1_193' title='bbox 680 3507 755 3571; x_wconf 89' lang='lat' dir='ltr'><strong>edit.</strong></span> <span class='ocrx_word' id='word_1_194' title='bbox 767 3509 868 3586; x_wconf 69' lang='lat' dir='ltr'><strong>iura,</strong></span> <span class='ocrx_word' id='word_1_195' title='bbox 884 3505 969 3592; x_wconf 72' lang='lat'><strong>1748.</strong></span> 
     </span>
    </p>
   </div>
   <div class='ocr_carea' id='block_1_6' title="bbox 725 3825 867 3847">
    <p class='ocr_par' dir='ltr' id='par_1_6' title="bbox 725 3825 867 3847">
     <span class='ocr_line' id='line_1_29' title="bbox 725 3825 867 3847; baseline -0.007 0"><span class='ocrx_word' id='word_1_196' title='bbox 725 3825 867 3847; x_wconf 64' lang='grc' dir='ltr'>σαι-ιι-</span> 
     </span>
    </p>
   </div>
   <div class='ocr_carea' id='block_1_7' title="bbox 0 0 1514 4674">
    <p class='ocr_par' dir='ltr' id='par_1_7' title="bbox 0 0 1514 4674">
     <span class='ocr_line' id='line_1_30' title="bbox 0 0 1514 4674; baseline 0 0"><span class='ocrx_word' id='word_1_197' title='bbox 0 0 1514 4674; x_wconf 95' lang='lat' dir='ltr'><strong> </strong></span> 
     </span>
    </p>
   </div>
  </div>
 </body>
</html>
