3000 4674
475 341 528 410 IN
551 341 800 412 Betooun
823 342 897 410 111.
1142 345 1205 416 265

164 463 261 614 luppo
275 469 376 530 tractu
388 465 566 549 producens
580 481 749 530 extremam
761 468 907 545 salutem,
922 482 958 530 ut
968 487 1037 552 quae
1051 489 1131 553 aegre
1143 470 1205 534 dis-

168 575 204 615 ce
227 571 301 617 eret.

207 643 255 704 80.
268 643 401 706 Stabulis
415 645 523 706 ovium
536 644 631 705 tristis
646 595 790 726 quaedam
805 664 854 705 res
867 657 913 706 est
924 652 955 706 et
966 645 1096 724 infesta,
1112 646 1207 730 lupus

167 731 223 811 qui
237 752 287 792 aas
296 730 443 794 devorat:
458 732 571 794 imbres
581 731 699 792 turbidi
710 746 741 792 et
751 734 940 815 precipites,
952 732 1093 815 frugibus
1103 733 1211 796 decoc-

164 820 206 878 tis
219 819 285 900 jam
297 821 336 882 ad
348 839 496 900 messem,
508 824 562 905 qui
575 843 625 882 eas
637 821 789 904 perdunt:
804 822 889 882 venti
901 822 1078 898 arboribus,
1090 825 1144 905 qui
1156 845 1208 885 eas

165 925 392 994 corrumpunt:
415 913 505 974 nobis
525 910 606 972 nihil
625 923 671 972 est
692 912 813 972 tristius
835 913 883 971 ira
901 911 1116 996 Amaryllidis,
1137 933 1208 995 quoe

164 1017 215 1060 me
226 996 369 1076 devorat,
384 1000 502 1083 perdit,
514 1001 697 1080 corrumpit.
709 998 823 1060 Maluit
835 1001 944 1073 Poeta,
958 1003 1021 1075 irre,
1033 1020 1129 1084 quam
1142 1003 1185 1060 ira
1198 1022 1206 1058 ε

167 1101 234 1148 turn
253 1089 328 1170 quia
348 1109 496 1150 uumerus
514 1103 607 1169 auget
621 1090 701 1163 vim;
720 1102 788 1148 tum
807 1089 882 1169 quia
895 1089 956 1164 ait,
976 1087 1080 1149 nobis:
1101 1089 1208 1171 itaque

166 1175 337 1258 respondet
349 1197 497 1236 numerus
508 1197 649 1236 numero.

206 1267 255 1324 ea.
274 1265 352 1324 Satis
369 1263 471 1324 dulcis
485 1261 628 1345 quaedam
646 1283 695 1323 rea
714 1276 775 1338 est,
789 1261 905 1324 humor
915 1263 995 1324 leuis
1013 1277 1045 1326 et
1061 1263 1210 1340 blandus,

166 1351 251 1412 unde
267 1351 321 1412 illa
333 1351 483 1430 aluntur:
497 1351 626 1411 arbutus
640 1348 806 1411 hoedieulis
819 1350 998 1413 ablactatis:
1013 1349 1128 1412 borum
1142 1371 1210 1412 ma·

166 1437 267 1500 tribus
276 1439 382 1499 levatis
395 1459 412 1499 a
424 1451 517 1520 partu
529 1437 607 1500 salix
616 1437 715 1500 lenta:
727 1436 807 1499 mihi
818 1440 969 1521 Amyntas
977 1459 1074 1514 unus,
1083 1453 1114 1500 et
1123 1437 1211 1500 solua

166 1528 368 1590 dulcissimus
382 1543 440 1590 est.

105 1605 108 1614 ’
207 1614 256 1691 88.
268 1615 371 1676 Pollio
383 1619 507 1698 egregia
515 1617 611 1677 animi
622 1614 819 1678 humanitate
829 1629 912 1676 amat
921 1615 1046 1676 Musam
1056 1625 1212 1692 nostram,

169 1707 291 1766 etiamsi
314 1707 355 1766 sit
377 1708 506 1784 rustica,
529 1705 682 1768 excellens
706 1709 774 1788 ipse
794 1707 943 1767 carminis
962 1707 1073 1788 uugiai
1094 1705 1209 1766 Poeta:

167 1795 370 1876 quamobrem
384 1817 455 1871 voa,
466 1795 619 1874 Pierides,
631 1795 763 1856 vitulam
774 1797 894 1880 pascite
905 1795 1016 1857 lectori
1028 1807 1144 1869 vestro;
1155 1791 1213 1854 ob-

167 1903 271 1960 serva,
282 1886 356 1967 quia
371 1900 513 1964 nostrum,
530 1885 603 1948 ideo
618 1900 725 1962 uestru3
742 1901 773 1948 et
786 1887 859 1969 quia
872 1889 1007 1962 Musam,
1021 1885 1105 1947 idern
1117 1886 1210 1946 Pieri-

166 1972 233 2034 des:
246 1988 278 2035 et
288 1975 362 2056 quia
376 1977 463 2038 Musa
476 1979 596 2050 natira,
608 1975 681 2038 ideo
694 1975 800 2051 viaria,
813 1977 978 2058 proemium
987 1977 1151 2037 rusticum.

206 2061 354 2124 selden
369 2064 471 2125 Pollio
488 2065 562 2124 facit
577 2067 730 2140 carmina,
751 2063 836 2146 quod
849 2066 1047 2146 praestantius
1060 2075 1118 2136 est,
1133 2075 1164 2123 et
1174 2081 1211 2122 ea

166 2169 231 2209 non
251 2150 406 2233 vulgaria,
426 2152 479 2212 sed
500 2173 600 2214 nova:
621 2169 815 2236 quapropter
828 2173 898 2227 vos,
917 2151 1067 2226 Pierides,
1087 2165 1213 2212 taurum

166 2239 285 2320 pascite
292 2239 357 2321 jam
370 2240 529 2318 adultum,
540 2261 603 2302 non
615 2242 765 2318 uitulum,
777 2254 807 2301 et
815 2261 887 2302 eum
898 2260 962 2302 nou
972 2239 1147 2320 vulgarem
1157 2237 1212 2298 sed

167 2331 218 2389 cui
233 2327 347 2412 duplex
360 2332 400 2391 sit
418 2343 491 2391 nota
506 2332 737 2410 generositati83
757 2343 793 2390 ut
806 2349 907 2390 cornu
920 2341 1020 2414 petat,
1036 2342 1072 2388 ut
1085 2345 1214 2387 arenam

168 2431 310 2497 spargat:
323 2414 384 2476 boc
395 2418 526 2499 prtemio
538 2415 653 2498 dignus
664 2415 729 2477 ilie.

123 2573 126 2579 ,
209 2504 256 2565 88.
269 2503 298 2562 Ο
310 2503 425 2581 ΡοΙΙίο,
438 2509 493 2586 qui
506 2517 537 2566 te
550 2519 651 2582 amat,
665 2523 703 2566 eo
715 2505 893 2587 perveniat,
905 2521 969 2586 quo
981 2498 1096 2584 gaudet
1106 2511 1136 2559 te
1147 2519 1215 2582 per·

167 2593 307 2654 venisse:
321 2593 422 2674 signat
434 2593 646 2677 triumphum,
660 2608 692 2655 et
703 2591 911 2656 consulatum.
923 2596 966 2654 Te
978 2591 1095 2652 amanti
1108 2589 1215 2650 omnia

168 2679 313 2746 accidant
332 2681 568 2759 candidissima,
589 2693 619 2743 et
639 2701 697 2764 pro
717 2683 824 2742 votis:
847 2681 948 2742 fluant
969 2677 1043 2740 huic
1065 2674 1158 2738 mella
1177 2696 1215 2738 ex

168 2765 361 2850 quercubus3
376 2783 523 2831 nascatur
535 2791 695 2831 amomum
708 2790 745 2831 ex
760 2769 851 2832 rubo.
871 2767 983 2854 Calliae
995 2768 1106 2829 annua.
1119 2765 1215 2838 Huic,

170 2860 225 2940 qui
247 2872 277 2918 te
295 2872 391 2938 amet,
412 2875 488 2943 opta
509 2859 706 2946 triumphum
728 2873 834 2936 tuum,
854 2858 1068 2932 consulatum,
1089 2874 1216 2917 auream

170 2959 308 3024 aetatem,
319 2968 355 3009 ac
365 2948 497 3032 perinde
509 2969 637 3012 omnem
647 2947 841 3012 felicitatem.

169 3121 226 3158 rem
243 3107 372 3177 optimum
392 3108 551 3180 appellavit,
568 3129 584 3163 a
601 3125 668 3182 quo·
713 3127 770 3162 rem
780 3109 908 3162 Horatiae
919 3105 1002 3158 fuisse
1011 3113 1132 3156 testatur.
1145 3099 1215 3153 Nam

171 3185 234 3237 dam
257 3199 364 3256 pastore
384 3187 576 3242 nobilissimos
600 3192 670 3242 siout
713 3189 741 3240 in
749 3186 868 3240 mundo
876 3185 1034 3250 carminum,
1046 3180 1111 3232 dicit
1119 3177 1153 3231 de
1162 3177 1216 3230 bis-

169 3267 668 3340 virumfortempierumquebebiliemg
713 3267 810 3329 toriia,
838 3259 997 3316 Periculosa
1018 3257 1129 3330 plenum
1152 3273 1217 3328 opus

171 3345 336 3414 adulterum,
352 3347 440 3402 Parim
450 3366 586 3402 vocamus.
600 3350 669 3404 Saue
713 3341 779 3396 alea
795 3342 918 3404 Tractat,
933 3349 960 3390 et
973 3336 1070 3390 incedis
1083 3353 1133 3407 por
1144 3335 1216 3410 ignea

170 3427 291 3502 lenpaut
313 3426 372 3482 vale
389 3429 427 3481 ita
447 3429 499 3496 ait,
517 3443 547 3480 ut
564 3440 670 3481 torvum
714 3420 957 3496 Suppositoscineri
965 3418 1061 3470 doloso.
1074 3418 1216 3488 Itempau-

171 3508 270 3560 clamat
283 3528 289 3558 z
305 3525 354 3582 pro
368 3506 496 3560 adverbio
508 3525 606 3561 nomen
617 3525 670 3579 po·
713 3503 742 3556 io
752 3515 828 3575 post,
841 3498 956 3554 Paulum
966 3513 1059 3551 seuere
1068 3496 1146 3548 Musa
1162 3505 1215 3546 tra·

103 3635 107 3647 .
171 3589 232 3641 ruit.
240 3587 315 3653 Vale,
324 3587 394 3652 vale,
404 3589 671 3660 inqrri13Lecorripit
712 3582 805 3658 poedioe
817 3578 891 3632 Desit
906 3575 1021 3630 theatris.
1039 3575 1140 3643 Quam,
1157 3591 1216 3627 aar·

169 3684 285 3739 sequeus
297 3667 411 3734 vocalis,
422 3681 467 3734 ut,
479 3667 516 3720 Te
526 3667 671 3739 Corydona
714 3681 775 3716 meu
788 3677 880 3724 saura,
894 3658 957 3710 licet
969 3657 1113 3722 rusticum,
1125 3667 1217 3710 tamea

169 3749 257 3800 Alexi.
269 3747 342 3802 Serv.
715 3761 806 3797 amara
818 3739 966 3794 confimat.
979 3737 1050 3791 Serv.

205 3827 247 3896 84.
261 3826 352 3880 Pollio
361 3836 671 3899 emrtuostrem,qaam-
750 3823 793 3878 88.
811 3821 869 3893 Quo
880 3829 1014 3891 tepaoque
1022 3813 1130 3890 perdat.
1144 3813 1216 3868 suh-

170 3908 209 3960 oa's
221 3907 254 3961 sit
266 3908 377 3974 rasura,
394 3907 510 3960 Nasam.
530 3905 670 3959 blanditur
714 3901 901 3962 aadiveuiase3
914 3907 1074 3970 pervenerat
1082 3907 1171 3948 autem
1181 3895 1217 3948 ad

167 3991 223 4066 jam
239 3987 351 4041 Pollioni
367 4001 499 4060 patrono:
519 3997 597 4058 quent
615 3999 668 4039 tra·
714 3981 883 4037 consulatum
897 3988 961 4052 post
972 3973 1137 4047 triumphum
1150 3973 1216 4026 ual-

170 4064 317 4142 goedianrm
330 4071 362 4123 et*
370 4067 544 4124 historiarum
555 4067 670 4142 scripto·
713 4067 850 4122 naucum.
858 4061 1035 4118 Namviasrat
1044 4056 1170 4123 aarum
1179 4058 1218 4114 ei·
