2986 4694
286 350 346 438 ηε
528 347 563 410 r.
587 341 820 409 vtnomn
843 343 1075 410 nuaorns

284 471 492 539 Inmoderata
506 472 573 559 pati
586 493 675 536 nunc
688 471 822 558 frigora,
837 493 992 562 nuncque
1004 471 1148 537 calores?
1298 487 1332 542 ts

328 581 470 646 Stertere
482 577 535 642 vel
547 576 629 641 dura
640 599 738 665 posse
751 599 851 664 super
862 577 973 642 silice?

206 681 211 692 '
283 685 376 775 Saepe
388 703 515 750 trucem
526 681 803 772 adversoperlabi
816 680 925 747 sidere
938 683 1100 748 Pontum?

328 791 421 879 Saepe
433 813 523 854 mare
534 787 689 854 audendo
701 790 848 868 vincere,
862 811 950 878 saepe
961 788 1126 854 hiemem?

188 924 192 929 ⁷
285 898 378 987 Saepe
391 899 488 962 etiam
501 895 621 962 densos
635 896 800 960 inmittere
812 917 932 983 corpus
944 897 978 959 iu
990 894 1118 976 bostem

329 1005 548 1068 Communem
559 1001 639 1066 belli
651 1021 713 1066 uec
725 1000 873 1066 timuisse
885 999 1007 1064 deum?

285 1095 380 1176 Nunc
393 1110 516 1174 celeres
528 1109 638 1186 Afros,
652 1107 863 1196 perituraque
875 1105 976 1172 millia
988 1109 1109 1196 genus,

292 1233 295 1242 ·
328 1219 437 1280 Aurea
448 1236 538 1278 nunc
549 1211 656 1301 rapidi
669 1211 805 1278 llumiua
817 1211 909 1278 adire
920 1213 1022 1301 Tagi?

284 1323 380 1387 Nunc
391 1321 489 1385 aliam
501 1318 613 1385 exalia
624 1317 781 1384 bellende
792 1341 940 1409 quaerere
952 1321 1104 1408 gentem?

328 1428 469 1493 Vincere
481 1441 514 1491 et
524 1426 648 1490 Oceani
659 1423 781 1490 finibus
794 1424 951 1492 ulterius?

286 1533 360 1596 Non
373 1547 524 1597 nostrum
536 1544 599 1609 est,
612 1529 762 1617 inquam,
776 1545 881 1594 tantas
893 1528 1063 1617 adtingere
1075 1526 1205 1610 laudes3
1301 1542 1331 1590 55

329 1637 418 1719 Quin
429 1635 534 1699 ausim
546 1632 611 1698 hoc
624 1634 722 1698 etiam
735 1631 860 1713 dicere,
874 1627 927 1696 vix
938 1634 1112 1700 bominum
1125 1650 1185 1700 est.

288 1743 377 1832 Ipsa,
390 1742 462 1805 baec
473 1742 542 1828 ipsa
554 1740 663 1804 ferent
674 1761 787 1806 rerum
797 1757 1013 1806 monumenta
1025 1763 1086 1830 per
1096 1739 1226 1820 orbem;

331 1848 406 1934 lpse
419 1845 482 1909 sibi
494 1845 664 1933 egregium
675 1845 761 1910 lacta
773 1844 874 1910 decus
887 1847 1027 1936 parient.

287 1955 354 2018 Nos
367 1973 419 2032 ea,
434 1974 508 2039 quae
519 1966 630 2018 tecum
643 1949 810 2018 finxerunt
820 1953 966 2018 cannino
978 1951 1060 2032 divi,

284 2133 380 2209 procul
402 2136 505 2208 aquatis
531 2135 692 2203 Salmasius,
721 2138 786 2190 Tam
831 2136 1332 2213 estsicquidemindntboldibl,ep.

285 2214 381 2289 procul
389 2235 405 2266 a
419 2227 499 2282 nuto,
515 2217 642 2270 Francius
656 2219 785 2288 coujaoil;
808 2250 811 2255 v
835 2225 882 2290 ¹⁰7
893 2221 1019 2274 Memnon
1033 2217 1158 2272 Producit
1167 2217 1252 2290 pentir
1267 2213 1333 2268 mil-

287 2309 382 2350 neuter
399 2298 463 2350 satis
482 2297 631 2350 commode.
650 2295 786 2352 ln'altoro
833 2298 940 2352 liatetru
949 2297 1192 2369 snoe.Oudeudorp,
1200 2299 1270 2368 conj.
1275 2314 1334 2368 per·

287 2377 408 2430 membro
415 2391 527 2449 uterque
537 2401 543 2430 :
555 2389 609 2429 tom
614 2377 709 2452 procul
717 2399 734 2431 a
742 2398 792 2451 pa·
832 2382 953 2451 juraque
965 2377 1060 2430 ultimo
1073 2377 1167 2450 pratis.
1185 2375 1336 2446 Amplecte-

289 2459 349 2510 tn'a.
362 2459 392 2510 lu
404 2459 493 2530 priore
506 2470 594 2512 autem
607 2477 640 2510 ne
653 2458 720 2512 illud
729 2462 806 2530 qm·⁴
835 2477 894 2527 rer,
912 2477 965 2530 quo
983 2458 1046 2511 libri
1059 2456 1161 2510 ducunt
1176 2455 1274 2527 (etiam
1283 2473 1335 2509 ms.

289 2537 351 2590 dem
365 2539 528 2603 satisfaciat,
544 2538 567 2588 si
583 2536 649 2587 Tam
664 2535 760 2608 procul
774 2559 790 2590 a
834 2537 980 2591 Helmstad.
1000 2535 1181 2609 perjurem),
1200 2539 1314 2607 perjnm
1323 2555 1335 2596 ,-

290 2615 578 2688 naticlegamutdlorte
587 2617 714 2686 scriptum
724 2618 789 2669 fuit:
834 2616 883 2668 sed
894 2615 999 2686 reliqua
1009 2633 1105 2687 parum
1122 2614 1237 2686 placent.
1254 2614 1336 2666 Exci·

292 2695 360 2746 Tam
366 2694 475 2766 procul,
485 2697 545 2747 orbe
554 2693 626 2747 alio:
636 2706 689 2746 tam
696 2696 792 2769 procul
835 2694 890 2759 dit,
905 2696 1042 2766 suspicor,
1054 2713 1151 2747 nomen
1160 2695 1261 2766 gentis:
1272 2711 1297 2744 v.
1310 2711 1335 2745 c.

289 2775 415 2844 epatris.
428 2775 521 2826 Orbem
538 2775 575 2828 ita
588 2774 640 2828 dici
654 2776 790 2850 vulgatum
832 2774 1005 2847 peritumque
1027 2772 1135 2839 millia,
1158 2773 1267 2824 Mauros
1293 2772 1337 2826 vel

291 2867 331 2906 est
346 2876 352 2905 ε
372 2856 410 2906 sic
429 2855 495 2906 orbis
513 2853 626 2910 diversas
634 2893 644 2922 ‚
658 2854 788 2922 ultimus,
833 2853 1002 2908 lucrosum
1012 2852 1119 2906 inbelle
1129 2851 1337 2908 interCnsarem

292 2931 534 3006 lonqinqunsetul.
834 2945 861 2985 et
884 2933 1038 3004 Pompeium
1065 2932 1181 2986 Messala
1206 2931 1267 2984 loca
1289 2929 1338 2983 illa

327 3014 369 3080 48.
389 3014 557 3086 legebatur:
582 3014 655 3086 Soepe
670 3015 789 3068 audendo
838 3010 1059 3074 adiissesidetur.

292 3111 371 3146 marc.
394 3093 461 3146 Cum
484 3095 635 3146 Burmauno
656 3094 794 3146 Broulhu·
874 3089 915 3146 55.
933 3093 996 3144 Non
1013 3101 1128 3146 nostram
1144 3102 1199 3156 est,
1217 3108 1336 3164 unquam
1400 3151 1405 3160 Ι

294 3175 395 3226 sinnam
407 3173 497 3238 illam,
514 3171 620 3226 facilem
632 3185 658 3224 ct
670 3171 793 3236 obviam,
838 3171 906 3224 bene
919 3171 1138 3226 emendatllurm.
1148 3171 1210 3224 Non
1220 3181 1337 3224 nostrum

293 3251 506 3306 emendationem
515 3251 650 3322 amplexus
659 3269 718 3304 sum
728 3272 734 3301 :
744 3252 793 3303 Sae-
838 3264 922 3308 tantm
934 3245 1044 3326 inquam
1058 3263 1108 3318 est,
1120 3270 1168 3304 ms.
1182 3253 1293 3305 llelmst.

291 3331 794 3403 pemnrcaudendo.Quumexunotan·
872 3333 915 3404 57.
929 3335 1008 3405 Ipsa,
1025 3332 1080 3384 ltoee
1092 3333 1147 3405 ipsa
1156 3330 1262 3401 ferent,
1277 3329 1336 3382 scil.

293 3424 350 3463 tum
363 3412 480 3464 alterove
488 3409 601 3476 Codice,
610 3413 656 3480 qui
664 3423 793 3482 superest,
837 3412 930 3466 laudes
939 3413 1013 3475 illat3
1026 3412 1093 3464 alias
1104 3429 1159 3462 una
1170 3430 1202 3463 ex
1211 3409 1338 3464 emenda-

293 3491 465 3560 provenorint
475 3487 531 3538 linc
547 3491 680 3556 carmina,
697 3491 793 3542 mirum
837 3493 954 3546 tionibus
966 3491 1066 3544 ibidem
1078 3490 1164 3543 allatis
1174 3489 1338 3562 amplecten-

293 3586 348 3618 nou
358 3580 410 3626 est,
421 3568 484 3617 vitia
496 3565 539 3617 vel
548 3568 687 3619 manifesta
697 3569 793 3621 editio·
836 3570 887 3624 da:
901 3591 948 3628 seu
959 3571 1081 3624 Salmasii
1092 3594 1098 3622 t
1111 3573 1171 3644 lpse
1182 3569 1236 3622 lucc
1244 3589 1270 3622 se
1281 3569 1336 3641 ipsa

292 3665 339 3698 nes
352 3655 505 3696 constaulel·
517 3643 648 3696 obsidere.
830 3652 937 3722 ferent,
958 3670 1005 3705 κῃ
1025 3655 1146 3705 Heinsiig
1167 3655 1227 3724 Ipsa
1246 3650 1337 3718 bunc,

327 3725 369 3774 50.
378 3726 547 3776 Communem
556 3721 619 3774 belli
625 3727 789 3778 deumooul.
834 3731 877 3784 vel
890 3731 948 3784 Sese
960 3730 1015 3784 ltoee
1027 3733 1081 3804 ipsa
1091 3731 1200 3804 ferent,
1217 3750 1262 3786 seu
1280 3732 1362 3782 Ou-·

293 3805 436 3855 Burmann.
450 3812 476 3852 et
491 3819 550 3872 sup.
561 3798 628 3852 Ciris
638 3821 661 3852 v.
676 3803 735 3872 359.
835 3809 976 3883 daudet-pii
989 3834 996 3863 ς
1011 3811 1063 3864 Sed
1072 3823 1095 3864 te
1108 3811 1162 3864 hac
1174 3813 1230 3883 ipsa
1237 3809 1335 3882 forem.

329 3882 371 3938 51·
393 3881 562 3952 perituraque
585 3881 672 3934 millia
695 3887 788 3958 penus.
835 3889 1154 3962 teuslpsaboettc,ipsn
1163 3891 1262 3960 ferent.

292 3963 390 4018 Saltem
402 3963 523 4034 apposite
535 3962 677 4035 legendnm
689 3983 717 4036 p.
731 3965 793 4018 mil-
871 3967 942 4038 59....
950 3969 994 4021 61.
1005 3969 1067 4020 Nou
1079 3987 1133 4024 una
1141 3970 1197 4024 huc
1207 3969 1334 4022 laborant

294 4043 332 4112 lia
338 4083 348 4110 ,
356 4055 452 4117 pentes.
462 4043 559 4096 Verum
571 4057 596 4098 et
607 4041 660 4098 boo
668 4045 792 4102 scabrum
836 4047 996 4120 corruptele.
1012 4047 1104 4101 Priora
1126 4049 1334 4119 transpositione
