3000 4674
301 387 366 454 256
628 383 1008 452 COMMENTARIA

297 509 447 574 infelices.
457 505 517 568 Sed
529 527 625 589 quare
637 509 775 590 semper?
786 511 860 591 quia
870 511 1021 571 nimirum
1031 523 1105 571 sunt
1114 511 1256 594 AEgonis‚
1269 533 1352 596 pas·

300 598 546 670 torisluxnriosi,
553 599 607 678 qui
616 619 713 679 quum
722 615 845 680 tempus
853 599 1017 681 impendat
1024 599 1353 684 voluptatibus,nilril

300 702 390 752 curat
403 687 442 748 de
456 687 567 748 ovibus
581 710 588 745 :
605 703 636 748 et
650 702 788 770 aguntur
802 710 819 748 a
834 691 977 750 Damoeta
991 690 1134 768 custode,
1149 693 1204 774 qui
1219 691 1271 752 fur
1285 705 1349 752 est.

299 779 408 860 ltaque
420 796 540 858 semper
553 778 666 836 misero
681 778 785 856 pecori
801 777 946 839 imminet
960 778 1144 855 infelicitas,
1159 781 1223 846 sive
1236 802 1254 840 a
1268 801 1350 862 pas·

299 882 366 927 tore
378 865 553 940 luxurioso,
566 866 631 924 sive
644 863 798 925 neustode
807 863 939 926 latrone.
952 867 1133 941 Rationem,
1149 888 1244 949 quam
1256 888 1349 928 nunc

298 955 458 1029 dicebam,
470 953 596 1035 attingit
605 953 672 1034 jam
684 955 851 1036 copiosius.
863 956 961 1036 AEgon
974 975 1061 1024 meus
1073 953 1194 1032 rivalis,
1206 954 1282 1018 dum
1294 955 1350 1016 fo-

298 1041 408 1106 vendae
421 1043 535 1103 Neaerae
547 1063 673 1124 operam
689 1042 758 1117 dat,
779 1063 904 1118 verens,
921 1063 961 1104 ne
976 1041 1030 1103 illa
1042 1043 1187 1126 praeferat
1201 1065 1251 1104 me
1264 1043 1348 1120 sibi,

298 1131 375 1192 buic
390 1151 461 1191 oves
472 1131 638 1190 commisit.
652 1132 711 1190 llic
724 1151 798 1191 vero
813 1152 909 1213 quem
922 1129 1024 1192 bellus
1040 1144 1085 1192 est
1099 1129 1222 1192 custos?
1233 1130 1346 1191 omnia

298 1217 365 1279 haec
378 1217 537 1278 afferenda
548 1237 620 1276 cum
632 1232 802 1278 contemtu.
813 1217 862 1278 Bis
873 1219 959 1278 enim
970 1219 1002 1277 in
1014 1215 1091 1278 bora
1102 1239 1198 1300 pecus
1208 1216 1348 1299 mulget5

298 1303 384 1367 unde
396 1304 442 1364 illi
458 1325 583 1364 succum
596 1316 626 1364 et
638 1307 725 1385 agnis
737 1306 786 1366 lac
800 1305 945 1366 subducit
956 1304 1083 1366 infamis
1096 1305 1187 1366 latro.

338 1413 367 1476 7.
382 1393 554 1473 Supprimit
565 1404 672 1473 pastor
681 1392 804 1475 aliqua,
816 1391 935 1475 profert
944 1391 1060 1475 aliqua.
1074 1393 1156 1473 Ergo
1167 1394 1227 1451 ait:
1240 1389 1345 1452 fateor

298 1502 349 1546 me
366 1480 415 1540 lac
431 1481 562 1556 suxisse,
579 1502 710 1541 succum
732 1484 837 1562 pecori
854 1480 1020 1556 ademisse,
1039 1495 1143 1542 tamen
1161 1481 1345 1542 memineris

297 1569 422 1652 parcius
442 1569 499 1626 ista
516 1566 690 1646 objicienda
710 1581 776 1629 esse
795 1570 881 1631 viris.
901 1567 999 1646 Quasi
1013 1567 1108 1629 dicat.
1128 1569 1184 1629 Vir
1200 1588 1284 1642 sum,
1307 1567 1345 1627 id

299 1673 361 1734 est,
374 1655 523 1739 pudicus,
535 1677 599 1716 non
613 1656 733 1732 mollis;
747 1679 811 1718 non
824 1655 982 1739 projectus
995 1661 1026 1717 in
1042 1671 1253 1718 monstrosam
1271 1655 1345 1715 libi-

298 1746 420 1819 dinem,
431 1758 468 1804 ut
481 1759 528 1820 tu,
541 1765 634 1826 quem
646 1767 709 1807 esse
722 1759 906 1828 corruptum
918 1761 1043 1809 constat
1055 1745 1187 1806 libidine
1199 1765 1343 1829 praepos-

300 1855 373 1900 tera.
388 1836 542 1896 Novimus
557 1839 642 1896 enirn
656 1838 752 1918 quite
764 1857 940 1920 corrupere.
953 1840 1042 1899 Certe
1056 1836 1088 1896 hi
1105 1851 1245 1919 pastores
1260 1855 1344 1896 nun-

299 1945 394 2009 quam
406 1925 525 1984 crimen
540 1926 573 1984 in
587 1927 788 2006 sequentibus
800 1926 939 2002 diluunt,
954 1926 1009 1987 sed
1024 1925 1182 1988 evertendi
1198 1926 1340 1987 criminis

298 2013 414 2093 objecti
428 2009 509 2071 banc
523 2024 644 2072 tantum
656 2012 774 2074 habent
785 2017 954 2089 rationem,
968 2027 1003 2074 ut
1014 2015 1264 2074 recriminentur.

337 2103 366 2161 8.
376 2101 620 2176 Recriminatur,
631 2101 802 2184 objicitque
812 2107 937 2185 gravius
948 2118 980 2164 et
990 2103 1161 2166 deformius
1172 2101 1340 2184 flagitium,

297 2188 357 2250 bac
370 2191 533 2250 sententia.
552 2193 613 2268 Tu,
629 2213 722 2254 nemo
734 2192 813 2254 alius
828 2196 929 2271 testis,
944 2191 1024 2254 milri
1039 2191 1114 2254 furti
1126 2192 1243 2252 crimen
1256 2189 1340 2270 obji-

298 2346 345 2416 qui
357 2341 459 2396 nullum
471 2341 553 2396 oflicii
567 2363 649 2418 genus
662 2347 793 2400 intermit-
838 2348 933 2401 minari
950 2365 992 2398 cc
1007 2343 1158 2398 contendat.
1177 2343 1260 2394 Notat
1271 2359 1336 2394 vero

298 2437 398 2491 tentes,
418 2421 583 2494 amplexibus
599 2425 712 2498 fatigant
729 2425 794 2478 iusi·
838 2445 942 2480 versum
955 2426 1028 2479 bunc
1039 2425 1096 2478 vat.
1110 2423 1226 2488 Probus,
1242 2424 1337 2492 inquo

296 2513 434 2574 ruantque
446 2520 488 2567 se,
505 2515 535 2554 nt
547 2504 680 2556 amoribus
693 2507 795 2576 expeti·
838 2506 910 2559 nulls
929 2506 974 2558 liat
990 2503 1159 2579 synaloeplre,
1179 2519 1260 2576 quum
1278 2500 1338 2572 ple·

297 2586 331 2635 tis
354 2584 498 2655 potiantur.
525 2582 612 2632 Docta
637 2581 795 2654 metaphora
838 2579 951 2659 rumq'ue
970 2587 1075 2639 vocales
1093 2587 1163 2638 inter
1175 2602 1203 2636 se
1221 2601 1336 2636 concur-

296 2660 332 2714 ad
344 2659 542 2713 similitudinem
553 2662 639 2712 avium
649 2660 736 2730 pullos
745 2662 793 2714 alis
838 2679 907 2731 rant,
916 2685 1002 2737 neque
1010 2678 1098 2718 tamen
1108 2663 1164 2717 ullu
1171 2661 1294 2716 elidatur.
1304 2661 1335 2712 Ρ.

296 2741 458 2802 forentium,
471 2752 517 2790 aut
529 2740 586 2790 otis
599 2739 792 2791 incubantium.
874 2746 898 2798 8.
923 2745 1076 2797 transversa
1099 2743 1230 2794 tuentibus
1248 2739 1334 2792 ltircr's.

332 2818 356 2872 5.
370 2817 415 2869 Bit
426 2815 526 2888 malpel
537 2819 564 2867 in
575 2815 647 2867 hom.
660 2818 741 2885 Quod
751 2821 793 2870 vix
838 2823 946 2889 Hircos,
960 2823 988 2875 id
1002 2835 1056 2887 cst,
1069 2837 1178 2893 capros,
1192 2819 1336 2872 libidinosa

296 2917 344 2972 per
360 2909 445 2947 totum
462 2893 531 2946 diem
549 2907 637 2960 potest
653 2897 681 2947 in
698 2897 792 2949 ovibus
837 2914 942 2954 constat
952 2919 1008 2954 csse
1019 2901 1153 2954 animalia.
1165 2899 1241 2952 Unde
1251 2899 1336 2950 Hora-

295 2977 428 3032 foecnndis
444 2973 508 3027 fieri.
526 2975 595 3026 Nam
611 2995 660 3047 pro
675 2977 753 3030 laude
765 2979 793 3030 in
837 2982 903 3047 tius,
921 2978 1083 3030 Libidinotus
1099 2976 1281 3030 immolabitur
1292 2997 1336 3029 oa-

295 3057 432 3128 Georqicis
440 3056 544 3126 posuit,
555 3053 596 3106 bis
604 3055 638 3107 ad
647 3055 716 3108 diem
725 3055 792 3108 mul·
834 3075 896 3130 per,
916 3067 942 3109 et
952 3075 1022 3129 aqna
1036 3057 1234 3128 tempestatibus.
1254 3057 1335 3125 Quod

295 3139 351 3210 geri
360 3134 518 3189 ores.'Ser·vi
531 3153 646 3207 nequam
658 3136 791 3206 peculium
836 3139 916 3190 etiam
925 3137 1023 3190 Plinius
1031 3135 1167 3190 Secundus
1176 3135 1250 3200 dicit,
1257 3135 1335 3188 Hirci

295 3235 372 3270 suum
384 3213 584 3288 amplificatum,
595 3215 664 3268 olam
677 3205 801 3268 dominis¹
835 3217 857 3266 εἰ
864 3215 1334 3290 casualiquoscoeuntesuident,adeo

294 3296 449 3370 mulgebant
460 3311 550 3366 pecus.
837 3297 1025 3370 indipnnntur,
1039 3297 1108 3348 utin
1120 3316 1161 3350 eos
1169 3315 1237 3369 pene
1252 3297 1334 3368 impe·

330 3379 355 3431 6.
368 3377 404 3428 Et
414 3371 599 3445 sucuspecort',
612 3383 639 3424 et
647 3370 688 3424 fac
696 3374 792 3425 subdu·
838 3386 893 3428 tum
900 3376 1016 3447 jaciant.
1029 3377 1097 3427 Hinc
1109 3389 1162 3441 est,
1182 3373 1333 3427 Tramuema
1423 3381 1426 3388 ⁴

294 3459 362 3511 citur
374 3456 456 3528 aquit.
467 3455 566 3507 Passim
576 3452 685 3506 inolevit
695 3467 724 3506 ut
735 3471 792 3505 suc·
837 3456 968 3507 tuentibus
991 3453 1084 3520 hircis,
1106 3453 1135 3506 id
1157 3467 1198 3506 est
1219 3468 1333 3506 vestrum

295 3555 340 3590 cus
351 3535 452 3605 duplici
465 3550 504 3584 cc
518 3531 658 3584 scribetur.
679 3534 708 3584 ln
721 3533 791 3585 anti·
836 3534 1028 3606 turpitudinem
1049 3531 1259 3605 indignantibus.
1280 3532 1333 3585 Alii

297 3619 355 3689 quis
365 3628 453 3666 tamen
462 3612 503 3664 bis
512 3609 649 3664 codicibus
658 3613 791 3680 omnibus,
835 3613 888 3665 boo
900 3613 1066 3684 improbant,
1081 3625 1107 3666 et
1122 3614 1211 3685 legunt
1224 3612 1332 3686 ltr'rqut'S.

295 3708 322 3750 et
334 3695 365 3744 iis
378 3694 458 3763 ipsis,
479 3693 525 3761 qui
539 3691 627 3742 literas
643 3694 791 3761 geminare,
837 3695 930 3764 llirqui
947 3706 1036 3745 autem
1053 3706 1114 3745 sunt
1130 3691 1269 3743 oculorum
1287 3710 1334 3744 an-

295 3776 374 3828 etiam
391 3773 446 3822 sine
463 3769 583 3836 delectu,
602 3769 732 3840 gaudent,
750 3789 792 3823 su·
835 3771 904 3844 quli,
922 3769 1067 3824 secundum
1080 3769 1235 3823 Suetonium
1246 3771 1333 3821 Tran-

292 3847 802 3922 aeusunicocscribiturrquodetipsa‘
837 3845 965 3921 quillu‘m,
988 3851 1015 3902 in
1037 3851 1107 3901 vitiis
1132 3847 1333 3920 corporalibus;

295 3931 420 4004 analogia
439 3946 582 4001 exposcere
600 3928 718 3998 videtur,
740 3933 791 3984 nisi
836 3931 1020 3997 utsitsensns,
1033 3929 1333 4000 Novimus,quitccor-

294 4016 355 4087 quis
367 4031 420 4064 non
434 4030 450 4064 a
462 4029 542 4083 sugo,
556 4009 605 4063 sed
617 4027 633 4062 a
645 4024 722 4063 suctu
734 4029 791 4064 stec-
836 4025 974 4084 ruperunt,
984 4009 1086 4082 hirquis
1096 4025 1247 4062 transversa
1259 4022 1332 4061 tuen-

293 4113 354 4150 cum
367 4091 466 4148 deduci⁴
474 4091 550 4160 velit,
562 4103 587 4145 et
597 4103 740 4163 propterea
750 4111 791 4162 ge·
835 4091 919 4145 tibus:
929 4105 955 4144 et
968 4103 1006 4148 est
1014 4089 1174 4165 llppallaqe·,
1187 4109 1237 4164 pro
1248 4087 1331 4142 oculis
