2986 4694
157 439 349 464 um

388 571 982 790 raooauiou.

446 975 518 1076 IN
547 973 920 1082 MORETUM

611 1276 753 1296 ..ᾳ

134 1445 142 1577 l,
164 1463 244 1568 Esr
256 1497 321 1564 hoc
335 1521 375 1564 ex
389 1521 430 1564 eo
444 1499 628 1566 carminum
642 1522 780 1588 genere,
795 1498 889 1590 cujus
904 1498 1000 1566 nobis
1011 1498 1208 1590 paucissimo

163 1587 204 1670 ex
216 1605 412 1694 antiquitate
432 1604 581 1694 exempla
595 1606 709 1672 relicta
721 1624 816 1672 sunt:
836 1623 1068 1695 argumentum
1085 1629 1125 1670 ex
1142 1605 1209 1670 vita

162 1711 290 1799 privata
306 1727 340 1776 et
356 1711 447 1776 tenui
466 1710 641 1776 hominum
658 1709 777 1776 humili
793 1711 868 1778 loco
890 1727 1044 1776 natorum
1067 1710 1210 1800 petitum

153 1831 225 1903 ¹est.
240 1817 334 1882 Licet
353 1815 388 1880 id
408 1815 451 1882 ad
466 1815 656 1882 bucolicum
677 1839 782 1906 genus
799 1817 923 1882 referre
939 1833 996 1882 aut
1014 1837 1075 1905 pro
1094 1813 1210 1905 idyllio

153 1917 302 2004 bebere,
318 1921 591 2012 quandoquidem
601 1945 642 1988 eo
656 1923 792 1988 nomine
804 1945 909 1988 unum
922 1939 955 1988 at
965 1922 1107 1988 alterum
1118 1918 1210 2009 apud

162 2025 380 2093 Theocritum
390 2027 541 2094 habetur.
553 2029 691 2094 Faciunt
700 2029 762 2094 viri
772 2027 862 2094 docti
872 2028 1025 2096 carminis
1035 2049 1209 2106 summam,

162 2149 338 2210 morem,
350 2131 384 2198 h.
398 2132 500 2200 edulii
512 2135 626 2200 rustici
638 2156 757 2224 genus,
776 2157 816 2200 ax
828 2135 921 2212 allio,
940 2135 1032 2223 apio,
1048 2151 1135 2214 ruta,
1153 2155 1209 2200 co·

163 2237 313 2318 mandra,
326 2238 445 2318 bulbo,
458 2239 579 2305 additis
591 2262 702 2322 caseo,
715 2241 790 2306 oleo
802 2257 836 2306 et
846 2257 954 2321 aceto,
967 2257 1210 2330 comparatum,

164 2343 256 2434 quod
272 2345 417 2410 Simulus
437 2345 580 2411 conficit.
599 2347 667 2411 Nec
685 2345 771 2414 male
791 2369 828 2410 ea
844 2368 911 2424 res,
931 2344 1085 2425 arbitror,
1106 2343 1212 2434 idyllii

162 2448 356 2542 hujusmodi
376 2468 609 2539 argumentum
631 2451 820 2530 constituit,
851 2467 1084 2540 repraesentata
1105 2449 1210 2514 oculis

163 2557 350 2646 animisque
372 2557 531 2646 particula
552 2557 662 2648 aliqua
684 2558 757 2622 vitae
779 2558 919 2624 rusticae.
943 2555 1023 2638 Sed,
1048 2571 1211 2646 quantum

164 2659 322 2752 equidem
336 2683 509 2751 assequor,
524 2661 622 2728 latius
634 2679 724 2753 patet
735 2661 840 2753 idyllii
852 2662 951 2754 hujus
966 2679 1210 2750 argumentum.

164 2765 371 2834 Describitur
385 2769 474 2834 enim
487 2769 624 2834 omniuo
634 2773 745 2856 pnina
756 2767 827 2833 diei
832 2791 928 2857 pars,
940 2785 974 2834 et
984 2792 1058 2860 quce
1068 2765 1212 2833 diluculo

163 2873 224 2938 vel
233 2897 330 2939 omne
339 2891 498 2966 gerantur·
510 2901 532 2940 a
550 2880 686 2953 nauco,
703 2893 882 2965 autequam
894 2875 937 2941 ad
952 2897 1037 2964 opus
1050 2875 1211 2940 rusticum

164 2979 334 3066 procedat.
355 2981 464 3069 Surgit
487 3005 584 3048 mane
606 2983 764 3062 Simulus,
788 2984 845 3072 qui
868 2980 1071 3048 conductum
1093 3003 1211 3068 agrum

165 3104 258 3148 arare
273 3083 419 3164 videtur,
439 3109 516 3152 cum
532 3087 668 3178 Cybele,
689 3089 767 3154 Afra
784 3111 919 3176 genere,
939 3087 1025 3152 forte
1042 3086 1209 3166 libertina,

167 3203 200 3252 et
213 3189 323 3277 primo
334 3189 409 3256 loco
422 3213 460 3254 ca
473 3210 580 3281 parat,
601 3193 721 3282 quibus
735 3217 796 3284 per
807 3191 897 3257 diem
911 3190 1004 3256 illum
1016 3191 1117 3260 vitam
1130 3189 1212 3256 tole-
1347 3205 1350 3210 '

166 3312 232 3374 ret,
254 3293 288 3360 h.
311 3317 339 3360 e.
359 3297 481 3362 famem
500 3298 638 3386 expleat.
661 3299 766 3386 Igitur
783 3319 904 3387 panem
924 3296 1052 3385 coquit,
1077 3294 1168 3386 quod
1191 3317 1212 3360 a

167 3395 198 3465 r'.
227 3423 262 3490 ¹7
282 3399 325 3465 ad
343 3402 384 3468 52
403 3401 568 3491 procedit,
587 3401 679 3484 inde,
697 3421 734 3467 ut
749 3402 882 3482 habeat,
903 3423 973 3492 quo
989 3424 1051 3489 pro
1069 3400 1210 3467 obsonio

66 3493 68 3496 ⁵
166 3524 292 3588 utatur,
306 3523 471 3573 moretum
483 3507 545 3576 sibi
554 3525 661 3598 parat,
673 3508 706 3574 h.
719 3507 866 3573 edulium
875 3505 1005 3576 acribus
1014 3505 1126 3572 herbis
1136 3507 1211 3574 oleo

165 3631 329 3708 acetoque
345 3615 549 3698 conlectum,
563 3639 631 3706 quo
642 3604 849 3686 stomachum
860 3612 1001 3678 vellicet.
1018 3615 1133 3702 ltaque
1145 3636 1212 3685 ma·

166 3719 226 3788 lim
241 3719 351 3790 dicere
363 3717 508 3786 describi
519 3719 579 3786 boc
596 3723 742 3786 cammite
749 3722 896 3808 prinam
908 3717 978 3784 diei
987 3733 1117 3804 partem
1130 3723 1211 3787 oiroe

165 3829 305 3894 mucce.
324 3826 481 3916 Suspicor
493 3844 607 3894 numm
624 3844 682 3896 aut
699 3827 920 3916 fragmentum
934 3843 995 3889 nos
1014 3840 1142 3894 tantum
1156 3823 1213 3898 ha·

169 3930 248 3998 bere
262 3927 395 4022 majoris
407 3933 575 4018 carminis,
595 3955 663 4026 quo
677 3950 785 3999 totum
799 3952 883 4020 opus
896 3929 1054 3996 diurnum
1068 3951 1212 4018 expone-

170 4036 282 4196 batusr:
297 4059 374 4104 nam
384 4037 446 4134 sub
459 4037 481 4112 f.
495 4040 529 4110 ia
540 4062 657 4132 agrum
668 4038 712 4106 ad
722 4036 883 4106 arandum
894 4033 1048 4193 procediat
1055 4033 1214 4116 Simulum

264 4181 269 4194 .
1007 4154 1017 4191 l
