2986 4694
646 399 791 466 ullus.

198 535 272 603 Oris
284 532 390 602 honos
402 531 561 624 primum,
575 543 609 594 et
619 527 731 593 multis
743 540 854 614 optata
864 523 995 607 iabeiia,

199 645 242 708 Et
252 641 372 731 patulae
384 635 655 727 frontisspecies,
668 653 880 700 concrescere
892 631 927 696 in
939 655 1042 697 unum

200 748 352 837 Coepere,
366 763 399 812 et
410 743 522 836 gracili
533 757 684 808 mantum
696 735 880 828 producere
891 753 1008 804 rostro.

198 853 300 936 Tum,
314 878 426 946 quase
438 852 586 919 medium
599 848 714 938 capitis
725 845 902 912 discrimen
913 843 1043 934 agebat,

198 963 284 1029 Ecce
296 979 449 1052 repente,
461 958 552 1026 velut
562 956 685 1046 patrios
696 953 840 1019 imitatus
851 949 1009 1030 bonores,

197 1070 402 1158 Purpuream
413 1063 580 1133 concussit
591 1084 674 1150 apex
686 1061 720 1124 in
731 1057 854 1124 vertice
866 1056 1007 1124 cristam.

199 1175 241 1239 At
253 1173 361 1238 mollis
372 1173 480 1238 varios
493 1171 641 1236 intexens
652 1165 766 1255 pluma
777 1164 905 1230 colores

197 1281 422 1344 Marmoreum
433 1274 560 1341 volucri
571 1271 702 1338 vestivit
714 1269 858 1359 tegmine
870 1289 1005 1357 corpus,

198 1383 370 1472 Lauteque
383 1395 558 1472 perpetuas
570 1375 730 1442 fuderunt
740 1371 874 1440 brachia
885 1395 1021 1463 pennas.

197 1487 282 1554 Inda
293 1489 371 1552 alias
383 1487 499 1576 partis,
512 1483 683 1572 minioque
695 1481 816 1548 infacta
826 1479 960 1546 rubenti

199 1595 316 1672 Crura,
330 1615 416 1658 nova
427 1591 549 1657 macies
562 1586 699 1656 obduxit
711 1584 859 1677 squalida
871 1585 964 1675 pelli,

198 1700 241 1764 Et
252 1697 393 1788 pedibus
405 1697 527 1772 teneris
538 1717 666 1784 ungues
678 1693 813 1760 confixit
823 1708 947 1759 acutos.

196 1805 240 1869 Et
251 1820 362 1869 tamen
373 1803 438 1871 hoc
450 1802 586 1869 demum
597 1801 726 1866 miserae
738 1818 931 1864 succurrere
943 1817 1039 1887 pacto

198 2001 250 2048 ons
264 1998 333 2047 Ιιοηοε
342 2015 350 2046 .·
359 2001 458 2063 prunam
468 1995 545 2044 maiae
552 1995 635 2058 legunt
647 2007 670 2043 et
679 1997 849 2060 interpungunt
859 2007 915 2044 vett.
928 1995 996 2053 edd,
1006 1997 1082 2043 minat
1090 1995 1159 2044 bene.
1172 1993 1244 2056 Quod

197 2071 323 2129 babemus,
339 2071 429 2118 sitim
447 2070 555 2117 debetur.
571 2069 651 2116 iieine.
667 2079 742 2116 tentet
757 2069 873 2116 mombant
887 2067 926 2116 rel
939 2068 1056 2115 mutant.
1073 2069 1100 2114 in
1114 2083 1156 2116 mt-
1172 2065 1242 2114 Betii.

197 2141 263 2189 abeat
274 2149 303 2188 et.
312 2166 345 2179 -
354 2139 409 2204 497.
420 2138 506 2205 pamla
513 2139 600 2203 frenas
613 2141 714 2202 pecus:
727 2151 782 2201 ergo
794 2141 878 2202 specr'ee
887 2137 975 2201 fiono'a
986 2155 1030 2201 pro
1045 2137 1135 2196 bonu,
1148 2149 1171 2185 et
1184 2135 1209 2184 b.
1224 2135 1242 2183 i.

196 2227 241 2274 pro
252 2227 293 2258 ore
307 2213 412 2259 omnino.
422 2213 523 2275 Specr'em
531 2225 575 2273 per
582 2208 691 2256 decorem
703 2208 856 2272 spectabilem
866 2209 989 2256 mensim
999 2210 1173 2270 interpretatur.
1184 2209 1244 2270 Spa·

196 2281 318 2344 defractis
329 2292 408 2328 tamen
418 2283 549 2344 proprietas
560 2281 672 2327 armonia
681 2280 721 2326 iric
732 2279 879 2343 requirebat,
891 2278 930 2326 rel
941 2282 1050 2343 spatium,
1062 2277 1127 2342 quod
1137 2291 1160 2326 et
1169 2279 1243 2325 iiein·

194 2353 230 2400 sio
241 2355 267 2398 in
277 2364 380 2398 mentem
393 2354 466 2400 veuit.
474 2377 507 2388 -·
516 2353 569 2399 500.
584 2353 686 2396 initam
696 2351 790 2398 Aeceus¹
798 2351 863 2398 Junt.
876 2365 918 2397 me.
929 2347 997 2397 Basil.
1007 2366 1014 2406 ;
1025 2349 1065 2395 bic
1075 2361 1098 2396 et
1107 2364 1197 2413 parvae
1210 2373 1243 2386 -·-

196 2423 250 2469 Sor.
267 2425 390 2470 Putaiceam
401 2421 502 2478 didicat
517 2421 612 2485 proeiert
628 2423 723 2478 licius,
734 2424 790 2482 quia
807 2423 849 2470 511
867 2423 974 2486 seqnitur
988 2422 1126 2483 Purpureae.
1139 2447 1172 2458 -·
1189 2422 1241 2468 ica.

195 2491 269 2540 moiir's
278 2493 331 2539 sid.
345 2493 441 2540 eadem:
451 2492 549 2557 relique
558 2491 677 2549 membres,
688 2508 741 2540 cum
752 2491 821 2540 basii.
832 2507 874 2540 me.
882 2526 890 2549 ,
902 2504 960 2554 puto
969 2492 1066 2540 melius:
1077 2505 1103 2540 ut
1112 2496 1142 2540 eit
1149 2509 1156 2540 t
1164 2493 1245 2558 pirama

196 2567 298 2610 Manu
309 2563 414 2612 membris
424 2567 499 2612 vane
509 2562 602 2612 coierat.
612 2589 645 2602 —
654 2565 707 2612 503.
719 2565 857 2610 Maurarum
869 2575 926 2610 vett.
938 2563 994 2610 edd.
1005 2581 1012 2622 ;
1025 2577 1048 2612 et
1059 2567 1092 2612 tic
1104 2580 1146 2613 ms.
1158 2565 1245 2626 basii,

195 2633 258 2682 unde
274 2635 353 2683 iieins.
370 2635 387 2680 i.
405 2638 505 2682 attuatos
518 2634 558 2680 vei
575 2634 687 2682 indutum.
701 2635 858 2682 Marrucinum
871 2633 956 2682 Aldine
970 2638 1078 2683 restituit.
1093 2661 1126 2674 -
1142 2639 1194 2685 50⁵.
1215 2639 1245 2684 In

195 2707 271 2751 varam
283 2713 360 2768 partes
373 2706 453 2753 Heius.
470 2705 534 2768 apud
546 2707 584 2752 Jo.
599 2704 738 2762 Schrader,
754 2705 770 2752 i.
783 2717 810 2752 ut
821 2709 951 2769 jungantur
965 2721 1018 2754 cum
1034 2707 1181 2754 anteced-
1190 2707 1244 2756 506.

194 2774 333 2837 hpreuum
346 2787 395 2823 erat
405 2778 432 2823 in
442 2775 495 2822 tid.
509 2787 563 2822 tert.
577 2777 657 2824 ticine.
671 2788 695 2822 et
706 2777 784 2822 Burro.
797 2776 852 2823 edd.
864 2792 923 2824 rtova
938 2781 1020 2824 macies
1035 2776 1130 2825 obdunt
1140 2778 1246 2843 squalida

194 2841 274 2906 pediu,
286 2844 353 2892 nullo
362 2861 416 2892 cum
427 2860 510 2902 uaso,
522 2857 546 2892 et
555 2845 680 2894 maniiee'to
691 2844 829 2909 epheimete.
844 2847 906 2894 Vett.
921 2847 976 2896 edd.
992 2851 1061 2896 etiam
1073 2847 1157 2897 nidim
1170 2868 1206 2915 pr.
1222 2861 1246 2898 et

195 2927 241 2960 tec.
257 2930 312 2962 cum
326 2915 459 2974 Pithoeene,
473 2915 583 2979 legebant
598 2918 681 2964 vitiose
694 2933 700 2963 ε
714 2933 840 2982 aaronque
855 2922 926 2966 actem
941 2917 1036 2966 obduxit
1049 2919 1155 2986 sqwlida
1168 2919 1243 2984 petiis.

195 2983 292 3030 inentis
303 2984 445 3047 reiingebet:
458 2986 532 3032 Graiu
542 3001 668 3050 numaque
679 2989 751 3033 aciem
764 2985 825 3035 illico
834 2987 900 3034 duxit
912 2987 1017 3054 squalida
1026 2987 1089 3053 potis.
1100 2989 1170 3050 Quod
1181 3005 1246 3038 nune

196 3050 296 3114 iegitur,
307 3058 424 3102 verissima
437 3068 472 3104 ett
487 3057 622 3105 emendatio
632 3059 682 3120 jam
694 3061 719 3104 in
729 3058 815 3105 Pitboei
826 3062 931 3122 margine
943 3063 1064 3124 apposite,
1080 3075 1134 3107 mox
1145 3078 1159 3108 a
1172 3063 1246 3110 Scali-

196 3138 253 3183 gero
264 3127 369 3185 probata.
379 3127 413 3174 ita
426 3129 509 3174 nutus
519 3127 614 3176 obduxit
626 3145 694 3176 crura
709 3145 769 3176 nora
784 3130 863 3193 pelle,
874 3141 897 3178 et
906 3133 1000 3193 confixit
1011 3147 1095 3197 unques
1103 3133 1210 3196 peditam,
1220 3133 1244 3180 b.

196 3191 247 3238 fluit
263 3197 364 3256 junctim
381 3209 435 3243 cute
454 3198 612 3261 agglutinat„
623 3216 672 3247 non
689 3213 715 3247 nt
731 3200 809 3264 digitis
825 3201 949 3264 disjunctis
964 3202 1021 3249 oiim
1036 3204 1110 3265 pedes
1126 3216 1199 3251 erant.
1212 3205 1247 3252 Ut

197 3261 286 3310 &baim
296 3267 378 3331 confiqi
387 3270 480 3316 interae
487 3270 544 3316 Cato
552 3269 618 3318 dixit.
627 3270 689 3318 sua·
697 3272 775 3320 malim
783 3273 869 3334 infixit,
876 3272 916 3320 vei
927 3273 1014 3336 affixit,
1024 3274 1089 3338 quod
1096 3289 1138 3322 me.
1148 3274 1245 3324 iieimst.

196 3330 298 3380 babebat
309 3353 362 3383 cum
374 3353 416 3384 ms.
430 3337 500 3385 besil.
513 3340 587 3388 Porro
599 3343 673 3388 Crura
684 3359 742 3390 nova
754 3347 826 3390 raacie
835 3343 945 3390 subduxit
955 3346 1011 3391 citat
1022 3343 1116 3392 Salmas.
1132 3344 1162 3392 ad
1172 3345 1246 3394 Solia.

196 3416 221 3463 p.
239 3401 292 3467 287.
311 3407 340 3452 At
356 3406 466 3454 &ductas
484 3417 561 3456 cortex
580 3423 604 3457 et
621 3411 705 3458 unalia
723 3429 761 3476 ap.
780 3413 849 3460 Orid.
869 3425 893 3460 et
910 3411 982 3460 al.-
994 3413 1049 3461 508.
1064 3415 1172 3462 Attamen
1190 3417 1248 3482 legit

198 3472 300 3522 hemis.
314 3475 361 3536 Qui
375 3476 414 3524 bic
427 3491 558 3542 sequuntur
574 3479 604 3528 ad
620 3495 652 3528 rt.
671 3481 713 3528 ⁵13
730 3496 770 3529 sex
786 3497 867 3532 versut
880 3485 966 3530 iterum
979 3499 1008 3530 ex
1019 3500 1072 3532 meo
1085 3486 1178 3549 judicio
1191 3487 1247 3534 maii

199 3652 254 3692 tarn
266 3653 398 3696 exemtum
411 3650 524 3704 vinculis
536 3665 563 3704 et
574 3655 641 3707 mari
652 3669 700 3706 na·
744 3657 826 3710 crista
842 3675 992 3730 purpurea,
1007 3655 1042 3710 ad
1068 3655 1245 3712 imitationem

198 3734 275 3788 ‘³³⁸2
291 3741 372 3796 ‘1¹¹⁸OE
389 3730 497 3798 potius,
515 3744 545 3784 ut
561 3732 652 3803 pullus
671 3736 699 3786 in
745 3739 862 3790 cincinni
880 3757 927 3792 eeu
945 3737 1036 3810 capilii
1053 3741 1182 3811 purpurei
1200 3758 1249 3811 pa-

199 3821 250 3856 ovo
267 3803 372 3875 liquore
386 3808 518 3876 ambitur,
532 3813 571 3864 sic
587 3811 700 3868 humore
746 3817 923 3890 trii,qucraSc
941 3818 1135 3874 liaresciderat
1143 3817 1247 3874 volucre

199 3900 246 3936 sea
260 3884 360 3940 nebula
371 3887 503 3942 inclusum
511 3909 623 3964 corpus,
637 3890 701 3946 dum
747 3899 850 3964 teqmen
861 3904 902 3944 est
912 3839 1063 3964 piumeum,
1077 3904 1104 3944 et
1113 3900 1248 3962 perpetuae

200 3963 367 4034 mutabatur,
382 3968 533 4042 significari.
746 3987 854 4041 penate,
868 3988 927 4042 quas
939 3982 1010 4044 totas
1022 3969 1095 4036 alas,
1109 3969 1173 4020 oiim
1184 3967 1249 4020 bra·

228 4041 703 4123 5⁰0.503.504.Eecerepeate,veiut
747 4049 825 4118 chia,
837 4049 992 4113 obducunt,
1014 4062 1041 4102 et
1054 4047 1118 4120 507,
1136 4043 1249 4118 confixit

200 4123 698 4192 praeeteuatadeoctrisaviscum
747 4149 860 4203 unques,
871 4132 1021 4198 commisit,
1038 4128 1244 4182 continuaoute.
