2986 4694
274 341 335 422 144
518 291 1064 408 P.v1nt31n11iranonts

270 461 447 551 Spelaeum,
461 457 633 547 multoque
645 473 795 524 cruentas
807 457 938 548 hospite
950 475 1071 524 cantes.

269 569 410 657 Jamque
422 562 507 630 adeo
518 581 626 630 tutum
639 564 737 652 longe
751 565 870 628 Piraeea
883 567 1002 646 cernit,

270 676 312 740 Et
324 691 417 738 notas
430 695 556 752 secum,
569 671 635 738 heu
648 673 781 750 frustra,
795 689 957 760 respectat
968 671 1122 738 Athenas.

269 781 344 846 lam
356 777 618 869 proculefluctu
630 777 755 842 Minoia
766 779 900 866 respicit
911 802 1002 859 arva,
1170 781 1171 786 ’
1269 791 1319 858 47·

271 887 499 976 Florentisque
511 884 603 950 videt
609 884 678 974 jam
691 883 868 974 Cycladas,'
877 883 954 950 hinc
966 881 1248 976 Strophadasque3

270 1069 320 1130 ipta
333 1067 395 1112 antri
409 1064 526 1111 tetradiae
541 1077 565 1110 et
577 1078 668 1108 camera
680 1061 933 1125 accipienda-468.
946 1061 1007 1108 Male
1020 1079 1130 1110 eacntnrn
1145 1066 1170 1110 in
1182 1064 1278 1110 lleinaio
1293 1075 1320 1110 et

270 1137 348 1182 llurm.
361 1137 455 1180 Pireet‘n.
468 1135 526 1194 Quia
537 1135 611 1180 nescit
623 1148 672 1179 eaec
684 1133 799 1193 Hesperia.
813 1133 841 1177 Et
850 1133 936 1178 Pt'roeea
942 1134 991 1195 jam
1000 1132 1083 1181 Aldina
1096 1146 1119 1180 et
1128 1133 1179 1180 aliar
1190 1146 1246 1182 vett
1259 1134 1317 1180 etld.

270 1208 299 1252 At
313 1207 378 1252 lunt.
389 1221 443 1251 cum
454 1203 505 1252 aliia
519 1203 579 1250 male
594 1203 712 1262 Pyrreum.
726 1211 797 1248 tntum
810 1203 870 1250 bene
883 1203 986 1266 Scaliger
998 1199 1096 1266 ὀχυρὸν,
1116 1200 1220 1266 poprie,
1238 1207 1317 1250 inter·

268 1291 382 1340 pretatur.
391 1277 499 1323 lleinaint
506 1288 583 1322 tamen
595 1287 683 1322 tentat:
693 1284 740 1321 tuln
748 1274 790 1321 hen
803 1273 866 1340 lonqe
873 1276 959 1330 Praete,
972 1290 1102 1338 provocans
1113 1275 1142 1322 ad
1153 1278 1263 1332 Statium,
1272 1275 1316 1320 llll

269 1347 343 1396 Theb.
361 1349 415 1396 626.
432 1350 541 1410 Respexit
559 1361 617 1410 puto
635 1365 657 1394 1.
677 1347 722 1392 616
736 1356 759 1392 et
773 1348 864 1411 trepidis
878 1347 982 1394 stabilem
997 1350 1085 1394 Piroeca
1096 1351 1183 1402 matis,-
1199 1350 1318 1411 quae-ipae

271 1421 457 1469 emendationem
469 1421 608 1482 infringunt.
619 1442 651 1454 -·
660 1419 714 1478 469.
731 1434 824 1464 mum:
838 1421 881 1466 etsi
893 1422 978 1483 exponi
990 1431 1078 1482 puteat,
1090 1438 1111 1467 r.
1124 1422 1219 1475 Noram
1233 1435 1317 1480 parum

270 1504 347 1539 tamen
355 1492 477 1540 commode
484 1492 600 1552 potitum:
612 1505 665 1535 nam
677 1489 984 1552 respectntntlaenasoculis,
994 1506 1042 1537 non
1050 1493 1127 1538 animo
1135 1499 1224 1552 reputat
1232 1505 1317 1536 aecum.

269 1561 295 1608 F.
307 1579 379 1626 soepe,
391 1574 417 1608 ut
429 1575 453 1608 et
465 1561 585 1616 lleinaiua,
596 1562 637 1623 qui
648 1561 718 1605 etiam
729 1575 779 1606 ecce
792 1564 854 1623 conj.
863 1587 891 1596 -
899 1561 953 1625 ipo.
966 1563 1019 1607 Jnm
1026 1561 1108 1625 procot
1117 1577 1130 1608 c
1138 1563 1214 1624 fluctu
1230 1563 1318 1606 Minoia

269 1639 359 1698 respicit
367 1649 430 1680 arva.
442 1630 515 1686 Vide,
524 1647 594 1694 quam
606 1630 687 1678 lacilet
702 1643 724 1677 et
735 1630 845 1679 liberate·
857 1633 975 1680 interdurn
985 1637 1032 1680 aint
1046 1636 1123 1697 lntpp.
1140 1634 1231 1680 Cretam
1241 1636 1318 1679 inter-

268 1719 391 1770 pretantur
404 1707 489 1750 Minora
500 1719 564 1748 arva.
578 1707 608 1748 At
623 1719 673 1749 earn
684 1705 804 1767 quomodo
816 1707 926 1768 respicere
939 1722 1003 1752 nunc
1015 1695 1092 1770 poinit
1105 1704 1196 1770 Scylla?
1209 1707 1317 1758 Ferrem,

269 1780 288 1822 si
301 1779 379 1822 Nicen
390 1787 467 1822 eaaent
478 1790 541 1821 arva.
555 1774 601 1820 Sed
610 1778 700 1839 respicit
710 1789 759 1823 etto
771 1779 895 1839 proapicit;
907 1791 947 1824 aut
958 1781 1100 1841 corrigamus
1111 1780 1189 1841 potina
1196 1780 1319 1840 pmrpt'eitr

270 1845 366 1892 Athenis
382 1844 469 1891 relic-tit
481 1847 522 1910 qui
534 1843 595 1892 ultra
606 1849 695 1908 pergit,
711 1844 813 1911 aliquot,
826 1860 897 1911 puto,
916 1849 1007 1896 dierum
1022 1865 1114 1896 curcum
1129 1851 1220 1894 emetiri
1233 1847 1318 1902 dehet,

269 1929 395 1979 antequam
406 1917 499 1962 Cretam
514 1918 648 1979 prospiciat.
666 1919 781 1964 Potuiaact
794 1931 872 1964 umen
886 1931 955 1981 poeta
967 1918 1031 1966 haud
1042 1919 1115 1968 dubie
1126 1919 1175 1966 lianc
1189 1918 1319 1982 subjicere,

269 1986 341 2032 modo
355 2001 402 2032 non
417 1985 523 2032 additum
539 1999 613 2034 eaaet:
628 1986 788 2054 Florentesque
801 1991 862 2036 videt
872 1995 921 2054 jem
935 1988 1046 2051 Cycladas
1060 1989 1111 2036 ltinc
1124 1989 1319 2052 Strophadnsque,

268 2057 330 2101 Hinc
343 2059 419 2112 sinus,
439 2055 488 2102 ltine
502 2060 569 2104 statio
582 2059 662 2104 donno
674 2069 738 2122 potet
755 2061 898 2108 Hemionen.
913 2062 974 2124 fago
990 2063 1066 2122 agitur
1082 2059 1158 2106 adlatae
1176 2059 1206 2105 de
1225 2059 1320 2118 nariga-

268 2128 345 2183 tione,
358 2143 411 2190 quae
423 2129 447 2172 in
457 2130 515 2174 Sinn
524 2131 636 2174 Saronico
648 2130 674 2175 fit
685 2147 690 2176 ε
703 2130 759 2178 inde
773 2148 830 2178 vero
841 2133 933 2178 Cretam
944 2135 983 2180 vix
994 2130 1079 2194 aliquia
1091 2131 1225 2194 prospiciat.
1237 2131 1319 2191 ltaque

268 2209 309 2242 aut
319 2214 412 2245 cerrum
425 2215 453 2246 ex
463 2215 529 2264 acqq.
544 2200 604 2246 forte
616 2213 668 2263 poet
682 2201 727 2264 477
740 2215 865 2250 retractum
879 2217 902 2249 et
914 2218 1035 2266 perperam
1048 2201 1073 2246 11.
1086 2201 1102 2248 l.
1115 2203 1239 2255 incertum,
1252 2209 1293 2244 ant
1307 2213 1321 2242 a

268 2267 328 2315 mala
343 2286 427 2326 manu,
442 2283 469 2316 nt
486 2273 584 2317 variaret
599 2275 744 2334 tuperiorcm
756 2289 861 2330 vertum,
875 2277 900 2320 in
917 2276 1020 2336 margine
1032 2275 1164 2336 appictum,
1181 2284 1221 2318 aut
1232 2272 1320 2316 Mirtm'a

267 2357 324 2387 nrvn
332 2356 442 2406 corrupta
455 2360 504 2391 eaae
514 2360 609 2391 necesse
619 2358 666 2402 θοις
676 2348 719 2392 etti
729 2348 828 2394 varietaa
837 2345 904 2392 nulla
916 2349 1031 2402 occurrit,
1041 2349 1085 2392 uiri
1095 2346 1161 2408 qnod
1170 2360 1211 2391 ma.
1222 2343 1319 2388 tietmar.

268 2409 321 2456 Iam
329 2414 412 2476 praem
420 2417 536 2476 etflnctus
545 2415 591 2462 ata
603 2419 680 2464 Minos
691 2417 787 2480 adspicit
797 2434 852 2462 nina
862 2433 870 2463 :
882 2429 918 2473 et,
931 2417 1031 2480 effluxae
1042 2431 1085 2464 ma.
1097 2415 1166 2461 Batil.
1182 2411 1284 2473 Prospici
1293 2410 1321 2453 in

268 2495 297 2526 eo
309 2485 361 2529 ainu
374 2499 465 2547 poterat
477 2489 531 2534 navi
543 2487 598 2533 inde
609 2504 620 2532 a
633 2489 736 2550 lllegaria
746 2487 805 2534 ultra
816 2488 918 2534 Athenae
926 2499 1043 2550 provectae
1052 2499 1105 2532 ante
1115 2498 1196 2530 ornnet
1205 2481 1262 2528 aliar
1271 2491 1319 2524 ter·

268 2568 304 2598 raa
318 2556 397 2615 AEflina
412 2569 435 2601 et
449 2557 544 2604 Salamin
559 2557 653 2613 incula,
674 2559 724 2605 haec
735 2560 831 2624 quidem
847 2573 922 2616 retro,
944 2558 983 2606 illa
1000 2575 1028 2604 cx
1039 2557 1137 2604 adverso
1148 2557 1230 2618 potita.
1251 2553 1319 2596 Dicta

268 2623 329 2668 adeo
340 2628 444 2686 potuitne
455 2629 525 2674 scribi
537 2645 543 2674 :
557 2630 610 2674 Jnm
619 2629 702 2691 procul
714 2647 726 2674 e
733 2632 810 2691 fluctu
822 2629 945 2677 Salomiru'a
955 2634 1063 2695 prospicit
1075 2647 1143 2685 aava,
1154 2639 1211 2673 aut:
1225 2642 1237 2670 c
1243 2624 1320 2685 fluctu
1376 2671 1377 2676 ,

269 2695 385 2742 AEnrideic
394 2701 503 2761 prospicit
512 2703 575 2744 into.
590 2701 656 2746 Prius
670 2702 701 2748 ad
712 2702 832 2749 literarum
845 2702 939 2752 ductum
953 2705 1050 2766 propina
1064 2701 1166 2756 accedit,
1179 2697 1220 2744 aed
1236 2695 1266 2742 ad
1277 2709 1321 2738 nn-

270 2765 393 2825 vigationis
404 2782 550 2829 progressum
561 2771 638 2816 mium
651 2785 685 2816 eat
695 2773 908 2830 accommodatum
921 2773 1045 2836 malintque
1057 2771 1118 2817 adeo
1133 2766 1250 2831 Argolidia
1264 2763 1320 2810 litua

269 2835 354 2895 reapici
365 2844 448 2895 putare
459 2852 465 2880 1
478 2837 543 2899 quod
555 2839 664 2899 pluribus
678 2841 753 2888 modia
765 2841 877 2888 declarari
891 2845 1015 2904 poeninen
1034 2860 1056 2888 v.
1069 2858 1090 2887 c.
1105 2837 1201 2886 Pittltrin
1210 2835 1320 2898 prutpt'ct't

268 2920 337 2960 arva,
356 2904 380 2950 11.
394 2906 536 2954 Troeacnem.
550 2911 628 2955 'Unum
641 2911 718 2958 adhuc
731 2926 776 2968 eat,
793 2930 841 2976 qno
853 2917 940 2961 1111110111
955 2931 1011 2960 aron
1023 2916 1084 2960 tueri
1097 2909 1182 2971 aliquit
1193 2907 1276 2968 possit,
1291 2915 1319 2950 ¹¹¹

270 2973 301 3019 ad
309 2975 411 3021 Minoam
421 2974 528 3032 insulam,
536 2990 590 3022 ante
598 2992 691 3038 portum
700 2982 848 3040 Megarorum
854 2987 951 3028 ,Nicaeam
959 2986 1065 3041 positam,
1073 2978 1159 3025 referat
1167 2992 1173 3020 ε
1185 2975 1320 3021 conferatur

267 3045 343 3091 Strab.
356 3045 400 3099 lll,
413 3043 460 3092 600
471 3047 496 3090 ll.
514 3072 545 3081 -
560 3046 614 3108 47¹·
628 3046 787 3108 Florentesque
797 3051 857 3096 vt'det
863 3054 914 3114 jam
927 3048 1050 3109 Cyclados,
1066 3047 1117 3094 ltine
1128 3046 1318 3108 sooptactasqut.

268 3117 387 3180 Scaliger:
400 3116 450 3162 irinc
462 3117 573 3178 cycladas
585 3117 635 3165 ltt'ttc
648 3118 837 3184 Stmphndasqtte.
850 3119 965 3185 syllabam
974 3136 1039 3166 mora
1051 3132 1075 3165 et
1083 3133 1170 3164 caesura
1180 3116 1319 3179 productam
1368 3117 1373 3134 '

267 3192 396 3238 sexcentier
406 3189 577 3252 interpolarnnt
588 3194 739 3254 grammatici.
752 3193 798 3239 Sed
808 3194 834 3237 in
844 3192 928 3238 Aldina
939 3208 986 3239 aec.
997 3204 1020 3239 et
1031 3203 1083 3238 tert.
1095 3202 1119 3236 et
1127 3189 1182 3235 hinc
1191 3191 1216 3233 in
1229 3188 1319 3233 Veneta

268 3260 298 3306 de
313 3262 390 3306 Tortir
406 3262 464 3307 mira
483 3273 518 3308 eat
534 3259 620 3308 lectio:
636 3260 764 3322 Cycladas.-
777 3261 827 3308 ltinc
847 3263 925 3309 Venus
939 3261 980 3308 illi.
997 3264 1056 3307 Hinc
1067 3263 1143 3315 siam,-
1162 3258 1261 3305 eandem
1275 3269 1317 3301 ma.

269 3331 367 3394 llelmat.
380 3332 494 3390 habehat,
505 3349 550 3380 nec
560 3333 628 3381 aliter
639 3331 726 3397 legerat
737 3334 814 3382 Julius
825 3334 936 3390 Sabinus,
949 3335 990 3398 qui
1001 3333 1030 3380 tle
1040 3331 1147 3396 Cytheris
1155 3327 1231 3376 incula
1242 3330 1318 3374 inter-

268 3415 390 3466 pretatur:
406 3405 476 3451 nimia
486 3418 575 3450 remota
587 3406 617 3452 ab
630 3405 666 3452 hia
683 3406 765 3470 plagia.
781 3409 817 3450 An
830 3419 852 3453 et
866 3405 905 3452 hic
918 3405 999 3452 inaulae
1010 3418 1097 3450 nomen
1108 3400 1179 3448 lateri
1194 3403 1258 3447 lnter
1269 3399 1319 3444 haec

269 3475 354 3519 mirum
362 3485 396 3520 eat
405 3476 550 3534 praeteriisse,
562 3475 692 3534 cumatius,
704 3489 753 3523 tum
766 3493 802 3524 me
815 3480 891 3540 iprum
901 3495 907 3524 z
919 3477 1068 3540 Strophades,
1080 3491 1132 3540 quar
1146 3477 1170 3520 in
1182 3475 1249 3519 lonio
1261 3469 1319 3516 mari

269 3545 318 3589 tine
332 3547 394 3590 inter
407 3545 519 3608 Cycladas
530 3562 574 3592 nec
586 3551 643 3610 poni
655 3564 699 3596 nec
713 3565 776 3596 nunc
788 3553 890 3614 prospici
904 3561 1021 3612 poterant.
1037 3549 1152 3611 Cogitavit
1163 3546 1193 3592 de
1202 3544 1248 3592 laoc
1259 3555 1318 3586 ¹⁰¹1·

269 3615 372 3675 tiaairpua
382 3617 419 3660 lo.
432 3615 555 3663 Schrader.
567 3620 698 3666 Emendart.
710 3637 762 3684 pag.
774 3621 816 3678 66,
832 3621 943 3685 idemque
956 3620 1064 3667 emendat
1080 3619 1130 3666 111111
1145 3616 1318 3682 Sporadntquc:

269 3683 304 3727 nti
320 3685 369 3729 AEn.
383 3685 428 3740 lll,
450 3687 491 3731 115
510 3687 650 3752 Spartaeque
660 3705 702 3752 per
713 3707 791 3755 aequor
803 3690 920 3751 Cyclados.
940 3693 1035 3755 Legitur
1048 3706 1142 3756 qnoque
1156 3685 1216 3734 illud
1229 3690 1277 3748 jam
1292 3687 1319 3730 in

272 3826 341 3878 tum,
354 3817 413 3867 aino
421 3817 548 3870 Saronico
557 3819 650 3872 relicto
663 3841 770 3876 curatam
815 3827 865 3876 mia
877 3826 903 3875 in
916 3823 1006 3877 Ovidii
1016 3821 1194 3894 Metamorph.
1205 3832 1231 3874 et
1239 3817 1316 3870 Statii

272 3905 344 3947 tenet
362 3895 388 3946 in
407 3897 495 3950 medio
513 3898 659 3970 Cycladum
678 3920 770 3956 verena
815 3903 912 3956 achill.
935 3907 958 3956 ll
979 3922 1020 3977 pr.
1034 3905 1141 3974 -469.
1157 3919 1241 3956 secum
1266 3915 1317 3951 m·

272 3975 388 4029 Cretam.
397 3976 688 4053 Simileanavigationea
698 3982 771 4035 loco-
812 3995 918 4057 pectet,
938 3985 966 4038 h.
986 3985 1155 4055 respiciendo
1174 3981 1245 4055 apud
1261 3978 1316 4033 enl-

271 4075 383 4130 mmqne
395 4067 677 4118 enumerationeaaunt
689 4065 770 4135 inprl-
814 4083 887 4119 mnan
903 4083 983 4121 auum
1000 4066 1108 4138 cogitat.
1125 4061 1314 4130 euthimica·
