3000 4674
287 345 350 418 ste
386 371 389 379 ν
583 345 996 435 Ι(ιιιιιιιιιιιιιιιιι

279 513 283 524 .
327 473 390 533 ιοό.
405 471 505 552 Rogat
517 471 674 552 posterior
687 471 836 542 vicissim,
852 467 950 544 dicat,
967 465 1023 528 ubi
1038 467 1080 528 sit
1093 485 1128 526 ee
1143 487 1214 550 pars
1229 479 1338 528 tem-

283 577 370 632 rum,
389 561 421 618 in
438 579 499 644 qua
519 557 610 622 flores
625 571 793 619 nascantur
814 554 965 617 habentes
981 557 1130 638 inscripta
1145 575 1254 636 regum
1271 575 1339 614 no-

284 648 381 706 mina.
401 651 468 709 Hoc
482 651 507 708 si
519 647 654 722 divinet,
668 647 758 708 cedet
771 648 838 728 ipse
851 665 869 704 a
883 643 1043 728 Phyllide,
1054 657 1086 707 et
1099 646 1206 716 amicte
1218 644 1272 724 jus
1286 657 1340 704 to-

283 744 352 794 tum
364 737 396 795 in
409 736 582 798 Damoetam
599 735 809 797 transfundet.

328 824 392 884 108.
405 826 456 884 Ait
470 825 643 900 Palaemon,
661 845 692 884 se
710 845 776 884 non
789 843 897 905 parem
910 831 1004 882 tantoe
1018 818 1067 880 liti
1076 818 1267 900 judicandae.
1284 815 1337 877 Ad

284 915 473 973 sententiam
493 915 629 996 pertinet
646 927 722 973 notu
737 913 904 985 Germani,
924 913 978 993 qui
994 908 1084 985 dicit,
1104 911 1222 970 rustico
1243 925 1340 968 more

284 1017 351 1057 rem
367 1013 489 1060 tuntum
504 1003 651 1083 transigi,
666 1021 732 1061 non
743 999 894 1082 judicari.

328 1109 393 1168 ¹09·
404 1091 452 1150 'l’u
464 1091 622 1168 Damoetn,
642 1106 673 1151 et
687 1089 741 1151 hic
755 1089 931 1163 Menalcas,
946 1100 1079 1169 uterque
1092 1085 1207 1167 dignus
1220 1082 1337 1144 vitula.

284 1175 433 1240 Nominat
447 1195 569 1242 tantum
584 1180 732 1254 vitulam,
748 1179 822 1262 quia
836 1199 871 1239 ea
884 1179 988 1259 posita
1001 1198 1059 1260 pro
1074 1178 1222 1259 pignore,
1237 1188 1268 1233 et
1283 1172 1336 1232 di·

285 1265 352 1345 gito
372 1267 527 1347 indicate,
549 1273 718 1332 eratenim
742 1277 878 1350 praesens
899 1289 906 1326 ι
928 1287 1002 1326 nam
1028 1265 1142 1348 pocula
1168 1281 1335 1344 nunquam

286 1350 391 1415 allate.
411 1359 480 1418 Non
494 1379 550 1418 vos
564 1359 667 1418 solum
684 1359 772 1438 digni
786 1370 874 1417 tanto
887 1358 1033 1438 proemio,
1049 1352 1102 1413 sed
1117 1352 1261 1435 quisquis
1276 1369 1337 1408 vos
1360 1407 1371 1418 ,

286 1442 425 1503 canendo
441 1445 608 1506 aemuletur
620 1469 627 1505 :
643 1447 786 1529 quisquis
800 1447 955 1528 exprimat
969 1444 1109 1502 carmine
1123 1455 1258 1511 metum,
1278 1437 1337 1519 qui

285 1529 378 1587 estin
395 1546 533 1622 amante,
551 1547 587 1593 ut
602 1548 635 1593 tn
650 1534 846 1615 expressisti,
862 1553 881 1592 o
895 1531 1058 1592 Menalca:
1075 1529 1215 1612 quisquis
1230 1527 1336 1606 expri-

286 1629 352 1676 mat
366 1623 556 1697 amaritiem,
576 1643 670 1702 qnam
685 1635 829 1704 expertus
844 1636 890 1682 est
904 1623 936 1680 in
952 1641 1074 1693 amore,
1091 1631 1127 1678 ut
1142 1633 1175 1676 tu
1190 1617 1337 1675 Damoeta

285 1705 1336 1792 expressisti.Sequutussumexplicationcmservii:quipperlmyn·

286 1803 334 1849 tas
351 1789 451 1855 dulcis
468 1809 534 1855 erat
549 1797 715 1872 Menalcae,
739 1796 824 1879 quod
843 1797 946 1879 liquet
962 1817 998 1858 ex
1015 1817 1051 1856 eo
1071 1792 1221 1867 disticho,
1241 1788 1338 1850 Dulce

288 1879 358 1937 satis
367 1877 486 1956 humor,
496 1897 549 1944 etc.
559 1883 617 1945 Sed
629 1885 759 1945 timebat
767 1883 928 1945 Menalcas
939 1883 977 1944 de
988 1884 1136 1945 firmitate
1144 1878 1239 1963 liujus
1249 1899 1337 1938 nmo·

288 1966 346 2039 ris,
362 1981 396 2026 ut
407 1966 509 2051 liquet
524 1992 560 2031 ex
571 1971 643 2049 illo,
656 1972 735 2056 Quid
742 1971 871 2054 prodest,
883 1986 936 2033 etc.
951 1973 1114 2032 Amarities
1127 1988 1217 2042 vero,
1237 1985 1335 2047 quum

287 2071 400 2133 passus
411 2069 457 2117 est
466 2061 640 2136 Damoetas,
652 2080 794 2142 expressa
806 2074 853 2120 est
863 2059 934 2136 illo,
945 2063 1036 2120 Triste
1047 2058 1130 2140 lupus
1138 2051 1270 2126 stabulis,
1281 2067 1336 2113 etc.

332 2161 397 2204 111.
409 2147 564 2212 Demissio
578 2171 650 2212 vere
662 2152 793 2226 rustica,
807 2164 838 2210 et
847 2149 920 2210 huic
929 2149 1000 2210 loco
1010 2149 1188 2231 aptissima,
1205 2163 1240 2202 ac
1253 2154 1335 2219 tota,

288 2306 316 2346 et
326 2295 459 2358 tuomum:
471 2301 508 2372 ips
522 2303 628 2359 dicitur.
648 2307 716 2361 Sene
733 2305 789 2358 haec
836 2306 881 2375 qui
891 2321 988 2357 nomen
996 2303 1085 2372 Ajncis
1095 2299 1167 2352 foliis
1176 2296 1335 2367 inscriptum

290 2382 401 2448 questio
422 2383 494 2436 varie
513 2384 632 2438 solvitur.
656 2389 726 2440 Nam
744 2387 790 2438 elii
835 2387 956 2454 prefert,
972 2401 1026 2435 non
1039 2393 1142 2433 tentum
1154 2376 1269 2448 pastori,
1288 2373 1337 2426 sed

288 2454 383 2510 dicunt
400 2463 548 2534 significare
561 2484 622 2518 eum
637 2465 790 2537 sepulcrum
835 2455 1337 2524 etdoctissimishodieherbnriisigno·

290 2535 362 2588 leii
374 2539 516 2608 luxuriosi,
530 2545 575 2614 qui
584 2541 699 2596 venditis
707 2547 791 2602 omni·
835 2555 891 2595 tum
904 2561 968 2597 esse.
980 2541 1102 2610 Plerique
1110 2551 1199 2610 tamen
1207 2537 1338 2605 interpre-

289 2613 340 2666 bus
353 2617 432 2672 rebus
445 2633 472 2672 et
483 2624 662 2692 consumptis,
675 2635 791 2674 tentum·
834 2635 874 2675 tes
894 2622 927 2674 de
943 2617 1089 2693 hyacintho
1107 2617 1208 2668 dictum
1227 2614 1335 2678 volunt,

289 2694 789 2772 modosibisputiumresemeviuquod
834 2704 878 2754 cui
899 2701 957 2752 llori
979 2717 1077 2750 nornen
1102 2695 1215 2748 inditum
1240 2692 1336 2745 volunt

289 2774 413 2846 sepulcro
421 2779 597 2846 sufficereuet
604 2779 720 2833 voluisse
728 2800 789 2833 eum
833 2793 933 2854 poetae,
952 2799 966 2832 o
982 2797 1078 2831 cruore
1090 2773 1232 2847 Hyacinthi
1245 2774 1336 2845 pueri,

289 2871 409 2907 errorem
425 2858 514 2910 fucere
530 2877 562 2910 er
576 2860 650 2911 Caelii
666 2859 790 2912 similitu·
834 2861 881 2931 qui
902 2858 948 2910 ubi
968 2877 1017 2929 per
1038 2855 1246 2928 imprudentiam
1267 2854 1337 2902 inter

291 2931 368 2995 dine;
385 2947 414 2986 ut
426 2938 474 3003 sit,
492 2939 542 2990 Dic
551 2939 616 2990 mihi
626 2939 736 2992 ubinam
749 2959 791 2992 se-
834 2937 980 2991 ludendum
999 2937 1074 2988 disco
1092 2935 1196 2985 occisus
1215 2944 1283 2984 esset
1301 2929 1335 2983 ab

289 3013 382 3084 pultus
405 3027 446 3069 est
467 3015 581 3084 Gelius,
605 3021 680 3089 cujus
704 3020 789 3072 trihus
833 3017 973 3089 Apolline,
989 3019 1065 3086 cujus
1079 3015 1191 3085 gemitus
1208 3011 1275 3062 uiui
1293 3013 1336 3062 in-

288 3089 361 3145 ulnit
377 3098 529 3150 continetur
547 3097 718 3167 sepulcrum?
737 3098 791 3151 Alii
835 3099 941 3170 scripti,
954 3097 1014 3148 llori
1027 3092 1171 3169 hyacintho
1184 3109 1280 3143 nornen
1291 3089 1337 3144 de·

288 3171 383 3226 dicunt
394 3174 515 3248 clypeum
526 3177 614 3246 Ajncis
625 3179 703 3229 trium
714 3176 791 3231 ulna·
836 3177 941 3230 derunt.
964 3176 1017 3228 Alii
1039 3175 1073 3227 ab
1095 3173 1184 3241 Ajucis
1207 3171 1337 3241 sunguine

289 3272 363 3323 rum,
379 3258 407 3308 in
424 3275 477 3328 qun
490 3275 614 3328 expressa
631 3258 687 3310 ccli
703 3260 789 3311 forme
835 3259 991 3336 provenisse
1016 3267 1146 3308 testamur
1167 3274 1172 3302 :
1194 3265 1336 3321 utrumque

289 3335 349 3387 luit.
369 3334 422 3388 Alii
441 3355 550 3408 specum
570 3339 598 3388 in
617 3335 721 3403 Sicilie,
742 3357 792 3408 per
834 3341 917 3393 hebet
932 3339 1053 3391 fabulum
1070 3337 1170 3388 Plinius
1187 3336 1262 3394 XXl,
1285 3349 1311 3384 ιι
1327 3355 1334 3386 s

291 3413 365 3484 quod
378 3426 454 3486 raptu
467 3429 506 3468 est
519 3435 534 3468 ιι
545 3417 607 3467 Dite
616 3417 789 3488 Proserpine3
835 3419 1021 3488 Hyacinthum
1032 3413 1277 3484 comituturjnbuln
1290 3413 1338 3463 du·

289 3492 336 3544 elii
347 3494 474 3546 mundum
485 3497 512 3546 in
525 3513 601 3546 sucro
613 3495 726 3547 Cereris·
739 3495 791 3550 Sed
833 3496 911 3570 pler,
923 3495 1024 3548 luctum
1031 3493 1172 3566 preferens
1178 3495 1249 3564 ejus,
1259 3509 1336 3565 quent

290 3585 414 3624 neutrum
428 3573 523 3625 horum
542 3579 666 3627 convenit
681 3578 789 3628 rustico.
834 3573 933 3647 Apollo
954 3573 1099 3638 dilexerat,
1122 3582 1170 3623 aut
1193 3590 1225 3622 cx
1250 3569 1337 3641 Ajact's

290 3651 358 3703 Vide
371 3665 461 3704 notam
475 3655 501 3704 in
515 3655 573 3705 Vol.
587 3656 613 3720 l,
626 3674 687 3727 pap.
705 3657 761 3708 ιι6.
833 3673 925 3707 cruore
936 3657 1016 3720 editi,
1031 3655 1066 3705 itu
1079 3651 1280 3705 discurrentibus
1295 3667 1337 3701 ue-

329 3731 386 3782 106.
406 3731 472 3794 Dic,
491 3732 586 3804 quibus
605 3733 633 3783 iu
653 3733 726 3784 terris
746 3734 789 3785 iu·
835 3736 890 3800 uis,
902 3747 931 3787 ut
942 3737 1091 3787 Gruecorum
1105 3733 1241 3785 literarum
1247 3727 1336 3803 fiquru

288 3809 379 3881 scripti
399 3811 508 3862 nomina
531 3830 620 3883 roqum
639 3813 792 3866 Nascuntur
833 3814 878 3867 A!
886 3813 989 3885 loyutur
1001 3813 1133 3884 inscripta.
1149 3811 1233 3862 Ernm.

282 3889 373 3972 flores.
388 3889 530 3942 Salmasius
549 3894 574 3943 in
587 3892 699 3945 Plininn.
718 3911 790 3946 exer·
875 3911 931 3945 ιιι.
948 3892 1069 3946 Claudite
1081 3909 1136 3962 pam
1151 3890 1232 3952 riuos,
1248 3887 1335 3961 pueri.

291 3973 395 4041 citctp.
406 3971 481 4036 1223,
487 3971 700 4043 inexplicabilem
709 3991 792 4044 quus·
835 3975 960 4045 Satprutu
969 3971 1095 4023 biberunt.
1103 3969 1233 4022 Catullus:
1244 3968 1337 4020 «Clau-

292 4051 392 4106 tionem
401 4050 556 4121 arbitratur,
567 4051 790 4122 etfloremistum,
835 4047 1334 4122 diteostiarirgines,Lusimussotis.»
