2964 4690
364 353 754 493 ECLOGA
800 361 1191 536 nncrrrt.

394 729 490 810 (Vide
503 730 730 814 Argumentum
742 733 901 814 gonoraie,
914 734 978 797 rol.
990 738 1019 812 1,
1031 758 1062 821 p.
1076 740 1163 819 noa.)

672 1621 893 1686 ANALYSIS.

261 1853 387 1944 invocas
396 1891 570 1960 Arethusam,
580 1897 639 1964 cui,
648 1908 679 1952 ιιι
689 1893 830 1964 adveniat,
839 1893 986 1952 blanditias
995 1895 1075 1963 dicit,
1089 1897 1164 1950 r-t.
1174 1895 1314 1965 Quaeritur,

259 1965 398 2040 Nymphas
414 1990 469 2024 non
486 1976 590 2032 renisu
603 1974 638 2030 ad
651 1973 743 2030 fletum
759 1974 844 2042 Galli,
860 1993 942 2048 quum
954 1975 1030 2028 iilum
1048 1975 1170 2030 fleverint
1184 1975 1311 2042 tritones,

261 2061 379 2117 montes,
396 2066 473 2118 ovet,
492 2054 597 2122 9-18.
611 2053 708 2120 Addit,
720 2067 857 2127 pastores,
869 2067 897 2110 et
911 2055 983 2110 Deos
1000 2073 1111 2128 quoque
1120 2057 1264 2110 ιιιιιιίιιι
1276 2053 1313 2108 ad

261 2141 417 2182 moerentem
428 2129 534 2184 Gallum
546 2154 552 2184 r
570 2133 631 2188 illos
643 2133 868 2203 admirabundus,
885 2137 951 2190 istut
964 2133 1175 2210 obiurgandus,
1191 2135 1313 2206 19-300

261 2207 439 2266 Convertitur
452 2211 543 2268 Gallus
554 2215 588 2268 ad
603 2227 740 2288 pastores,
757 2215 856 2289 quibus
869 2233 912 2270 res
926 2233 989 2270 snas
1004 2213 1140 2272 canendas
1151 2215 1312 2270 committit:

262 2303 340 2363 optat
350 2291 458 2348 illorum
469 2307 578 2364 cuntur,
590 2298 686 2366 titum,
698 2316 819 2364 umores,
830 2298 954 2367 drmdt.
971 2299 1070 2353 inritat
1081 2295 1117 2348 ad
1131 2296 1314 2350 munitatem

260 2371 406 2444 pastoralis
419 2375 477 2428 riter
488 2376 661 2449 Lycoridem,
680 2395 761 2450 quan
772 2376 847 2434 doiut
858 2379 959 2432 versari
972 2378 1001 2432 iu
1011 2375 1140 2448 Alpibus,
1155 2373 1203 2428 uhi
1218 2375 1314 2428 ima·

262 2453 307 2504 nia
319 2453 434 2526 frigora,
453 2455 576 2530 ria-49
595 2459 696 2528 Querit
708 2459 802 2514 Gallus
817 2458 907 2512 dolori
922 2477 971 2512 suo
990 2455 1139 2512 remedium
1157 2454 1267 2528 triplex,
1286 2467 1315 2508 et

262 2534 401 2587 concludit
412 2536 562 2592 cedendum
575 2557 633 2594 osse
645 2542 745 2608 amori,
754 2539 876 2614 50-69.
887 2538 1045 2593 Absolvintr
1055 2535 1156 2610 Ecioga
1167 2553 1228 2588 cum
1240 2553 1316 2590 οοπι·

262 2611 434 2668 mendatione
445 2621 542 2672 amoris
555 2637 618 2694 erga
629 2619 750 2688 Gallum,
763 2637 888 2691 70-77·

293 2785 327 2844 (r)
339 2785 383 2832 iiic
395 2799 429 2833 est
440 2788 509 2835 Caius
520 2789 612 2838 Asinius
624 2790 704 2839 Gallus
714 2807 768 2838 ora·
812 2787 893 2838 Gallus
906 2790 992 2836 amarit
1003 2784 1155 2853 Cytheridem
1167 2786 1317 2833 meretricerh

263 2865 315 2912 tor,
334 2855 409 2903 Asinii
425 2856 538 2908 Pollionis
555 2861 630 2919 iilius,
651 2865 693 2926 qui
713 2874 767 2908 ante
811 2860 920 2908 libertam
936 2858 1071 2916 Volumnii,
1091 2873 1157 2922 quse,
1176 2873 1205 2904 eo
1222 2869 1316 2920 spreto,

264 2941 345 2974 ornnes
358 2929 448 2991 primus
462 2931 553 2995 AEgypti
569 2932 705 2995 praefectus,
722 2932 767 2978 fuit
811 2943 908 2979 euntem
915 2931 1042 2976 Antonium
1051 2929 1082 2976 ad
1089 2927 1316 2987 Galliasestsecuta:

265 2999 363 3046 eximius
380 3013 465 3062 poeta:
482 3017 535 3047 nam
552 3015 576 3050 et
590 3003 767 3067 Euphorionem
809 3000 981 3067 propterquod
991 2999 1097 3047 dolorem
1108 2999 1170 3046 Galli
1181 2997 1316 3046 nuncride-

264 3071 393 3134 (utsupra
408 3070 523 3130 diximus)
537 3073 655 3120 transtulit
672 3077 696 3120 in
715 3073 767 3119 iari-
811 3081 850 3119 tur
862 3071 978 3119 consolari
993 3069 1113 3134 Virgilius.
1128 3070 1177 3116 Nec
1191 3085 1234 3116 nos
1245 3068 1317 3115 debet

264 3155 321 3187 num
345 3157 489 3199 sermonem,
508 3156 531 3191 et
549 3161 654 3192 amorum
671 3160 767 3192 tuorum
811 3141 1080 3206 movere,quodqunnt
1089 3141 1316 3203 mutareritntrtent

264 3211 295 3260 de
312 3213 440 3279 Cytheride
456 3213 529 3262 iihros
548 3218 641 3279 scripsit
657 3228 766 3280 quatuor.
812 3216 889 3279 quarti
901 3213 1083 3274 Georgicorum,
1095 3209 1156 3257 hanc
1168 3209 1271 3272 eclogam
1283 3209 1317 3256 sic

265 3284 309 3329 iiic
320 3287 420 3347 primurn
432 3287 457 3331 in
472 3289 551 3334 amicit
563 3287 658 3350 Augusti
673 3288 768 3334 Caesaris
812 3285 918 3349 reliquit.
938 3285 997 3330 Nam
1014 3281 1071 3328 iicet
1089 3280 1223 3328 consoletur
1245 3281 1271 3327 in
1288 3295 1317 3327 ea

265 3355 327 3408 fuit:
340 3369 420 3420 postea
428 3372 502 3420 quum
511 3360 612 3404 venisset
622 3359 646 3403 in
653 3359 768 3420 suspicio·
812 3355 905 3403 Gallum
912 3387 920 3410 ,
937 3367 1016 3401 tamen
1027 3351 1097 3399 altius
1109 3353 1212 3398 intuenti
1223 3352 1316 3414 vitupe-

266 3439 334 3481 nem,
344 3425 408 3489 quod
419 3439 500 3473 contra
510 3443 564 3474 euru
575 3431 722 3492 conjuraret,
732 3443 770 3474 oc·
813 3429 873 3474 ratio
885 3437 932 3482 ett;
949 3440 1002 3472 nam
1018 3437 1041 3471 et
1055 3425 1080 3470 in
1092 3420 1160 3468 Gallo
1172 3423 1317 3485 impatientia

266 3497 328 3542 citus
340 3508 382 3542 est.
399 3499 453 3542 Fuit
467 3509 544 3545 autern
558 3500 646 3545 amicus
662 3497 769 3562 Virgilii;
813 3498 888 3559 turpis
898 3497 983 3542 amoris
992 3493 1140 3541 ostenditur:
1153 3504 1177 3539 et
1188 3505 1268 3555 aperte
1278 3489 1317 3538 hie

267 3565 327 3612 adeo
338 3577 364 3612 ut
375 3579 472 3630 quartur
483 3568 651 3630 Georgicorum
665 3585 678 3615 a
690 3568 770 3616 medio
813 3569 930 3614 Antonius
950 3567 1055 3629 carpitur
1076 3565 1185 3611 iuimicus
1206 3563 1316 3627 Augusti,

265 3651 342 3700 usque
360 3637 390 3684 ad
407 3639 477 3685 iinern
498 3641 549 3700 ejus
566 3637 647 3686 laudes
663 3653 769 3700 tencret;
814 3654 898 3703 quem,
914 3651 996 3685 contra
1008 3639 1138 3683 Romanurn
1154 3651 1256 3691 rnorem,
1270 3635 1317 3699 (25-

266 3724 326 3774 quus
337 3721 418 3770 porres
427 3709 526 3770 jubente
539 3709 655 3771 Augusto,
667 3711 692 3756 in
706 3712 769 3758 Aris·
814 3707 888 3756 theris
901 3721 934 3757 est
947 3711 972 3755 in
988 3719 1062 3754 castra
1075 3707 1192 3753 comitata.
1205 3706 1268 3751 Seru.
1283 3727 1316 3742 -

267 3780 306 3828 ui
325 3776 429 3827 fabulam
448 3781 606 3828 commutavit.
628 3779 670 3827 iiic
691 3793 770 3829 autent
813 3776 1087 3840 DeGaliosideVol.1‚
1102 3793 1126 3840 p.
1140 3775 1184 3824 ²03
1196 3788 1220 3823 ιι
1230 3789 1283 3822 ιιι.
