2970 4714
231 374 301 457 .⁵t
509 375 544 437 r.
568 372 801 437 vraornu
825 375 1060 444 Maeonis
1106 359 1109 364 '

257 497 322 565 Sed
334 515 371 564 tu
383 495 540 577 crudelis,
554 495 697 563 crudelis
708 514 746 561 tu
757 499 874 587 magis,
888 497 1040 590 Orphea,

258 605 379 671 Oscula
391 627 465 670 cara
477 620 594 692 petens
606 604 723 692 rupisti
731 604 822 695 jussa
835 604 987 672 deorum.

257 712 386 800 Dignus
398 733 491 775 amor
501 711 612 791 venia,
625 733 764 799 parvum
776 711 804 776 si
815 713 950 778 Tartara
963 732 1099 782 nossent

259 820 434 883 Peccatum
447 818 620 906 ignovisse.
634 817 699 884 Sed
712 835 745 883 et
755 841 814 884 vos
827 819 907 885 sede
919 821 1065 910 piorum,

258 927 327 990 Vos
340 942 451 990 manet
464 927 612 992 Heroum
627 944 740 992 contra
752 928 959 996 manus:bic
971 947 1005 995 et
1016 947 1158 1021 uterque
1264 943 1310 1006 ²9⁵
1393 935 1397 945 '

260 1029 408 1096 AEacidcs
421 1055 428 1094 :
442 1031 558 1097 Peleus
570 1055 729 1122 namque,
743 1049 777 1097 et
788 1034 981 1100 Telamonia
994 1037 1098 1102 virtus

259 1139 324 1200 Per
334 1158 448 1202 secura
461 1139 560 1226 patris
573 1139 727 1204 laetantur
738 1141 889 1221 numina,
904 1164 1048 1230 quorum

261 1243 442 1308 Gonuubiis
454 1246 568 1310 Venus
580 1262 613 1310 et
625 1247 737 1311 Virtus
749 1246 891 1338 injunxit
902 1247 1075 1314 honorem.

260 1352 359 1417 Hunc
371 1351 479 1439 rapuit
492 1373 601 1417 serva:
614 1369 664 1418 ast
676 1353 769 1418 illum
782 1356 898 1421 Nereis
910 1357 1041 1422 amavit.

260 1561 320 1622 rupit
331 1573 423 1604 munere
435 1557 541 1623 linquam.
552 1583 582 1594 -
593 1557 645 1618 ²93·
660 1557 712 1620 294.
727 1560 838 1606 Bembina
855 1560 934 1607 lectio.
953 1561 1013 1606 Edd.
1032 1574 1103 1619 vett,
1123 1565 1193 1610 etiam
1211 1560 1311 1618 Aldina,

258 1640 349 1696 pratum
360 1634 381 1676 si
392 1632 488 1674 Tartara
502 1637 599 1674 nossent.
615 1629 736 1674 Peccatum
752 1633 877 1676 meminisse
887 1645 964 1693 pravo.
980 1639 1004 1675 et
1017 1647 1057 1677 vos
1074 1647 1108 1687 s.,
1120 1635 1152 1679 sic
1164 1645 1188 1679 et
1199 1633 1277 1680 Petar.
1290 1645 1314 1678 et

258 1703 339 1757 Voss,
351 1702 396 1746 nisi
406 1699 471 1763 quod
483 1707 587 1764 possent,
597 1699 698 1764 Antiqua
712 1707 734 1744 et
745 1709 786 1746 est.
799 1715 840 1745 vos
849 1715 868 1745 s.
883 1700 986 1762 Scaliger
998 1713 1103 1747 veterum
1115 1700 1239 1753 lectionem
1252 1717 1314 1765 prae-

259 1773 305 1818 fert
318 1783 340 1816 et
351 1772 508 1832 interpungit:
518 1779 608 1836 pratum
618 1772 638 1814 si
650 1772 675 1816 T.
687 1779 777 1816 nossent
787 1773 909 1816 Peccatum
918 1772 1050 1816 meminisse.
1063 1773 1138 1818 Graue
1148 1789 1155 1817 .·
1164 1781 1189 1819 at
1197 1788 1250 1828 vose
1258 1787 1313 1818 seu-

260 1858 312 1888 snm
326 1853 403 1886 tamen
415 1855 463 1886 non
475 1843 529 1887 satis
542 1841 571 1887 ad
581 1840 698 1904 liquidum
708 1840 832 1902 perducit,
843 1856 897 1887 mox
911 1852 988 1886 autern
1001 1840 1258 1888 emendicantium
1267 1845 1313 1886 nri-

260 1926 304 1957 nus
318 1926 373 1958 esse.
387 1911 458 1974 Atqui
469 1913 577 1974 iniquum
596 1924 630 1956 est
646 1911 755 1957 deserere
774 1909 884 1968 meliora,
897 1925 949 1973 quae
969 1907 1024 1956 libri
1040 1911 1107 1968 daut,
1120 1928 1219 1975 quaque
1232 1913 1314 1958 lrausta

261 1999 311 2030 esse
321 1982 657 2042 erGe.lV,r189maniiestum
666 1992 713 2028 est:
725 1984 864 2046 lqnoscenda
873 1983 975 2047 quidem,
983 1985 1066 2028 scirent
1073 1987 1095 2028 si
1102 1987 1213 2048 iynoscere
1224 1986 1314 2030 Matres.
1398 2004 1403 2014 ·

260 2055 284 2099 Si
297 2052 355 2116 quid
368 2069 380 2099 e
392 2065 438 2100 vet.
452 2051 506 2099 lect.
518 2069 610 2100 servare
622 2052 711 2116 placet,
724 2067 773 2100 esto
785 2051 862 2098 illud:
874 2055 956 2098 Graue.
969 2055 1003 2098 At
1014 2068 1065 2109 uos,
1078 2065 1103 2098 ut
1114 2055 1160 2100 sit:
1172 2055 1247 2100 Grave
1260 2054 1316 2115 qui-

262 2125 364 2172 demost
380 2125 433 2171 boc.
450 2129 479 2170 At
493 2137 587 2180 eontra,
604 2141 632 2171 ex
648 2124 758 2182 adverso,
771 2142 783 2171 a
796 2125 889 2187 Campis
905 2125 1051 2187 lugentibus,
1070 2123 1171 2181 habitat,
1184 2127 1208 2172 in
1220 2127 1314 2186 piorum

261 2197 329 2254 sede,
343 2196 443 2244 beroum
457 2197 646 2244 contubernium.
659 2198 756 2243 Sensum
773 2209 857 2252 teneo;
870 2197 939 2244 verba
956 2209 1034 2244 tamen
1047 2211 1101 2244 sunt
1113 2213 1194 2260 aspera
1206 2212 1232 2242 ac
1245 2196 1311 2242 dura.

261 2265 347 2314 Saltem
360 2266 446 2314 delebo
455 2283 494 2314 vos
510 2266 584 2314 altero
594 2266 660 2324 loeo,
673 2279 699 2313 ut
709 2270 752 2314 sit:
765 2267 810 2313 Sed
822 2276 846 2312 et
859 2284 894 2314 mc
909 2269 961 2314 sede
973 2272 1063 2332 prbrum
1080 2277 1155 2314 merset
1173 2265 1194 2312 lt.
1214 2265 1314 2313 beroam

262 2352 356 2394 manus,
367 2347 445 2384 contin
458 2352 510 2394 vos,
524 2353 552 2382 ex
564 2337 677 2394 adverso,
691 2341 714 2382 in
728 2339 780 2384 seda
789 2341 887 2402 pior-um.
908 2352 987 2385 manet
1003 2354 1053 2396 me,
1070 2336 1177 2384 adeunda
1196 2335 1254 2382 mibi
1271 2347 1313 2380 est.

261 2413 319 2457 itam
332 2410 361 2456 de
377 2409 690 2474 bisnuncsequiturlocus.
704 2411 795 2458 Morio
813 2411 859 2457 line
874 2414 976 2474 pirorum
993 2409 1054 2472 male
1072 2412 1178 2458 recensio
1194 2410 1274 2455 lleina.
1290 2417 1315 2454 et

261 2483 340 2528 Burm-
348 2498 402 2528 cum
412 2492 467 2529 vett.
479 2482 533 2527 edd.
544 2484 582 2528 Sic
591 2498 652 2544 saepe
658 2485 759 2545 priorum
770 2497 792 2528 et
800 2487 890 2546 piorum
899 2495 1070 2546 permutantur.
1080 2481 1154 2526 sedern
1163 2483 1252 2544 piorum
1261 2479 1315 2542 quis

261 2555 349 2600 nescit!
361 2563 439 2600 contm
454 2566 488 2599 est
500 2550 568 2598 airas.
580 2554 693 2616 lllajorem
712 2558 926 2617 interpunctionem
940 2557 1038 2618 apposui
1056 2565 1109 2600 ante
1126 2552 1171 2598 Sed
1185 2560 1208 2598 et
1224 2566 1271 2597 vos.
1281 2573 1314 2584 -

264 2625 316 2685 296.
327 2623 452 2688 Peleusque
463 2641 508 2670 una
520 2633 542 2670 et
553 2628 579 2670 Τ.
591 2627 670 2672 licina.
679 2630 742 2690 conj.
754 2627 839 2674 Saltem
848 2629 925 2674 malim
934 2628 984 2674 sine
992 2625 1078 2689 copula
1089 2641 1095 2671 :
1108 2623 1189 2670 Petrus
1199 2639 1244 2668 una
1253 2631 1275 2666 et
1285 2623 1311 2665 T.

262 2705 316 2742 narn
330 2695 355 2740 bi
371 2708 425 2742 sunt
437 2695 543 2742 AEacidae'.
556 2721 588 2731 -
600 2713 653 2759 ²97·
665 2699 728 2744 Vett.
742 2698 795 2745 edd.
810 2698 924 2756 iocantur,
940 2711 963 2744 et
978 2696 1106 2745 incitantur.
1123 2697 1199 2758 Aqua
1211 2692 1313 2739 lectione

263 2769 389 2814 discessum
402 2783 451 2814 esse
464 2767 570 2825 videtur,
588 2764 652 2833 quod
671 2774 820 2834 transpositas
836 2787 885 2820 csse
897 2787 966 2820 voces
983 2787 1030 2817 non
1045 2769 1157 2816 videbant
1173 2769 1216 2813 siri
1233 2765 1314 2811 docti:

261 2852 304 2901 per
312 2841 384 2900 patras
394 2853 473 2884 secura
484 2838 587 2886 huntur
596 2859 619 2886 n.
632 2844 669 2888 Sic
681 2853 743 2888 totus
755 2841 820 2890 locus
833 2846 865 2890 sic
877 2843 1034 2906 procedebat:
1046 2841 1092 2885 Hic
1102 2849 1125 2884 et
1134 2847 1227 2902 uterquc
1236 2837 1314 2881 AEaci·

263 2910 315 2966 des,
328 2907 408 2954 Peleus
419 2925 498 2973 nempe
506 2921 527 2956 et
540 2915 566 2957 Τ.
576 2916 660 2968 uirtus,
671 2915 715 2958 Par
723 2917 797 2976 patrr's
806 2931 885 2960 secum
893 2913 997 2960 iocantur
1005 2915 1105 2959 numina.
1116 2911 1150 2956 Ut
1159 2912 1188 2956 sit
1197 2925 1202 2954 :
1212 2922 1314 2970 namque

263 2977 303 3025 bic
314 2978 433 3036 locantur,
446 2981 553 3028 collocati
565 2997 631 3038 aunt,
643 2986 650 3043 l
660 2985 701 3031 etsi
720 2987 775 3031 satis
791 2997 863 3032 tenue
876 2983 922 3031 boc
934 2985 984 3042 est)
996 2995 1097 3047 uterque
1114 2981 1226 3027 AEaeides.
1242 2981 1314 3040 patris

262 3055 356 3098 nunu'rta
366 3051 396 3096 ad
402 3053 497 3108 iorem,
509 3065 599 3114 patrem
609 3056 683 3111 AEaei,
696 3072 763 3102 avurn
773 3056 837 3103 Pelei
848 3070 871 3103 et
879 3055 1025 3110 Telamonis,
1039 3066 1107 3101 erunt
1116 3049 1248 3099 referenda.
1258 3051 1315 3094 Sca-

262 3123 322 3187 liger
333 3123 479 3170 emendaritt
488 3128 580 3182 munia,
592 3125 672 3183 idest,
684 3128 846 3189 praefecturam
858 3129 932 3184 AEaci,
944 3143 1014 3190 quam
1025 3127 1116 3174 obtinet
1125 3125 1165 3172 ille
1180 3121 1243 3184 apud
1252 3121 1314 3168 inle-

262 3210 308 3242 ros.
320 3196 448 3244 munrrrrain
456 3194 538 3241 Aldina
547 3212 679 3259 expressum
690 3199 862 3246 video.Tarnen
872 3197 910 3244 vel
919 3200 951 3244 sic
958 3213 1039 3244 secura
1046 3213 1127 3260 parum
1135 3194 1225 3258 placet;
1233 3203 1314 3238 erunt:

263 3281 389 3331 perpetua,
402 3280 495 3314 atoma.
508 3268 593 3314 Saltem
608 3270 731 3332 prestabat
748 3270 865 3317 seribere:
882 3269 997 3316 Peleus...
1016 3273 1088 3316 vatus
1104 3271 1206 3315 Laetatur
1218 3280 1314 3321 srcrrra,

262 3344 333 3403 patris
343 3355 385 3401 per
393 3342 492 3384 numina.
501 3364 531 3375 -
540 3339 592 3401 298.
604 3341 628 3385 C.
637 3356 709 3404 penus
720 3351 742 3387 et
753 3357 774 3386 v.
784 3343 821 3387 Jo.
838 3340 960 3388 Schrader.
972 3342 1092 3398 emendat,
1101 3356 1157 3387 vere
1168 3339 1315 3385 arbitror.-

265 3425 317 3472 ²99·
329 3410 397 3454 Hunc
407 3411 481 3468 rapuit
483 3408 584 3472 sirritas:
595 3423 662 3457 vetus
679 3426 727 3458 erat
742 3409 826 3467 lectio;
837 3411 958 3459 manifeste
973 3425 1090 3474 corrupta.
1103 3411 1138 3456 De
1150 3411 1239 3470 nuptiis
1250 3405 1315 3452 Pelei

264 3491 288 3526 et
298 3479 431 3526 Telamonis
443 3482 530 3541 agitur;
542 3479 609 3526 alteri
623 3483 714 3538 Virtus,
726 3481 794 3528 alteri
807 3481 899 3539 Venus,
914 3497 952 3529 eas
966 3481 1126 3534 adstruxerat3
1139 3476 1179 3523 ille
1190 3475 1314 3522 Thetidem

265 3550 422 3607 duxerat,bic
434 3551 551 3609 Glaucen,
563 3553 705 3610 Periboeam,
722 3566 746 3599 et
762 3555 895 3600 lleaionen:
908 3569 977 3616 quam
992 3552 1063 3610 Troja
1082 3563 1147 3611 capta
1164 3547 1194 3593 ab
1213 3543 1313 3592 llercule

264 3624 354 3684 aceepit
365 3633 388 3668 et
402 3621 506 3667 abduxit.
517 3625 596 3670 Potuit
606 3623 665 3670 adeo
675 3623 715 3669 ille
726 3626 775 3686 ipse
786 3625 832 3670 dici
844 3628 947 3686 rapuisse
958 3621 1090 3668 llesionen:
1103 3619 1148 3663 Hic
1159 3619 1219 3678 rapit
1230 3616 1313 3662 Herro-

265 3710 321 3750 neu,-
332 3705 356 3740 at
367 3693 464 3740 alterum
472 3709 533 3742 amat
542 3697 594 3743 dea.
606 3697 648 3740 At:
661 3696 730 3740 Hunc
740 3699 815 3758 rapuit
823 3711 903 3742 serua:
915 3702 963 3746 ast,·
973 3692 1085 3738 Bembina
1093 3691 1177 3744 lectio,
1189 3687 1259 3750 digna
1267 3690 1314 3734 uti-

302 3859 360 3930 294.
378 3859 457 3910 Nunc
469 3861 556 3930 ipsum
578 3858 693 3931 Elysium
711 3859 766 3910 adit
811 3872 888 3912 netu.
901 3859 951 3928 ²95
965 3860 1097 3911 sincerum
1107 3869 1162 3920 est,
1178 3855 1258 3909 debet
1269 3874 1311 3906 ex·

265 3941 360 4005 Culex,
373 3952 400 3991 et
411 3957 550 3991 recensum
560 3937 672 3990 heroum
684 3939 764 4004 facit,
811 3939 973 4011 pectendum
995 3957 1073 4006 esse,
1094 3952 1125 3990 ut
1147 3951 1173 3989 et
1194 3936 1310 3989 lieroinae

265 4041 294 4075 ea
307 4023 368 4074 loca
378 4019 567 4082 incolentium,
579 4019 681 4088 primo,
695 4017 766 4069 Grae-
811 4019 957 4090 aliquando
970 4022 997 4072 in
1012 4021 1127 4092 Elysium
1143 4037 1203 4072 eum
1220 4017 1314 4069 lleroi·

266 4119 375 4162 corum,
395 4111 450 4148 turn
465 4099 652 4166 Trojanorum.
668 4097 694 4150 Si
710 4117 766 4151 ma·
809 4099 860 4152 hus
874 4097 1055 4153 admittantur.
