2986 4694
430 367 478 454 P.
512 359 811 455 VIRGILII
842 356 1153 452 MARONIS

538 601 1004 723 HORTULUS
1028 615 1055 720 ¹.

729 883 871 908 mmm

365 1035 515 1137 Anasta
526 1066 645 1145 Musae,
660 1065 794 1129 maximi
806 1062 917 1153 proles
929 1065 1038 1148 Jovis;

364 1165 495 1233 Laudes
507 1164 625 1230 feracis
637 1162 856 1252 praedicemus
868 1161 1004 1227 hortuli.

366 1265 492 1329 Hortus
505 1260 654 1327 salubres
667 1261 800 1349 corpori
811 1259 939 1348 praebet
951 1258 1057 1342 cibos,

362 1363 548 1450 Variosque
560 1359 668 1425 cultus
680 1381 767 1446 saepe
779 1359 900 1423 cultori
912 1359 1029 1439 refert3

364 1461 447 1528 Olus
460 1481 575 1537 suave,
588 1456 762 1546 multiplex
774 1456 887 1522 herbae
900 1479 1022 1544 genus3

364 1559 453 1623 Uvas
466 1557 623 1632 nitentes,
636 1571 738 1643 atque
749 1555 848 1618 foetus
860 1552 1030 1625 arborum.

273 1677 278 1692 ·
361 1657 437 1720 Non
449 1651 531 1716 defit
542 1650 647 1716 bortis
660 1668 694 1716 et
706 1652 856 1740 voluptas
870 1654 1026 1733 maxima,

275 1739 278 1746 ’
364 1747 548 1837 Multisque
561 1748 660 1812 mixta
673 1747 858 1813 commodis
866 1747 1070 1839 jucunditas.

365 1847 468 1935 Aquae
479 1845 657 1931 strepentis
669 1846 793 1910 vitreus
805 1844 910 1910 ambit
921 1846 1047 1937 liquor,

363 1943 529 2030 Suleoque
542 1939 661 2006 ductus
674 1941 787 2029 irrigat
799 1942 890 2008 rivus
902 1961 972 2008 sata
983 1966 991 2006 ε

364 2039 478 2105 Flores
490 2039 658 2104 nitescunt
670 2036 834 2105 discolore
847 2039 1011 2128 gramine,

363 2137 574 2225 Pinguntque
587 2151 690 2201 terras
703 2137 864 2224 gemmeis
876 2134 1073 2202 honoribus.

364 2239 452 2324 Apes
464 2257 599 2300 susurro
612 2251 821 2300 murmurant
833 2252 933 2324 gratae
945 2235 1025 2315 levi,
1116 2287 1117 2290 η

362 2335 476 2417 Quum
488 2353 617 2398 summa
627 2332 751 2399 llorum
761 2332 816 2397 vel
828 2355 933 2398 novos
946 2354 1038 2398 rores
1049 2331 1177 2420 legunt.

364 2429 521 2496 Fecunda
532 2431 607 2496 vitis
620 2429 779 2521 conjuges
792 2429 900 2495 ulmos
912 2447 1039 2520 gravat,
1302 2439 1331 2484 ¹5

364 2531 526 2594 Textasve
540 2527 707 2594 inumbrat
719 2531 895 2618 pampinus
908 2527 1100 2594 arundines.

362 2624 475 2714 Opaca
487 2623 638 2713 praebent
648 2624 783 2690 arbores
796 2625 1006 2706 umbracula,
1176 2713 1178 2716 Ι

365 2721 615 2811 prohibentque
628 2720 739 2787 densis
751 2722 918 2788 fervidum
930 2724 1037 2790 solem
1049 2723 1164 2788 comis.

294 2819 296 2822 ’
367 2822 455 2884 Aves
467 2842 606 2884 canoros
619 2820 758 2907 garrulae
770 2819 918 2894 fundunt
929 2843 1043 2904 sonos,

365 2919 407 2982 Et
418 2940 551 3006 semper
562 2941 657 2984 auras
669 2919 821 2984 cantibus
832 2919 982 2985 mulcent
993 2921 1071 2986 suis.
1299 2944 1330 2976 πυ

363 3015 516 3082 Oblectat
527 3014 658 3095 hortus,
672 3013 826 3097 advocat,
840 3017 958 3106 pascit,
970 3033 1077 3096 tenet,

365 3113 553 3203 Anirnoque
566 3129 684 3178 moesto
698 3112 802 3178 demit
812 3135 953 3204 angores
965 3135 1080 3204 graves
1093 3136 1101 3176 ε

367 3212 527 3278 Membris
539 3214 689 3300 vigorem
702 3211 826 3293 reddit,
840 3228 873 3278 et
885 3213 993 3278 visum
1003 3211 1111 3304 capit;

364 3311 480 3376 Refert
490 3310 595 3377 labori
607 3310 794 3398 pleniorem
805 3311 958 3400 gratiam3

366 3407 500 3472 Tribuit
510 3408 634 3475 colenti
645 3409 851 3475 multiforme
863 3407 1033 3498 gaudium.
1299 3414 1336 3482 ²⁵,

315 3584 354 3656 (r)
367 3583 534 3654 opusculum
545 3583 597 3636 boe
612 3584 646 3638 de
660 3585 740 3639 laude
754 3587 876 3654 Hortuli,
892 3585 966 3659 quod
979 3585 1118 3639 decanatus
1128 3583 1198 3633 inter
1209 3577 1330 3632 Catalau-

279 3677 369 3716 torum
380 3663 580 3734 Epigrammata
594 3665 689 3718 melius
705 3665 866 3719 collocatum
877 3667 1059 3738 judicaverat,
1073 3677 1163 3716 tamen
1177 3659 1222 3713 bic
1236 3659 1330 3713 referri

278 3742 422 3808 voluimus,
430 3754 558 3812 tanquam
566 3743 663 3794 Mureti
671 3745 797 3814 praeviam
805 3745 992 3816 appendicem,
1001 3747 1064 3817 quia
1074 3745 1101 3796 in
1113 3742 1175 3807 hoc,
1184 3743 1248 3793 utin
1256 3739 1329 3792 illius

279 3822 401 3878 versibus
417 3822 449 3874 61
469 3833 496 3873 et
512 3839 602 3893 seqq.‚
619 3823 703 3878 multa
720 3823 753 3878 de
770 3822 860 3878 herbis
878 3840 904 3879 et
921 3827 1059 3879 feracitate
1071 3822 1172 3876 hortuli
1184 3821 1257 3875 dieta
1267 3821 1330 3873 suut

280 3902 439 3958 conformia.
456 3901 503 3951 Est
520 3912 609 3953 autem
625 3914 722 3956 natura
738 3903 870 3956 Carminis
883 3905 996 3957 iambica
1008 3904 1126 3954 trimetro
1137 3901 1249 3955 senaria.
1267 3901 1329 3952 lnt-

279 4003 351 4050 lter,
360 3983 487 4055 quoniam
496 3981 704 4053 praedominatur
715 3985 985 4052 tamtusmmsrm,
994 3983 1023 4037 id
1032 3997 1082 4051 est,
1092 3997 1181 4036 ternas
1191 3999 1329 4036 mensuras

281 4067 435 4128 contineam
454 4081 578 4116 mensura
597 4075 685 4116 autem
704 4084 817 4138 quaeque
832 4065 904 4119 binis
921 4065 1035 4138 pedibus
1052 4065 1203 4120 conflatur:
1223 4077 1329 4116 sananti

283 4159 371 4198 tamen
386 4158 439 4212 est,
455 4145 582 4217 quoniam
595 4146 664 4200 senis
677 4146 791 4217 pedibus
803 4159 916 4201 constat.
929 4147 962 4200 N.
977 4146 1009 4200 E.
1021 4147 1052 4199 L.
