2970 4714
332 360 695 431 rnommmrna
718 339 1041 428 ansrtru'rusg

203 485 251 549 Ad
262 486 343 547 voda
354 484 502 562 venisset,
515 496 632 544 motura
642 495 671 544 et
680 495 843 564 comparat
855 503 953 543 arma.

202 576 299 636 Ardet
310 589 428 649 mente,
439 572 517 634 furit
529 571 728 646 stridoribus,
740 573 865 633 intonat
876 592 945 648 ore3

202 664 346 726 Flexibus
357 677 385 725 et
395 664 480 726 versis
493 675 656 744 torquetur
667 681 771 743 corpus
781 662 813 720 in
824 658 903 722 orbes
909 685 921 735 ,·

202 755 334 814 Manent
346 754 525 838 sanguineae
537 765 721 834 pertractus
735 749 876 832 undique
888 761 998 832 ὅπως

202 847 335 926 Spiritus
347 858 378 906 et
389 845 509 927 rumpit
519 843 626 904 fauces
638 864 645 904 ε
657 864 715 925 quo
728 853 837 902 cuncto
849 855 985 923 perunte,

202 932 355 994 Porvuius
368 931 497 994 humoris
506 945 649 1014 pastorem
660 942 781 992 exterret
790 928 953 1005 alumnus,

201 1020 241 1080 Et
253 1035 386 1082 mortem
398 1022 498 1080 vitare
510 1033 631 1092 monet,
645 1039 701 1100 per
713 1015 840 1100 spissim
850 1017 867 1048 ⁴*
875 1037 1011 1100 namque

203 1109 274 1186 Quo
285 1108 413 1170 diducta
427 1129 522 1190 genas
535 1106 719 1190 pandebant
730 1105 851 1168 lumina
864 1105 1012 1188 gemmis,

201 1197 269 1261 Hac
281 1198 413 1258 senioris
427 1209 493 1257 erat
504 1208 626 1264 naturoe
638 1191 758 1277 pupula
774 1191 837 1254 telo

202 1286 267 1347 leta
280 1284 351 1345 levi.
363 1287 415 1346 Sic
425 1284 571 1366 prosiluit
581 1281 791 1358 furibundus,
803 1297 836 1342 et
847 1279 938 1344 illum

202 1373 367 1437 Obtritum
379 1375 475 1434 morti
488 1375 589 1448 misit3
601 1375 650 1434 cui
663 1372 790 1434 dissitus
803 1375 907 1434 omnis

201 1466 334 1547 Spiritus
347 1465 478 1524 excessit
490 1462 632 1524 membris.
644 1463 725 1523 Tum
737 1474 826 1524 torva
838 1473 996 1526 tenentem

200 1553 337 1613 Lumina
346 1553 493 1633 prospexit
502 1563 680 1634 serpentem
693 1553 854 1626 coruinum
867 1549 940 1612 inde

201 1639 354 1723 Impiger,
367 1639 532 1718 exanimis,
544 1642 595 1701 vix
608 1660 737 1723 compos
749 1653 871 1716 mente,
884 1637 1015 1720 refugit,
1062 1671 1067 1680 ·

201 1729 243 1788 Et
255 1727 396 1788 validum
409 1727 516 1790 dextra
530 1742 676 1791 truncum
689 1727 824 1790 detraxit
837 1727 877 1788 ab
889 1747 985 1803 orno;

141 1810 148 1822 ⁴
201 1816 264 1894 Qui
277 1837 366 1877 casus
378 1819 497 1879 sociarit
506 1837 600 1900 opem
613 1837 771 1878 numenve
783 1816 935 1877 deorum:

202 1903 368 1988 *Namque
381 1903 428 1965 iili
440 1903 602 1967 dederitne
614 1907 698 1966 riam
711 1924 840 1966 casusve
852 1899 992 1968 deusve*

201 1995 338 2055 Prodere
350 1995 392 2054 sit
404 1992 536 2055 dubium
549 2016 556 2054 r
568 1993 672 2056 voluit
683 1991 737 2056 sed
749 1995 872 2055 vincere
885 1989 982 2054 toiem.

200 2084 338 2144 Horrida
349 2085 510 2166 squamosi
521 2082 661 2146 volventis
673 2082 815 2144 membra
826 2082 991 2155 droconis,

200 2175 304 2256 Atque
316 2173 515 2250 reluctantis,
528 2173 647 2235 crebris
659 2173 806 2256 foedeque
815 2175 939 2255 potentis

199 2260 334 2337 lctibus,
346 2283 416 2323 ossa
429 2262 517 2337 ferit,
530 2285 592 2345 qua
605 2265 740 2344 cingunt
752 2275 894 2343 temporo
908 2261 1019 2322 criste.

199 2349 240 2408 Et
251 2348 337 2430 quod
350 2365 416 2409 erat
429 2348 551 2425 tardus,
566 2352 670 2410 somni
682 2348 834 2431 languore
846 2360 982 2422 remot03

187 2437 217 2486 ·*
225 2439 354 2498 Nescius
367 2437 555 2521 adspiciens3
568 2441 664 2500 timor
670 2451 884 2500 -oocoecaverst
895 2451 996 2510 artus,
1004 2433 1021 2466 ⁴*

198 2525 268 2588 Hoc
279 2529 385 2588 minus
398 2527 559 2610 implicuit
571 2527 639 2588 dira
651 2528 822 2590 formidine
834 2539 987 2600 mentem3

201 2617 291 2690 Tum,
305 2631 472 2700 postquem
485 2614 1022 2700 viditcaesumianguescere‚sedit.
1165 2631 1209 2664 ²⁰⁰

237 2706 362 2788 Jamque
373 2719 436 2767 ooo
448 2705 570 2787 bijuges
583 2709 687 2766 oriens
699 2707 801 2768 Erebo
814 2707 859 2767 cit
871 2726 968 2787 equos
982 2705 1064 2777 Nox,

197 2792 237 2852 Et
248 2796 337 2876 piger
350 2809 461 2856 aurato
473 2794 615 2877 procedit
627 2798 745 2877 Vesper
757 2797 797 2856 ab
809 2795 909 2870 oum

197 2882 320 2959 Quum,
332 2905 425 2966 grege
436 2883 617 2967 compulso,
630 2899 751 2967 pastor,
765 2883 1001 2969 duplicantibus
1013 2878 1149 2955 umbris,

197 2969 308 3047 Vadit,
320 2987 351 3033 et
364 2977 396 3034 in
409 2978 535 3055 requiem
540 2976 634 3058 sessos
645 2974 720 3036 dare
733 2987 898 3057 comparat
910 2988 1013 3034 ortus«

198 3059 295 3141 Cujus
308 3076 344 3121 ut
354 3065 483 3122 intravit
495 3063 596 3124 levior
607 3084 664 3146 per
675 3085 809 3147 corpora
822 3083 967 3136 somnus,
1165 3063 1207 3110 ²⁰5

197 3149 424 3231 Languidaque
436 3151 533 3232 infiuo
546 3153 732 3233 requierunt
743 3153 888 3220 membra
900 3168 1011 3231 sopore
1023 3167 1031 3206 ι

198 3231 328 3316 Effigies
340 3237 381 3297 ad
393 3257 465 3296 eum
477 3236 593 3298 Culicis
605 3237 745 3316 devenit,
757 3255 789 3301 et
801 3238 850 3299 illi

198 3323 309 3384 Tristis
322 3323 361 3382 ab
375 3337 487 3384 eventu
498 3327 608 3384 cecinit
620 3329 759 3386 convicia
772 3327 890 3386 mortis.

201 3435 215 3470 u
227 3413 293 3489 En,
303 3411 388 3496 quid,
400 3416 457 3488 uit,
469 3415 616 3490 meritus,
627 3429 748 3498 outqoo
760 3415 897 3492 delatus,
910 3410 1039 3473 acerbas

198 3503 302 3583 Cogor
312 3501 401 3564 adire
412 3503 579 3565 vicesitua
591 3502 667 3563 dum
680 3503 760 3564 mibi
773 3505 874 3565 carior
886 3504 956 3584 ipsa
1162 3513 1208 3548 ²¹⁰

198 3591 272 3650 Vita
284 3589 346 3650 fuit
359 3593 436 3666 rita,
449 3593 556 3675 rapior
568 3593 743 3674 perinanis
755 3591 874 3652 Averni.

199 3681 247 3740 Tu
258 3677 362 3739 lentus
374 3678 494 3740 refoves
504 3681 645 3761 jucunde
656 3679 797 3742 membra
811 3679 932 3760 quiete,

200 3770 331 3851 Ereptus
345 3771 432 3832 tetris
445 3791 462 3830 e
474 3767 616 3831 cladibus
628 3794 635 3830 z
649 3783 680 3830 at
692 3791 760 3832 mea
774 3769 882 3830 Manes

199 3854 322 3919 Viscera
335 3858 475 3922 Lethaeas
487 3875 605 3944 cogunt
617 3873 779 3922 mensuare
791 3881 847 3944 per
860 3854 969 3920 undas.

158 4015 258 4062 insertus
271 4029 293 4064 et
306 4016 496 4078 locusturbauu,
506 4023 639 4088 iterumque
650 4039 673 4072 r.
686 4037 742 4086 191,
757 4036 813 4086 192,
828 4019 870 4084 ¹9³
882 4031 906 4068 et
920 4031 997 4080 197....
1008 4028 1064 4070 roo,
1074 4011 1116 4076 qui
1128 4021 1208 4056 ome·

160 4089 255 4149 pessimi
264 4089 426 4138 versificatoris
435 4092 496 4140 setus
505 4105 568 4142 eunt.
