<?xml version="1.0" encoding="UTF-8"?>
<!DOCTYPE html PUBLIC "-//W3C//DTD XHTML 1.0 Transitional//EN"
    "http://www.w3.org/TR/xhtml1/DTD/xhtml1-transitional.dtd">
<html xmlns="http://www.w3.org/1999/xhtml" xml:lang="en" lang="en">
 <head>
  <title>
</title>
<meta http-equiv="Content-Type" content="text/html;charset=utf-8" />
  <meta name='ocr-system' content='tesseract 3.04.00' />
  <meta name='ocr-capabilities' content='ocr_page ocr_carea ocr_par ocr_line ocrx_word'/>
</head>
<body>
  <div class='ocr_page' id='page_1' title='image "./pvirgiliusmaroq04barbgoog_0166.png"; bbox 0 0 2986 4694; ppageno 0'>
   <div class='ocr_carea' id='block_1_1' title="bbox 269 398 1057 483">
    <p class='ocr_par' dir='ltr' id='par_1_1' title="bbox 269 398 1057 483">
     <span class='ocr_line' id='line_1_1' title="bbox 269 398 1057 483; baseline -0.022 0"><span class='ocrx_word' id='word_1_1' title='bbox 269 417 328 483; x_wconf 79' lang='lat'><strong>162</strong></span> <span class='ocrx_word' id='word_1_2' title='bbox 510 408 545 470; x_wconf 91' lang='lat' dir='ltr'><strong>P.</strong></span> <span class='ocrx_word' id='word_1_3' title='bbox 569 399 802 467; x_wconf 84' lang='lat' dir='ltr'><strong>VIRGlLll</strong></span> <span class='ocrx_word' id='word_1_4' title='bbox 824 398 1057 467; x_wconf 86' lang='lat' dir='ltr'><strong>MARONIS</strong></span> 
     </span>
    </p>
   </div>
   <div class='ocr_carea' id='block_1_2' title="bbox 309 523 970 623">
    <p class='ocr_par' dir='ltr' id='par_1_2' title="bbox 309 523 970 623">
     <span class='ocr_line' id='line_1_2' title="bbox 309 523 970 623; baseline -0.023 -20"><span class='ocrx_word' id='word_1_5' title='bbox 309 538 463 623; x_wconf 89' lang='lat' dir='ltr'><strong>Stupore,</strong></span> <span class='ocrx_word' id='word_1_6' title='bbox 476 551 587 621; x_wconf 87' lang='lat' dir='ltr'><strong>presse</strong></span> <span class='ocrx_word' id='word_1_7' title='bbox 599 551 655 592; x_wconf 89' lang='lat' dir='ltr'><strong>rus</strong></span> <span class='ocrx_word' id='word_1_8' title='bbox 666 524 787 592; x_wconf 78' lang='lat' dir='ltr'><strong>abibit!</strong></span> <span class='ocrx_word' id='word_1_9' title='bbox 799 526 862 590; x_wconf 90' lang='lat' dir='ltr'><strong>Hei</strong></span> <span class='ocrx_word' id='word_1_10' title='bbox 874 523 970 588; x_wconf 87' lang='lat' dir='ltr'><strong>mihi!</strong></span> 
     </span>
    </p>
   </div>
   <div class='ocr_carea' id='block_1_3' title="bbox 309 631 972 831">
    <p class='ocr_par' dir='ltr' id='par_1_3' title="bbox 309 631 972 831">
     <span class='ocr_line' id='line_1_3' title="bbox 309 631 972 724; baseline -0.015 -20"><span class='ocrx_word' id='word_1_11' title='bbox 309 642 354 706; x_wconf 93' lang='lat' dir='ltr'><strong>Ut</strong></span> <span class='ocrx_word' id='word_1_12' title='bbox 366 639 420 703; x_wconf 93' lang='lat' dir='ltr'><strong>ille</strong></span> <span class='ocrx_word' id='word_1_13' title='bbox 432 657 544 702; x_wconf 85' lang='lat' dir='ltr'><strong>versus</strong></span> <span class='ocrx_word' id='word_1_14' title='bbox 558 653 798 724; x_wconf 79' lang='lat' dir='ltr'><strong>usquequaque</strong></span> <span class='ocrx_word' id='word_1_15' title='bbox 810 631 972 719; x_wconf 84' lang='lat' dir='ltr'>pertinet:</span> 
     </span>
     <span class='ocr_line' id='line_1_4' title="bbox 309 736 941 831; baseline -0.019 -19"><span class='ocrx_word' id='word_1_16' title='bbox 309 747 419 812; x_wconf 84' lang='lat' dir='ltr'><strong>Gener</strong></span> <span class='ocrx_word' id='word_1_17' title='bbox 431 765 604 831; x_wconf 90' lang='lat' dir='ltr'><strong>socerque,</strong></span> <span class='ocrx_word' id='word_1_18' title='bbox 617 736 807 830; x_wconf 84' lang='lat' dir='ltr'>perdidistis</span> <span class='ocrx_word' id='word_1_19' title='bbox 820 736 941 802; x_wconf 88' lang='lat' dir='ltr'><strong>omnia.</strong></span> 
     </span>
    </p>
   </div>
   <div class='ocr_carea' id='block_1_4' title="bbox 667 880 902 1088">
    <p class='ocr_par' dir='ltr' id='par_1_4' title="bbox 667 880 902 1088">
     <span class='ocr_line' id='line_1_5' title="bbox 750 880 812 943; baseline -0.032 0"><span class='ocrx_word' id='word_1_20' title='bbox 750 880 812 943; x_wconf 81' lang='lat' dir='ltr'><strong>tv.</strong></span> 
     </span>
     <span class='ocr_line' id='line_1_6' title="bbox 667 1041 902 1088; baseline -0.009 0"><span class='ocrx_word' id='word_1_21' title='bbox 667 1043 706 1088; x_wconf 83' lang='lat' dir='ltr'><strong>1n</strong></span> <span class='ocrx_word' id='word_1_22' title='bbox 730 1041 902 1088; x_wconf 77' lang='lat' dir='ltr'><strong>annuant.</strong></span> 
     </span>
    </p>
   </div>
   <div class='ocr_carea' id='block_1_5' title="bbox 306 1163 1123 2000">
    <p class='ocr_par' dir='ltr' id='par_1_5' title="bbox 307 1163 936 1262">
     <span class='ocr_line' id='line_1_7' title="bbox 307 1163 936 1262; baseline -0.016 -24"><span class='ocrx_word' id='word_1_23' title='bbox 307 1171 454 1262; x_wconf 86' lang='lat' dir='ltr'><strong>Superbe</strong></span> <span class='ocrx_word' id='word_1_24' title='bbox 466 1169 643 1245; x_wconf 84' lang='lat' dir='ltr'><strong>Noctuine,</strong></span> <span class='ocrx_word' id='word_1_25' title='bbox 657 1163 811 1254; x_wconf 88' lang='lat' dir='ltr'><strong>putidum</strong></span> <span class='ocrx_word' id='word_1_26' title='bbox 823 1181 936 1254; x_wconf 91' lang='lat' dir='ltr'><strong>caput,</strong></span> 
     </span>
    </p>

    <p class='ocr_par' dir='ltr' id='par_1_6' title="bbox 306 1268 968 1364">
     <span class='ocr_line' id='line_1_8' title="bbox 306 1268 968 1364; baseline -0.018 -19"><span class='ocrx_word' id='word_1_27' title='bbox 306 1277 411 1345; x_wconf 89' lang='lat' dir='ltr'><strong>Datur</strong></span> <span class='ocrx_word' id='word_1_28' title='bbox 422 1277 482 1342; x_wconf 89' lang='lat' dir='ltr'><strong>tibi</strong></span> <span class='ocrx_word' id='word_1_29' title='bbox 494 1274 617 1364; x_wconf 84' lang='lat' dir='ltr'><strong>puelle,</strong></span> <span class='ocrx_word' id='word_1_30' title='bbox 631 1295 729 1362; x_wconf 85' lang='lat' dir='ltr'><strong>quam</strong></span> <span class='ocrx_word' id='word_1_31' title='bbox 742 1272 842 1360; x_wconf 91' lang='lat' dir='ltr'><strong>petis,</strong></span> <span class='ocrx_word' id='word_1_32' title='bbox 857 1268 968 1347; x_wconf 86' lang='lat' dir='ltr'><strong>datur;</strong></span> 
     </span>
    </p>

    <p class='ocr_par' dir='ltr' id='par_1_7' title="bbox 307 1375 992 1470">
     <span class='ocr_line' id='line_1_9' title="bbox 307 1375 992 1470; baseline -0.019 -19"><span class='ocrx_word' id='word_1_33' title='bbox 307 1389 425 1462; x_wconf 87' lang='lat' dir='ltr'><strong>Datur,</strong></span> <span class='ocrx_word' id='word_1_34' title='bbox 439 1380 581 1470; x_wconf 84' lang='lat' dir='ltr'><strong>superbe</strong></span> <span class='ocrx_word' id='word_1_35' title='bbox 594 1378 771 1456; x_wconf 80' lang='lat' dir='ltr'><strong>Noctuine,</strong></span> <span class='ocrx_word' id='word_1_36' title='bbox 786 1401 885 1466; x_wconf 89' lang='lat' dir='ltr'><strong>quarn</strong></span> <span class='ocrx_word' id='word_1_37' title='bbox 897 1375 992 1464; x_wconf 88' lang='lat' dir='ltr'><strong>petis.</strong></span> 
     </span>
    </p>

    <p class='ocr_par' dir='ltr' id='par_1_8' title="bbox 306 1481 952 1576">
     <span class='ocr_line' id='line_1_10' title="bbox 306 1481 952 1576; baseline -0.017 -19"><span class='ocrx_word' id='word_1_38' title='bbox 306 1489 385 1570; x_wconf 90' lang='lat' dir='ltr'><strong>Sed,</strong></span> <span class='ocrx_word' id='word_1_39' title='bbox 400 1513 419 1556; x_wconf 93' lang='lat' dir='ltr'><strong>o</strong></span> <span class='ocrx_word' id='word_1_40' title='bbox 433 1483 574 1576; x_wconf 82' lang='lat' dir='ltr'><strong>superbe</strong></span> <span class='ocrx_word' id='word_1_41' title='bbox 586 1483 764 1562; x_wconf 89' lang='lat' dir='ltr'><strong>Noctuine,</strong></span> <span class='ocrx_word' id='word_1_42' title='bbox 779 1506 846 1547; x_wconf 92' lang='lat' dir='ltr'><strong>non</strong></span> <span class='ocrx_word' id='word_1_43' title='bbox 859 1481 952 1548; x_wconf 86' lang='lat' dir='ltr'><strong>vides</strong></span> 
     </span>
    </p>

    <p class='ocr_par' dir='ltr' id='par_1_9' title="bbox 307 1591 790 1669">
     <span class='ocr_line' id='line_1_11' title="bbox 307 1591 790 1669; baseline -0.017 -6"><span class='ocrx_word' id='word_1_44' title='bbox 307 1601 397 1662; x_wconf 89' lang='lat' dir='ltr'><strong>Duas</strong></span> <span class='ocrx_word' id='word_1_45' title='bbox 410 1593 531 1658; x_wconf 85' lang='lat' dir='ltr'><strong>hahere</strong></span> <span class='ocrx_word' id='word_1_46' title='bbox 545 1592 627 1656; x_wconf 84' lang='lat' dir='ltr'><strong>[ilias</strong></span> <span class='ocrx_word' id='word_1_47' title='bbox 639 1591 790 1669; x_wconf 86' lang='lat' dir='ltr'><strong>Atilium,</strong></span> 
     </span>
    </p>

    <p class='ocr_par' dir='ltr' id='par_1_10' title="bbox 307 1691 945 1778">
     <span class='ocr_line' id='line_1_12' title="bbox 307 1691 945 1778; baseline -0.019 -11"><span class='ocrx_word' id='word_1_48' title='bbox 307 1706 411 1778; x_wconf 88' lang='lat' dir='ltr'><strong>Duas,</strong></span> <span class='ocrx_word' id='word_1_49' title='bbox 426 1716 459 1764; x_wconf 89' lang='lat' dir='ltr'><strong>et</strong></span> <span class='ocrx_word' id='word_1_50' title='bbox 470 1698 568 1778; x_wconf 89' lang='lat' dir='ltr'><strong>hanc,</strong></span> <span class='ocrx_word' id='word_1_51' title='bbox 583 1713 617 1762; x_wconf 94' lang='lat' dir='ltr'><strong>et</strong></span> <span class='ocrx_word' id='word_1_52' title='bbox 627 1699 777 1776; x_wconf 87' lang='lat' dir='ltr'><strong>alteram,</strong></span> <span class='ocrx_word' id='word_1_53' title='bbox 791 1694 850 1759; x_wconf 92' lang='lat' dir='ltr'><strong>tibi</strong></span> <span class='ocrx_word' id='word_1_54' title='bbox 865 1691 945 1756; x_wconf 90' lang='lat' dir='ltr'><strong>dari.</strong></span> 
     </span>
    </p>

    <p class='ocr_par' dir='ltr' id='par_1_11' title="bbox 307 1787 1123 2000">
     <span class='ocr_line' id='line_1_13' title="bbox 307 1787 1123 1885; baseline -0.018 -12"><span class='ocrx_word' id='word_1_55' title='bbox 307 1807 428 1874; x_wconf 86' lang='lat' dir='ltr'><strong>Adeste</strong></span> <span class='ocrx_word' id='word_1_56' title='bbox 440 1828 543 1885; x_wconf 92' lang='lat' dir='ltr'><strong>nunc,</strong></span> <span class='ocrx_word' id='word_1_57' title='bbox 557 1803 682 1884; x_wconf 84' lang='lat' dir='ltr'><strong>adeste,</strong></span> <span class='ocrx_word' id='word_1_58' title='bbox 698 1803 802 1880; x_wconf 92' lang='lat' dir='ltr'><strong>ducit,</strong></span> <span class='ocrx_word' id='word_1_59' title='bbox 815 1815 852 1863; x_wconf 92' lang='lat' dir='ltr'><strong>ut</strong></span> <span class='ocrx_word' id='word_1_60' title='bbox 865 1795 974 1879; x_wconf 88' lang='lat' dir='ltr'><strong>decet,</strong></span> <span class='ocrx_word' id='word_1_61' title='bbox 1082 1787 1084 1792; x_wconf 55' lang='grc'>’</span> <span class='ocrx_word' id='word_1_62' title='bbox 1118 1873 1123 1882; x_wconf 34' lang='grc' dir='ltr'>Ι</span> 
     </span>
     <span class='ocr_line' id='line_1_14' title="bbox 307 1905 974 2000; baseline -0.021 -20"><span class='ocrx_word' id='word_1_63' title='bbox 307 1911 490 2000; x_wconf 90' lang='lat' dir='ltr'><strong>Superbus,</strong></span> <span class='ocrx_word' id='word_1_64' title='bbox 505 1933 595 1991; x_wconf 89' lang='lat' dir='ltr'><strong>ecce,</strong></span> <span class='ocrx_word' id='word_1_65' title='bbox 609 1911 793 1975; x_wconf 89' lang='lat' dir='ltr'><strong>Noctuinus</strong></span> <span class='ocrx_word' id='word_1_66' title='bbox 805 1905 974 1970; x_wconf 86' lang='lat' dir='ltr'><strong>herneam.</strong></span> 
     </span>
    </p>
   </div>
   <div class='ocr_carea' id='block_1_6' title="bbox 305 2011 888 2224">
    <p class='ocr_par' dir='ltr' id='par_1_12' title="bbox 305 2011 888 2224">
     <span class='ocr_line' id='line_1_15' title="bbox 305 2011 888 2083; baseline -0.019 0"><span class='ocrx_word' id='word_1_67' title='bbox 305 2017 491 2083; x_wconf 80' lang='lat' dir='ltr'><strong>Thalassio!</strong></span> <span class='ocrx_word' id='word_1_68' title='bbox 505 2015 689 2082; x_wconf 85' lang='lat' dir='ltr'><strong>Thalassio!</strong></span> <span class='ocrx_word' id='word_1_69' title='bbox 703 2011 888 2078; x_wconf 82' lang='lat' dir='ltr'><strong>Thalassio!</strong></span> 
     </span>
     <span class='ocr_line' id='line_1_16' title="bbox 764 2161 804 2224; baseline 0.025 -1"><span class='ocrx_word' id='word_1_70' title='bbox 764 2161 804 2224; x_wconf 85' lang='lat' dir='ltr'><strong>V.</strong></span> 
     </span>
    </p>
   </div>
   <div class='ocr_carea' id='block_1_7' title="bbox 672 2319 896 2368">
    <p class='ocr_par' dir='ltr' id='par_1_13' title="bbox 672 2319 896 2368">
     <span class='ocr_line' id='line_1_17' title="bbox 672 2319 896 2368; baseline -0.009 0"><span class='ocrx_word' id='word_1_71' title='bbox 672 2322 711 2368; x_wconf 88' lang='lat' dir='ltr'><strong>lN</strong></span> <span class='ocrx_word' id='word_1_72' title='bbox 734 2319 896 2368; x_wconf 70' lang='lat' dir='ltr'><strong>Luctum.</strong></span> 
     </span>
    </p>
   </div>
   <div class='ocr_carea' id='block_1_8' title="bbox 254 2443 1110 2534">
    <p class='ocr_par' dir='ltr' id='par_1_14' title="bbox 254 2443 1110 2534">
     <span class='ocr_line' id='line_1_18' title="bbox 254 2443 1110 2534; baseline -0.008 -19"><span class='ocrx_word' id='word_1_73' title='bbox 254 2444 261 2461; x_wconf 71' lang='lat'><em>⁶</em></span> <span class='ocrx_word' id='word_1_74' title='bbox 305 2451 420 2514; x_wconf 85' lang='lat' dir='ltr'><strong>lacere</strong></span> <span class='ocrx_word' id='word_1_75' title='bbox 433 2468 500 2523; x_wconf 88' lang='lat' dir='ltr'><strong>me,</strong></span> <span class='ocrx_word' id='word_1_76' title='bbox 515 2443 605 2534; x_wconf 93' lang='lat' dir='ltr'><strong>quod</strong></span> <span class='ocrx_word' id='word_1_77' title='bbox 617 2443 681 2509; x_wconf 89' lang='lat' dir='ltr'><strong>alta</strong></span> <span class='ocrx_word' id='word_1_78' title='bbox 693 2445 761 2510; x_wconf 89' lang='lat' dir='ltr'><strong>non</strong></span> <span class='ocrx_word' id='word_1_79' title='bbox 773 2444 1035 2533; x_wconf 87' lang='lat' dir='ltr'><strong>possim,putas,</strong></span> <span class='ocrx_word' id='word_1_80' title='bbox 1106 2503 1110 2508; x_wconf 83' lang='grc'><strong>,</strong></span> 
     </span>
    </p>
   </div>
   <div class='ocr_carea' id='block_1_9' title="bbox 262 2634 1311 3670">
    <p class='ocr_par' dir='ltr' id='par_1_15' title="bbox 262 2634 1311 3670">
     <span class='ocr_line' id='line_1_19' title="bbox 264 2634 1306 2708; baseline -0.005 -13"><span class='ocrx_word' id='word_1_81' title='bbox 264 2641 331 2695; x_wconf 83' lang='lat' dir='ltr'><strong>adeo</strong></span> <span class='ocrx_word' id='word_1_82' title='bbox 345 2651 370 2690; x_wconf 88' lang='lat' dir='ltr'><strong>et</strong></span> <span class='ocrx_word' id='word_1_83' title='bbox 383 2656 431 2690; x_wconf 88' lang='lat' dir='ltr'><strong>suo</strong></span> <span class='ocrx_word' id='word_1_84' title='bbox 441 2649 468 2691; x_wconf 91' lang='lat' dir='ltr'><strong>et</strong></span> <span class='ocrx_word' id='word_1_85' title='bbox 481 2655 555 2688; x_wconf 72' lang='lat' dir='ltr'><strong>nove</strong></span> <span class='ocrx_word' id='word_1_86' title='bbox 570 2649 667 2708; x_wconf 85' lang='lat' dir='ltr'><strong>nuptae.</strong></span> <span class='ocrx_word' id='word_1_87' title='bbox 685 2637 763 2692; x_wconf 85' lang='lat' dir='ltr'><strong>Certe</strong></span> <span class='ocrx_word' id='word_1_88' title='bbox 843 2637 868 2692; x_wconf 82' lang='lat'><strong>5.</strong></span> <span class='ocrx_word' id='word_1_89' title='bbox 882 2639 967 2692; x_wconf 85' lang='lat' dir='ltr'><strong>Lusus</strong></span> <span class='ocrx_word' id='word_1_90' title='bbox 980 2635 1085 2690; x_wconf 88' lang='lat' dir='ltr'><strong>videtur</strong></span> <span class='ocrx_word' id='word_1_91' title='bbox 1098 2637 1126 2688; x_wconf 90' lang='lat' dir='ltr'><strong>in</strong></span> <span class='ocrx_word' id='word_1_92' title='bbox 1138 2634 1191 2688; x_wconf 90' lang='lat' dir='ltr'><strong>hoc</strong></span> <span class='ocrx_word' id='word_1_93' title='bbox 1205 2635 1306 2690; x_wconf 86' lang='lat' dir='ltr'><strong>latere:</strong></span> 
     </span>
     <span class='ocr_line' id='line_1_20' title="bbox 262 2715 1309 2790; baseline -0.002 -18"><span class='ocrx_word' id='word_1_94' title='bbox 262 2724 290 2776; x_wconf 83' lang='lat' dir='ltr'><strong>iu</strong></span> <span class='ocrx_word' id='word_1_95' title='bbox 303 2721 466 2772; x_wconf 87' lang='lat' dir='ltr'><strong>Noctuinum</strong></span> <span class='ocrx_word' id='word_1_96' title='bbox 478 2731 505 2770; x_wconf 81' lang='lat' dir='ltr'><strong>et</strong></span> <span class='ocrx_word' id='word_1_97' title='bbox 517 2719 621 2788; x_wconf 85' lang='lat' dir='ltr'><strong>ipsum,</strong></span> <span class='ocrx_word' id='word_1_98' title='bbox 641 2717 763 2787; x_wconf 87' lang='lat' dir='ltr'><strong>putidum</strong></span> <span class='ocrx_word' id='word_1_99' title='bbox 809 2719 882 2790; x_wconf 91' lang='lat' dir='ltr'><strong>quod</strong></span> <span class='ocrx_word' id='word_1_100' title='bbox 895 2718 990 2772; x_wconf 74' lang='lat' dir='ltr'><strong>her-nea</strong></span> <span class='ocrx_word' id='word_1_101' title='bbox 997 2755 1006 2782; x_wconf 92' lang='lat'><strong>,</strong></span> <span class='ocrx_word' id='word_1_102' title='bbox 1017 2716 1059 2768; x_wconf 81' lang='lat' dir='ltr'><strong>vel</strong></span> <span class='ocrx_word' id='word_1_103' title='bbox 1073 2715 1164 2768; x_wconf 80' lang='lat' dir='ltr'><strong>himen</strong></span> <span class='ocrx_word' id='word_1_104' title='bbox 1171 2754 1180 2781; x_wconf 96' lang='lat'><strong>,</strong></span> <span class='ocrx_word' id='word_1_105' title='bbox 1194 2733 1252 2787; x_wconf 72' lang='lat' dir='ltr'><strong>qun</strong></span> <span class='ocrx_word' id='word_1_106' title='bbox 1263 2735 1309 2770; x_wconf 79' lang='lat' dir='ltr'><strong>va·</strong></span> 
     </span>
     <span class='ocr_line' id='line_1_21' title="bbox 264 2797 1310 2870; baseline -0.004 -18"><span class='ocrx_word' id='word_1_107' title='bbox 264 2811 361 2870; x_wconf 81' lang='lat' dir='ltr'><strong>eaput,</strong></span> <span class='ocrx_word' id='word_1_108' title='bbox 375 2798 498 2850; x_wconf 84' lang='lat' dir='ltr'><strong>odiosum</strong></span> <span class='ocrx_word' id='word_1_109' title='bbox 508 2797 652 2863; x_wconf 87' lang='lat' dir='ltr'><strong>hominem,</strong></span> <span class='ocrx_word' id='word_1_110' title='bbox 659 2797 764 2850; x_wconf 84' lang='lat' dir='ltr'><strong>videtur</strong></span> <span class='ocrx_word' id='word_1_111' title='bbox 810 2799 845 2850; x_wconf 81' lang='lat' dir='ltr'><strong>sis</strong></span> <span class='ocrx_word' id='word_1_112' title='bbox 858 2800 958 2870; x_wconf 85' lang='lat' dir='ltr'><strong>potorii</strong></span> <span class='ocrx_word' id='word_1_113' title='bbox 966 2814 1050 2869; x_wconf 73' lang='lat' dir='ltr'><strong>genus</strong></span> <span class='ocrx_word' id='word_1_114' title='bbox 1060 2809 1115 2864; x_wconf 87' lang='lat' dir='ltr'><strong>eet,</strong></span> <span class='ocrx_word' id='word_1_115' title='bbox 1128 2815 1178 2868; x_wconf 89' lang='lat' dir='ltr'><strong>pro</strong></span> <span class='ocrx_word' id='word_1_116' title='bbox 1190 2799 1250 2868; x_wconf 85' lang='lat' dir='ltr'><strong>ipso</strong></span> <span class='ocrx_word' id='word_1_117' title='bbox 1260 2815 1310 2867; x_wconf 87' lang='lat' dir='ltr'><strong>pa·</strong></span> 
     </span>
     <span class='ocr_line' id='line_1_22' title="bbox 264 2875 1307 2950; baseline -0.004 -18"><span class='ocrx_word' id='word_1_118' title='bbox 264 2876 367 2948; x_wconf 79' lang='lat' dir='ltr'><strong>aliquid</strong></span> <span class='ocrx_word' id='word_1_119' title='bbox 385 2876 567 2929; x_wconf 82' lang='lat' dir='ltr'><strong>inclementius</strong></span> <span class='ocrx_word' id='word_1_120' title='bbox 585 2875 675 2931; x_wconf 81' lang='lat' dir='ltr'><strong>dicere</strong></span> <span class='ocrx_word' id='word_1_121' title='bbox 686 2877 762 2931; x_wconf 83' lang='lat' dir='ltr'><strong>velle.</strong></span> <span class='ocrx_word' id='word_1_122' title='bbox 809 2889 848 2932; x_wconf 87' lang='lat' dir='ltr'><strong>tre</strong></span> <span class='ocrx_word' id='word_1_123' title='bbox 866 2878 1001 2931; x_wconf 77' lang='lat' dir='ltr'><strong>vinolenta</strong></span> <span class='ocrx_word' id='word_1_124' title='bbox 1017 2877 1143 2948; x_wconf 88' lang='lat' dir='ltr'><strong>ponitur,</strong></span> <span class='ocrx_word' id='word_1_125' title='bbox 1165 2889 1191 2929; x_wconf 84' lang='lat' dir='ltr'><strong>et</strong></span> <span class='ocrx_word' id='word_1_126' title='bbox 1209 2893 1307 2950; x_wconf 73' lang='lat' dir='ltr'><strong>genero</strong></span> 
     </span>
     <span class='ocr_line' id='line_1_23' title="bbox 300 2955 1310 3030; baseline 0.002 -22"><span class='ocrx_word' id='word_1_127' title='bbox 300 2959 325 3023; x_wconf 74' lang='grc'><strong>4.</strong></span> <span class='ocrx_word' id='word_1_128' title='bbox 336 2971 763 3029; x_wconf 80' lang='lat' dir='ltr'><strong>pressa;oppresea,coecta‚rut</strong></span> <span class='ocrx_word' id='word_1_129' title='bbox 809 2977 860 3030; x_wconf 89' lang='lat' dir='ltr'><strong>pro</strong></span> <span class='ocrx_word' id='word_1_130' title='bbox 879 2959 962 3012; x_wconf 84' lang='lat' dir='ltr'><strong>altera</strong></span> <span class='ocrx_word' id='word_1_131' title='bbox 981 2960 1094 3030; x_wconf 69' lang='lat' dir='ltr'><strong>conjuge</strong></span> <span class='ocrx_word' id='word_1_132' title='bbox 1113 2970 1139 3010; x_wconf 88' lang='lat' dir='ltr'><strong>et</strong></span> <span class='ocrx_word' id='word_1_133' title='bbox 1158 2955 1213 3012; x_wconf 77' lang='lat' dir='ltr'><strong>filie</strong></span> <span class='ocrx_word' id='word_1_134' title='bbox 1233 2957 1310 3014; x_wconf 79' lang='lat' dir='ltr'><strong>Atilii</strong></span> 
     </span>
     <span class='ocr_line' id='line_1_24' title="bbox 264 3036 1310 3110; baseline 0.001 -22"><span class='ocrx_word' id='word_1_135' title='bbox 264 3037 369 3102; x_wconf 80' lang='lat' dir='ltr'><strong>abibit,</strong></span> <span class='ocrx_word' id='word_1_136' title='bbox 388 3038 416 3090; x_wconf 88' lang='lat' dir='ltr'><strong>iu</strong></span> <span class='ocrx_word' id='word_1_137' title='bbox 436 3055 481 3088; x_wconf 87' lang='lat' dir='ltr'><strong>rus</strong></span> <span class='ocrx_word' id='word_1_138' title='bbox 505 3036 668 3105; x_wconf 86' lang='lat' dir='ltr'><strong>abducetur,</strong></span> <span class='ocrx_word' id='word_1_139' title='bbox 692 3043 763 3092; x_wconf 87' lang='lat' dir='ltr'><strong>forte</strong></span> <span class='ocrx_word' id='word_1_140' title='bbox 808 3040 963 3110; x_wconf 77' lang='lat' dir='ltr'><strong>assignatur.</strong></span> <span class='ocrx_word' id='word_1_141' title='bbox 977 3039 1059 3103; x_wconf 85' lang='lat' dir='ltr'><strong>Nem,</strong></span> <span class='ocrx_word' id='word_1_142' title='bbox 1072 3057 1106 3091; x_wconf 87' lang='lat' dir='ltr'><strong>ne</strong></span> <span class='ocrx_word' id='word_1_143' title='bbox 1118 3039 1202 3109; x_wconf 78' lang='lat' dir='ltr'><strong>ipsam</strong></span> <span class='ocrx_word' id='word_1_144' title='bbox 1216 3038 1310 3107; x_wconf 85' lang='lat' dir='ltr'><strong>conju·</strong></span> 
     </span>
     <span class='ocr_line' id='line_1_25' title="bbox 266 3115 1310 3190; baseline 0 -20"><span class='ocrx_word' id='word_1_145' title='bbox 266 3117 339 3190; x_wconf 88' lang='lat' dir='ltr'><strong>quod</strong></span> <span class='ocrx_word' id='word_1_146' title='bbox 346 3118 456 3170; x_wconf 81' lang='lat' dir='ltr'><strong>maritus</strong></span> <span class='ocrx_word' id='word_1_147' title='bbox 465 3119 550 3170; x_wconf 83' lang='lat' dir='ltr'><strong>soceri</strong></span> <span class='ocrx_word' id='word_1_148' title='bbox 560 3118 763 3172; x_wconf 76' lang='lat' dir='ltr'><strong>rinolentienre</strong></span> <span class='ocrx_word' id='word_1_149' title='bbox 807 3137 867 3190; x_wconf 71' lang='lat' dir='ltr'><strong>gem</strong></span> <span class='ocrx_word' id='word_1_150' title='bbox 878 3117 1001 3171; x_wconf 82' lang='lat' dir='ltr'><strong>bibeeern</strong></span> <span class='ocrx_word' id='word_1_151' title='bbox 1011 3118 1093 3170; x_wconf 80' lang='lat' dir='ltr'><strong>fuisse</strong></span> <span class='ocrx_word' id='word_1_152' title='bbox 1103 3115 1255 3184; x_wconf 77' lang='lat' dir='ltr'><strong>credemus,</strong></span> <span class='ocrx_word' id='word_1_153' title='bbox 1266 3136 1310 3170; x_wconf 82' lang='lat' dir='ltr'><strong>ve·</strong></span> 
     </span>
     <span class='ocr_line' id='line_1_26' title="bbox 264 3197 1309 3270; baseline -0.004 -17"><span class='ocrx_word' id='word_1_154' title='bbox 264 3199 353 3254; x_wconf 79' lang='lat' dir='ltr'><strong>alieno</strong></span> <span class='ocrx_word' id='word_1_155' title='bbox 365 3197 477 3250; x_wconf 86' lang='lat' dir='ltr'><strong>obrutus</strong></span> <span class='ocrx_word' id='word_1_156' title='bbox 490 3199 518 3250; x_wconf 90' lang='lat' dir='ltr'><strong>in</strong></span> <span class='ocrx_word' id='word_1_157' title='bbox 527 3198 592 3252; x_wconf 88' lang='lat' dir='ltr'><strong>urbe</strong></span> <span class='ocrx_word' id='word_1_158' title='bbox 605 3198 701 3252; x_wconf 80' lang='lat' dir='ltr'><strong>durare</strong></span> <span class='ocrx_word' id='word_1_159' title='bbox 715 3218 764 3252; x_wconf 86' lang='lat' dir='ltr'><strong>ne·</strong></span> <span class='ocrx_word' id='word_1_160' title='bbox 810 3211 848 3252; x_wconf 87' lang='lat' dir='ltr'><strong>tet</strong></span> <span class='ocrx_word' id='word_1_161' title='bbox 860 3201 981 3270; x_wconf 78' lang='lat' dir='ltr'><strong>superine</strong></span> <span class='ocrx_word' id='word_1_162' title='bbox 994 3199 1164 3270; x_wconf 74' lang='lat' dir='ltr'><strong>epigramma.</strong></span> <span class='ocrx_word' id='word_1_163' title='bbox 1179 3199 1309 3250; x_wconf 84' lang='lat' dir='ltr'><strong>Hemiam</strong></span> 
     </span>
     <span class='ocr_line' id='line_1_27' title="bbox 265 3277 1311 3352; baseline -0.002 -20"><span class='ocrx_word' id='word_1_164' title='bbox 265 3283 331 3352; x_wconf 86' lang='lat' dir='ltr'><strong>quit·</strong></span> <span class='ocrx_word' id='word_1_165' title='bbox 809 3291 899 3332; x_wconf 77' lang='lat' dir='ltr'><strong>nutem</strong></span> <span class='ocrx_word' id='word_1_166' title='bbox 913 3279 1001 3352; x_wconf 74' lang='lat' dir='ltr'><strong>legere</strong></span> <span class='ocrx_word' id='word_1_167' title='bbox 1017 3298 1048 3330; x_wconf 86' lang='lat' dir='ltr'><strong>ac</strong></span> <span class='ocrx_word' id='word_1_168' title='bbox 1063 3277 1219 3331; x_wconf 87' lang='lat' dir='ltr'><strong>herniosum</strong></span> <span class='ocrx_word' id='word_1_169' title='bbox 1235 3296 1311 3330; x_wconf 84' lang='lat' dir='ltr'><strong>soce·</strong></span> 
     </span>
     <span class='ocr_line' id='line_1_28' title="bbox 301 3358 1310 3432; baseline -0.006 -16"><span class='ocrx_word' id='word_1_170' title='bbox 301 3360 325 3416; x_wconf 85' lang='lat'><strong>5.</strong></span> <span class='ocrx_word' id='word_1_171' title='bbox 336 3358 490 3421; x_wconf 79' lang='lat' dir='ltr'><strong>illeversus3</strong></span> <span class='ocrx_word' id='word_1_172' title='bbox 503 3373 608 3412; x_wconf 74' lang='lat' dir='ltr'><strong>canoto</strong></span> <span class='ocrx_word' id='word_1_173' title='bbox 619 3362 701 3432; x_wconf 71' lang='lat' dir='ltr'><strong>epigr.</strong></span> <span class='ocrx_word' id='word_1_174' title='bbox 715 3359 767 3414; x_wconf 85' lang='lat' dir='ltr'><strong>Ga·</strong></span> <span class='ocrx_word' id='word_1_175' title='bbox 811 3375 869 3409; x_wconf 82' lang='lat' dir='ltr'><strong>rum</strong></span> <span class='ocrx_word' id='word_1_176' title='bbox 888 3359 1035 3431; x_wconf 75' lang='lat' dir='ltr'><strong>intelligere</strong></span> <span class='ocrx_word' id='word_1_177' title='bbox 1054 3359 1077 3410; x_wconf 84' lang='lat' dir='ltr'><strong>si</strong></span> <span class='ocrx_word' id='word_1_178' title='bbox 1094 3358 1175 3426; x_wconf 84' lang='lat' dir='ltr'><strong>velis,</strong></span> <span class='ocrx_word' id='word_1_179' title='bbox 1198 3375 1310 3410; x_wconf 81' lang='lat' dir='ltr'><strong>acumen</strong></span> 
     </span>
     <span class='ocr_line' id='line_1_29' title="bbox 264 3435 1033 3508; baseline -0.008 -14"><span class='ocrx_word' id='word_1_180' title='bbox 264 3443 323 3496; x_wconf 87' lang='lat' dir='ltr'><strong>tulli</strong></span> <span class='ocrx_word' id='word_1_181' title='bbox 337 3442 433 3496; x_wconf 82' lang='lat' dir='ltr'><strong>xxvrl</strong></span> <span class='ocrx_word' id='word_1_182' title='bbox 448 3443 475 3494; x_wconf 86' lang='lat' dir='ltr'><strong>ih</strong></span> <span class='ocrx_word' id='word_1_183' title='bbox 487 3441 635 3506; x_wconf 72' lang='lat' dir='ltr'><strong>Gaesarem,</strong></span> <span class='ocrx_word' id='word_1_184' title='bbox 650 3439 698 3494; x_wconf 86' lang='lat' dir='ltr'><strong>sed</strong></span> <span class='ocrx_word' id='word_1_185' title='bbox 713 3440 767 3492; x_wconf 85' lang='lat' dir='ltr'><strong>alio</strong></span> <span class='ocrx_word' id='word_1_186' title='bbox 812 3435 910 3491; x_wconf 79' lang='lat' dir='ltr'><strong>frustra</strong></span> <span class='ocrx_word' id='word_1_187' title='bbox 922 3455 1033 3508; x_wconf 75' lang='lat' dir='ltr'><strong>queres.</strong></span> 
     </span>
     <span class='ocr_line' id='line_1_30' title="bbox 264 3519 768 3590; baseline -0.012 -14"><span class='ocrx_word' id='word_1_188' title='bbox 264 3539 342 3576; x_wconf 73' lang='lat' dir='ltr'><strong>sensu</strong></span> <span class='ocrx_word' id='word_1_189' title='bbox 363 3543 369 3572; x_wconf 72' lang='grc' dir='ltr'><em>ε</em></span> <span class='ocrx_word' id='word_1_190' title='bbox 390 3539 462 3573; x_wconf 89' lang='lat' dir='ltr'><strong>nunc</strong></span> <span class='ocrx_word' id='word_1_191' title='bbox 487 3532 598 3590; x_wconf 86' lang='lat' dir='ltr'><strong>uterque</strong></span> <span class='ocrx_word' id='word_1_192' title='bbox 622 3519 695 3572; x_wconf 84' lang='lat' dir='ltr'><strong>hona</strong></span> <span class='ocrx_word' id='word_1_193' title='bbox 720 3535 768 3570; x_wconf 82' lang='lat' dir='ltr'><strong>sun</strong></span> 
     </span>
     <span class='ocr_line' id='line_1_31' title="bbox 267 3599 1077 3670; baseline -0.015 -16"><span class='ocrx_word' id='word_1_194' title='bbox 267 3600 449 3670; x_wconf 74' lang='lat' dir='ltr'><strong>abligurivisse</strong></span> <span class='ocrx_word' id='word_1_195' title='bbox 462 3599 596 3650; x_wconf 88' lang='lat' dir='ltr'><strong>dicuntur.</strong></span> <span class='ocrx_word' id='word_1_196' title='bbox 1045 3606 1077 3656; x_wconf 63' lang='lat' dir='ltr'><strong>v,</strong></span> 
     </span>
    </p>
   </div>
   <div class='ocr_carea' id='block_1_10' title="bbox 268 3721 1310 4152">
    <p class='ocr_par' dir='ltr' id='par_1_16' title="bbox 491 3721 1309 3832">
     <span class='ocr_line' id='line_1_32' title="bbox 491 3721 1309 3832; baseline 0.007 -26"><span class='ocrx_word' id='word_1_197' title='bbox 491 3721 538 3770; x_wconf 68' lang='grc' dir='ltr'><strong>Π·</strong></span> <span class='ocrx_word' id='word_1_198' title='bbox 849 3755 955 3810; x_wconf 81' lang='lat' dir='ltr'><strong>Catullo</strong></span> <span class='ocrx_word' id='word_1_199' title='bbox 982 3757 1071 3828; x_wconf 84' lang='lat' dir='ltr'><strong>potius</strong></span> <span class='ocrx_word' id='word_1_200' title='bbox 1094 3776 1175 3830; x_wconf 80' lang='lat' dir='ltr'><strong>quarn</strong></span> <span class='ocrx_word' id='word_1_201' title='bbox 1197 3760 1309 3832; x_wconf 75' lang='lat' dir='ltr'><strong>Virgilio</strong></span> 
     </span>
    </p>

    <p class='ocr_par' dir='ltr' id='par_1_17' title="bbox 268 3833 1310 4152">
     <span class='ocr_line' id='line_1_33' title="bbox 302 3833 1309 3910; baseline 0.003 -21"><span class='ocrx_word' id='word_1_202' title='bbox 302 3836 445 3909; x_wconf 70' lang='lat' dir='ltr'><strong>Coniungit</strong></span> <span class='ocrx_word' id='word_1_203' title='bbox 457 3836 579 3888; x_wconf 88' lang='lat' dir='ltr'><strong>boccum</strong></span> <span class='ocrx_word' id='word_1_204' title='bbox 592 3833 765 3889; x_wconf 78' lang='lat' dir='ltr'><strong>antecedente</strong></span> <span class='ocrx_word' id='word_1_205' title='bbox 810 3837 920 3910; x_wconf 66' lang='lat' dir='ltr'><strong>dignum</strong></span> <span class='ocrx_word' id='word_1_206' title='bbox 932 3857 1053 3904; x_wconf 83' lang='lat' dir='ltr'><strong>carmen,</strong></span> <span class='ocrx_word' id='word_1_207' title='bbox 1061 3837 1215 3893; x_wconf 80' lang='lat' dir='ltr'><strong>Archilochi</strong></span> <span class='ocrx_word' id='word_1_208' title='bbox 1224 3853 1309 3893; x_wconf 87' lang='lat' dir='ltr'><strong>metro</strong></span> 
     </span>
     <span class='ocr_line' id='line_1_34' title="bbox 268 3913 1309 3993; baseline 0.004 -25"><span class='ocrx_word' id='word_1_209' title='bbox 268 3915 418 3976; x_wconf 80' lang='lat' dir='ltr'><strong>Fruterius;</strong></span> <span class='ocrx_word' id='word_1_210' title='bbox 431 3916 475 3967; x_wconf 85' lang='lat' dir='ltr'><strong>vix</strong></span> <span class='ocrx_word' id='word_1_211' title='bbox 484 3913 767 3968; x_wconf 73' lang='lat' dir='ltr'><strong>benecotlocandum</strong></span> <span class='ocrx_word' id='word_1_212' title='bbox 811 3931 838 3970; x_wconf 91' lang='lat' dir='ltr'><strong>et</strong></span> <span class='ocrx_word' id='word_1_213' title='bbox 859 3917 921 3970; x_wconf 86' lang='lat' dir='ltr'><strong>felle</strong></span> <span class='ocrx_word' id='word_1_214' title='bbox 943 3919 1097 3984; x_wconf 67' lang='lat' dir='ltr'><strong>exaratum,</strong></span> <span class='ocrx_word' id='word_1_215' title='bbox 1116 3934 1143 3973; x_wconf 89' lang='lat' dir='ltr'><strong>et</strong></span> <span class='ocrx_word' id='word_1_216' title='bbox 1164 3922 1309 3993; x_wconf 77' lang='lat' dir='ltr'><strong>genuinum</strong></span> 
     </span>
     <span class='ocr_line' id='line_1_35' title="bbox 269 3995 1310 4071; baseline 0.001 -22"><span class='ocrx_word' id='word_1_217' title='bbox 269 4014 377 4068; x_wconf 89' lang='lat' dir='ltr'><strong>qnoque</strong></span> <span class='ocrx_word' id='word_1_218' title='bbox 385 3996 504 4048; x_wconf 77' lang='lat' dir='ltr'><strong>existimo</strong></span> <span class='ocrx_word' id='word_1_219' title='bbox 514 3995 704 4066; x_wconf 80' lang='lat' dir='ltr'><strong>entesnperins</strong></span> <span class='ocrx_word' id='word_1_220' title='bbox 713 4015 768 4050; x_wconf 85' lang='lat' dir='ltr'><strong>car·</strong></span> <span class='ocrx_word' id='word_1_221' title='bbox 811 3998 924 4052; x_wconf 78' lang='lat' dir='ltr'><strong>licentie</strong></span> <span class='ocrx_word' id='word_1_222' title='bbox 947 3997 1065 4050; x_wconf 71' lang='lat' dir='ltr'><strong>iambicus</strong></span> <span class='ocrx_word' id='word_1_223' title='bbox 1090 4001 1258 4071; x_wconf 84' lang='lat' dir='ltr'><strong>exemplum,</strong></span> <span class='ocrx_word' id='word_1_224' title='bbox 1282 4001 1310 4051; x_wconf 89' lang='lat' dir='ltr'><strong>in</strong></span> 
     </span>
     <span class='ocr_line' id='line_1_36' title="bbox 268 4077 1310 4152; baseline 0 -21"><span class='ocrx_word' id='word_1_225' title='bbox 268 4095 338 4131; x_wconf 81' lang='lat' dir='ltr'><strong>men.</strong></span> <span class='ocrx_word' id='word_1_226' title='bbox 811 4077 922 4130; x_wconf 82' lang='lat' dir='ltr'><strong>Lucium</strong></span> <span class='ocrx_word' id='word_1_227' title='bbox 939 4077 1081 4148; x_wconf 84' lang='lat' dir='ltr'><strong>quemdam</strong></span> <span class='ocrx_word' id='word_1_228' title='bbox 1100 4079 1248 4145; x_wconf 66' lang='lat' dir='ltr'><strong>cinaedum,</strong></span> <span class='ocrx_word' id='word_1_229' title='bbox 1264 4080 1310 4152; x_wconf 88' lang='lat' dir='ltr'><strong>qui</strong></span> 
     </span>
    </p>
   </div>
   <div class='ocr_carea' id='block_1_11' title="bbox 0 0 1498 4693">
    <p class='ocr_par' dir='ltr' id='par_1_18' title="bbox 0 0 1498 4693">
     <span class='ocr_line' id='line_1_37' title="bbox 0 0 1498 4693; baseline 0 0"><span class='ocrx_word' id='word_1_230' title='bbox 0 0 1498 4693; x_wconf 95' lang='lat' dir='ltr'><strong> </strong></span> 
     </span>
    </p>
   </div>
  </div>
 </body>
</html>
