2964 4690
291 355 355 421 320
617 343 997 418 COMMENTARlb

290 487 352 557 dis,
368 495 442 538 nam
457 470 521 534 istae
533 482 621 530 erant
635 472 700 532 vice
713 471 875 532 sacrificii:
891 475 994 556 itaque
1008 474 1089 537 sicut
1101 473 1173 554 bos,
1187 495 1281 559 agna,
1297 495 1334 541 et

290 588 377 634 sacra
386 561 448 625 alis
457 573 529 622 ante
537 558 756 618 mactationem
765 560 990 642 spargebantur
998 563 1081 624 mola
1092 564 1186 625 salsa:
1196 567 1239 627 sic
1247 566 1334 642 vult,

290 675 326 722 ut
339 653 420 717 lauri
433 645 560 710 urendae
574 645 681 706 eadem
696 645 779 730 mola
795 649 1034 730 insperguntur:
1050 650 1163 713 deinde
1173 650 1275 734 jubet,
1292 669 1329 714 ut

290 749 396 810 lauros
408 735 545 820 fragiles,
560 732 664 810 idest,
681 756 751 794 curn
766 733 904 817 fragore,
921 751 952 797 et
964 742 1085 821 crepitu
1099 755 1260 818 sonantes,
1276 744 1327 802 in·

288 822 416 906 tendat,
430 824 482 886 sed
497 821 589 883 illitas
604 821 775 898 bitumine,
790 844 853 904 quo
866 823 992 885 facilius
1007 829 1189 908 concipiant
1202 829 1327 908 ignem

288 922 364 986 huic
377 911 585 978 incantationi
599 908 726 969 additur
736 909 838 970 forma
849 911 1015 974 verborum
1028 912 1093 976 haec
1103 937 1109 972 :
1121 913 1254 997 Doplmis
1263 937 1329 974 mas

291 1011 335 1074 lus
348 1026 393 1067 me
403 1003 474 1076 soit,
485 1018 538 1080 eqo
547 995 623 1057 benc
636 995 750 1058 laurmn
763 1002 793 1058 in
804 997 974 1081 Daphnide,
985 999 1018 1060 id
1028 1015 1087 1076 est,
1099 1017 1209 1062 contra
1218 1001 1327 1084 Daph·

290 1098 414 1164 nidem:
432 1087 526 1150 matus
545 1085 595 1146 hic
611 1097 672 1159 est,
690 1101 867 1168 protervus,
886 1109 923 1150 ac
941 1109 1117 1173 repugnans
1135 1091 1213 1151 meis
1229 1092 1330 1167 votis,

289 1183 467 1270 nequedum
479 1177 578 1236 victus
588 1172 637 1234 bis
651 1177 754 1236 sacris.
911 1245 915 1253 φ

330 1279 377 1340 85.
390 1274 499 1352 Optat,
511 1278 546 1326 nt
556 1263 698 1346 Daphnis
711 1279 794 1326 amet
807 1257 945 1346 aliquam
957 1287 994 1327 eo
1008 1263 1117 1342 modo,
1131 1287 1194 1348 quo
1207 1263 1326 1326 bucula

289 1379 394 1428 amare
408 1355 487 1418 solet
495 1352 663 1433 juvencum
676 1371 784 1428 suum,
802 1372 871 1434 quoe
885 1352 965 1414 fessa
979 1367 1104 1414 taurum
1116 1355 1240 1435 quaerit3
1255 1373 1327 1434 quas

311 1475 344 1515 er
356 1463 485 1511 nemora
501 1454 532 1501 et
546 1439 630 1502 lucos
645 1455 739 1514 errat3
757 1459 827 1522 quae
844 1461 949 1502 amore
966 1441 1085 1524 perdita
1099 1441 1277 1524 procumbit
1291 1443 1328 1500 in

288 1477 385 1607 berba
394 1531 503 1606 viridi,
510 1530 600 1609 juxta
610 1531 711 1590 rivum
722 1530 872 1610 aliquem,
883 1552 939 1592 nec
948 1530 1332 1592 meminitdeeedereseras

289 1630 392 1704 nocti,
403 1623 437 1686 id
449 1633 509 1695 est,
523 1639 587 1679 non
600 1621 734 1700 primam
749 1616 852 1679 solum
866 1635 987 1682 noctem
1003 1619 1131 1703 perfert,
1143 1617 1196 1680 sed
1208 1638 1327 1693 seram,

289 1724 323 1783 in
335 1735 397 1800 qus
406 1707 510 1772 densae
517 1705 583 1788 jam
593 1707 742 1780 tenebram
761 1727 863 1790 neque
877 1707 925 1768 illi
938 1723 993 1770 aut
1007 1708 1104 1785 cedit,
1122 1723 1178 1769 aut
1188 1705 1329 1780 decedit,

289 1808 366 1871 adeo
375 1799 527 1862 obstinate
537 1797 571 1856 in
580 1793 677 1856 herba
685 1793 792 1856 beret!
801 1817 874 1878 ergo
881 1797 952 1858 talis
961 1819 1049 1870 arnor
1055 1793 1203 1879 Daphnin
1213 1810 1327 1871 teneat,

288 1917 346 1960 nec
357 1888 437 1953 mihi
450 1884 515 1947 ulla
528 1886 566 1944 sit
576 1904 651 1946 cura
662 1883 708 1944 illi
720 1883 877 1946 medendi.

328 2003 378 2066 9¹·
390 1972 577 2058 Aggreditur
586 1993 675 2054 maga
684 1993 805 2034 nonum
814 1973 900 2037 aliud
911 1974 1132 2038 incantationis
1140 1994 1252 2056 genus:
1264 1991 1328 2034 ves-

287 2085 349 2148 tes,
360 2085 438 2152 quas
450 2063 501 2124 hic
513 2064 651 2126 exsuvias
664 2075 767 2137 vocat,
778 2075 808 2122 et
818 2083 887 2124 cara
897 2066 1044 2146 pignora,
1057 2063 1232 2146 Daphnidis
1244 2064 1327 2143 grati

288 2161 379 2233 olim,
391 2170 475 2216 nunc
486 2147 599 2233 perfidi
611 2147 726 2210 infodit
737 2147 796 2210 sub
810 2152 878 2233 ipso
890 2151 1012 2228 limine,
1030 2165 1061 2211 et
1075 2165 1163 2213 terrae
1179 2149 1325 2222 mandat,

288 2247 375 2335 qnod
386 2244 442 2306 ubi
457 2239 645 2317 factumest,
659 2238 832 2314 cicumeat
847 2237 907 2300 lroec
921 2243 1045 2323 piqnora
1059 2241 1216 2322 Daphnin,
1234 2239 1326 2320 quasi

289 2337 391 2400 adeas
404 2329 544 2392 exsuvias
557 2347 613 2410 per
624 2327 778 2390 occultant
791 2329 854 2388 vim
867 2330 1019 2412 magicam
1030 2327 1173 2413 Daphnis
1185 2324 1233 2385 vel
1245 2326 1326 2385 invi·

288 2441 338 2488 tus
351 2414 560 2484 devolvendus
573 2415 623 2475 sit.

287 2632 330 2682 far
339 2626 408 2679 enirn
416 2623 504 2694 piam,
514 2619 604 2686 idest,
614 2619 685 2673 mola
697 2631 784 2690 casta,
828 2623 879 2676 nisi
889 2635 961 2676 caste
972 2619 1129 2675 interritum
1137 2615 1187 2670 erit
1196 2613 1276 2668 rebus
1286 2629 1329 2668 sa·

181 2718 194 2738 ⁸
255 2741 258 2748 ·
287 2696 784 2773 sslss(utrumqueenimidemsigoi·
827 2703 887 2755 cris.
912 2703 961 2754 llic
982 2712 1070 2754 autem
1090 2694 1205 2750 dicendo
1222 2687 1327 2768 aspesye

287 2784 385 2855 licat):
405 2781 444 2831 ita
461 2775 509 2827 lits
531 2777 645 2847 virgines
662 2777 783 2830 Vestales
827 2779 934 2848 molant,
942 2791 998 2832 rent
1005 2781 1091 2851 ipsam
1098 2773 1210 2848 proprio
1217 2776 1325 2830 nomine

286 2859 507 2917 tretmu'lmw
515 2852 782 2926 ¹¹⁰¹¹i⁵l5³il⁸tttlprb
827 2851 1328 2924 memoravit,undeinsecundoAEnei·

286 2943 330 3000 die
337 2942 399 2995 ldus
406 2938 503 3001 nans,
513 2933 621 2986 alternis
629 2930 722 2986 diebus
729 2937 784 3005 spi·
827 2937 882 3003 dis,
895 2947 921 2988 et
932 2935 1115 3008 saboefnspes,
1128 2947 1155 2987 et
1170 2935 1198 2985 in
1212 2945 1329 3004 quarto,

286 3041 331 3077 cas
339 3011 621 3074 adoreasincomibut
630 3015 782 3066 messuariis
825 3017 907 3088 ipsum
917 3015 1024 3068 molam.
1038 3017 1110 3070 Serv.

286 3104 324 3176 (l.
344 3097 469 3155 corbibus
488 3091 641 3162 messoriis)
660 3105 780 3162 ponunt,
860 3097 902 3165 89.
916 3091 1324 3148 Nectitmilsicuramederi.lut

286 3199 385 3254 estque
402 3177 491 3250 spicat
510 3175 573 3246 iptae
591 3173 706 3244 virginet
726 3183 783 3223 tor·
824 3170 1321 3246 nolimeimspicisartibussubvenire=

285 3275 359 3328 rent,
374 3259 496 3331 pinsunt',
513 3250 629 3316 molunt,
649 3262 728 3320 atque
743 3253 781 3303 ito
827 3267 873 3308 aut
885 3253 967 3306 nolim
979 3272 1039 3306 cum
1051 3255 1110 3325 ipso
1125 3249 1321 3303 concumberet

284 3341 405 3395 molitum
417 3332 544 3390 condunt.
555 3333 593 3385 Ex
604 3348 636 3384 eo
648 3331 719 3382 farre
729 3333 783 3384 vir·
826 3333 860 3387 ab
872 3347 987 3405 uta-oque
999 3335 1069 3386 enim
1083 3329 1216 3383 medicina
1229 3347 1323 3381 man.

285 3424 359 3494 pines
375 3431 416 3472 ter
429 3419 457 3468 iu
473 3430 544 3466 anno
555 3409 654 3464 molam
665 3411 780 3474 facium
825 3413 897 3466 tibus
904 3415 984 3478 venit,
990 3425 1016 3465 et
1024 3409 1124 3463 mederi
1130 3425 1179 3480 pro
1187 3407 1322 3460 medendi.

284 3496 489 3573 Lupercalibus,
504 3491 670 3558 Vestalibus,
688 3491 781 3544 ldibus
859 3511 902 3563 9².
923 3492 1037 3564 Pignora
1060 3507 1120 3541 cara
1140 3489 1188 3540 satis
1212 3489 1322 3560 Proprie

283 3576 498 3651 Septembribus,
510 3570 615 3642 adjecto
625 3569 680 3624 tale
688 3583 781 3639 cocto,
824 3571 876 3636 sni,
895 3588 950 3622 non
969 3587 1037 3621 sua:
1057 3585 1120 3620 nam
1138 3585 1187 3618 sua
1206 3568 1322 3638 pignora

284 3671 311 3712 et
321 3659 377 3711 sale
387 3656 464 3708 doro.
477 3655 561 3726 lpitur
573 3651 645 3723 quod
658 3649 686 3701 id
697 3653 781 3703 sacris
826 3662 895 3716 sunt,
904 3667 963 3720 quae
971 3650 1030 3720 quis
1039 3647 1073 3699 de
1084 3646 1165 3700 rebus
1171 3648 1224 3698 suis
1232 3645 1321 3700 dedit:

284 3736 356 3790 nola
367 3747 440 3788 casta
451 3732 561 3799 dicitur,
580 3731 641 3783 ideo
654 3731 782 3802 Virgilius
800 3743 806 3756 ·
826 3725 1323 3801 suipignora,quibusipsemetpiqnori

284 3819 312 3870 in
326 3816 418 3888 quinto
430 3809 547 3865 AEueidit
554 3809 628 3883 fam
638 3809 684 3880 pt'o
696 3827 781 3862 enun-
825 3821 872 3862 est.
885 3808 1001 3862 Officint
1013 3819 1102 3859 autem
1116 3805 1219 3878 magica
1230 3806 1323 3858 effica-

285 3898 376 3950 tievit:
395 3891 460 3965 quid
475 3891 546 3943 enim
562 3901 602 3942 est
618 3890 709 3960 pium?
728 3891 780 3942 nisi
825 3889 929 3941 cissime
942 3887 1093 3951 instruitur,
1105 3887 1129 3937 si
1141 3884 1205 3957 quid
1219 3883 1253 3936 de
1265 3902 1325 3936 cor·

285 3988 403 4038 castum,
417 3971 542 4043 quonium
554 3969 628 4040 piare
638 3981 677 4020 est
688 3971 779 4040 propi·
824 3985 891 4039 pore
904 3969 960 4036 ejus
973 3963 1104 4029 babeant,
1117 3965 1146 4016 in
1154 3982 1234 4034 quern
1244 3981 1323 4014 rene·

284 4059 362 4122 tiare,
385 4051 459 4124 quod
477 4047 603 4104 accidere
616 4065 670 4102 nou
691 4061 780 4121 potest
824 4047 913 4102 &ium
923 4056 1032 4120 parant,
1045 4043 1137 4117 quales
1145 4056 1205 4097 suut
1213 4041 1321 4114 capillis
