3000 4674
504 353 557 424 ΙΝ
580 357 828 429 ECLOGAM
851 359 925 432 111.
1173 375 1232 442 261

192 461 332 549 ‘simplici
344 491 470 536 caussa:
486 480 656 556 materiali,
677 486 749 564 quia
763 502 837 547 sunt
849 486 953 568 fagina
966 511 973 549 :
986 488 1151 562 efficienti.
1164 497 1238 576 quia

196 551 235 611 ab
254 555 486 624 Alcimedonte:
507 563 649 643 fortnali,
671 574 745 652 quia
761 588 792 634 et
805 574 889 636 facta
906 593 1012 651 torno,
1033 596 1064 640 et
1081 581 1190 642 caelata
1204 585 1238 643 in

195 642 347 708 ambitum
365 649 498 730 hedera,
521 659 692 740 corymbis,
713 663 789 735 vite:
813 665 898 724 intus
911 663 1056 729 humanis
1068 669 1199 754 figuris:
1220 692 1238 732 a

193 725 297 808 finali,
317 756 372 796 seu
392 744 495 821 potius
512 764 528 801 a
546 747 714 825 negatione
733 750 854 827 linaiis,
873 756 946 834 quia
968 757 1072 817 nullus
1091 757 1239 820 hactenus

195 834 304 881 eorum
323 845 405 888 usus.
426 829 517 906 Sunt,
540 836 595 914 qui
615 836 648 894 in
668 835 729 897 hoc
748 860 838 900 versu
859 837 1047 926 hypallagen
1069 859 1239 927 agnoscant

192 904 303 970 istam:
320 935 383 976 non
399 917 524 980 admovi
540 921 625 982 labra
641 926 779 1006 poculis,
792 927 824 987 id
839 943 900 1004 est,
912 929 1007 992 labris
1020 934 1144 1014 pocula.

231 993 280 1072 44.
300 1002 370 1066 Νοη
392 1022 437 1067 est
454 1011 606 1072 Damoeta
627 1015 658 1072 in
678 1017 802 1091 animo,
822 1016 956 1096 objicere
974 1019 1086 1102 pocula
1106 1019 1238 1082 formnae

192 1091 386 1169 certaminis,
408 1093 460 1156 sed
475 1096 588 1158 ductus
602 1099 704 1180 gloria
720 1115 853 1164 ostentat
868 1125 993 1187 quoque
1009 1129 1078 1168 suas
1092 1128 1183 1190 opes,
1199 1130 1239 1170 ne

192 1173 225 1236 in
242 1173 304 1238 hoc
320 1181 360 1240 ab
376 1183 474 1246 altero
488 1201 660 1268 superetur.
674 1191 785 1272 Itaque
806 1195 865 1253 ait:
884 1210 956 1256 sunt
972 1199 1065 1257 etiam
1080 1197 1157 1258 mihi
1174 1197 1238 1258 duo

191 1266 320 1344 pocula,
335 1285 366 1330 et
379 1272 463 1334 facta
481 1273 521 1336 ab
539 1275 770 1353 Alcimedonte,
789 1281 904 1361 quibus
920 1281 1069 1346 acanthus
1084 1284 1189 1346 mollis
1202 1306 1238 1346 ex

193 1355 274 1414 mira
286 1369 351 1418 arte
363 1363 481 1422 circum
493 1383 585 1423 ansas
603 1363 736 1426 ducitur.
750 1370 785 1428 ln
799 1369 903 1430 medio
915 1386 962 1431 est
971 1371 1131 1453 Orpheus3
1145 1372 1239 1452 sylvae

193 1438 285 1504 illum
297 1465 485 1529 sequuntur3
500 1452 645 1514 nondum
658 1454 721 1516 illis
734 1456 811 1517 bibi.
833 1459 905 1535 Sed,
921 1475 1001 1534 esto,
1014 1482 1078 1521 non
1092 1459 1238 1520 haberem

192 1525 260 1590 baec
273 1535 403 1614 pocula,
416 1539 530 1622 quibus
547 1541 604 1601 tibi
618 1563 676 1624 par
690 1563 775 1618 sum;
795 1560 893 1622 certe,
907 1549 933 1606 si
948 1563 1066 1630 spectes
1082 1547 1122 1608 ad
1136 1569 1238 1608 meam

191 1620 341 1700 vitulam,
354 1639 384 1686 te
397 1647 526 1708 supero:
539 1651 575 1691 ac
587 1629 701 1692 frustra
715 1647 782 1694 tum
795 1634 904 1697 laudes
918 1653 969 1698 tua
983 1638 1106 1719 pocula.

230 1707 279 1789 49.
301 1713 452 1778 Proeclara
476 1723 666 1802 excogitatio
687 1737 798 1804 poetae.
824 1728 1052 1788 provocaverat
1073 1729 1235 1788 Damoetas

191 1793 382 1880 Menalcam,
394 1806 427 1864 in
442 1827 478 1867 eo
492 1829 597 1886 versu,
610 1812 652 1872 uis
663 1833 731 1894 erqo
746 1815 820 1874 inter
831 1835 899 1890 nos,
913 1829 983 1893 eto,
998 1819 1113 1898 pignus
1127 1835 1238 1898 posue·

191 1899 253 1964 rat,
270 1909 304 1949 ea
316 1889 442 1955 demum
458 1900 564 1959 omnia
578 1899 707 1979 fecerat,
725 1923 794 1984 quas
811 1917 882 1963 sunt
899 1908 1126 1986 provocatoria.
1146 1907 1236 1966 Nunc

186 1973 253 2054 jam
262 1981 421 2044 Menalcas
432 2006 499 2046 sese
507 1987 584 2050 facit
595 2005 835 2072 provocantem,
848 2015 947 2075 quum
959 1994 1066 2056 videat
1074 2015 1137 2055 non
1147 2013 1237 2075 posse

189 2079 346 2130 certamen
358 2073 551 2158 subterfugi,
563 2091 593 2138 et
605 2071 782 2142 adversario
793 2103 908 2143 nomen
920 2083 1031 2164 objicit
1043 2083 1238 2158 formidinis,

189 2174 250 2214 non
268 2158 404 2242 etffirqies,
425 2187 487 2246 quo
507 2169 652 2227 timorem
674 2170 822 2247 incutiat,
842 2185 871 2231 et
890 2171 997 2232 addit:
1018 2177 1147 2246 verrium,
1167 2193 1237 2253 quo-

186 2263 302 2323 cunque
315 2255 442 2327 vocaris,·
459 2255 490 2314 id
507 2269 568 2332 est,
587 2255 627 2316 ad
644 2279 868 2341 quemcunque
886 2260 936 2321 vel
953 2261 1073 2333 iocum,
1091 2261 1139 2321 vel
1151 2259 1235 2340 judi-

189 2353 272 2407 cem,
284 2337 332 2397 vel
341 2343 568 2406 conditionem.
578 2347 713 2408 Tantum
723 2364 816 2430 opto,
826 2349 934 2410 audiat
942 2351 1098 2430 nosjudex
1108 2350 1236 2431 aliquis,

188 2420 238 2480 vel
253 2423 410 2488 Palaemon
423 2431 505 2513 ipse,
526 2437 578 2514 qui
589 2432 655 2514 jam
668 2436 810 2512 advenit3
829 2457 897 2510 ecce
911 2435 1011 2497 illurn.
1032 2436 1235 2518 Confringam

190 2509 223 2567 in
244 2525 405 2592 posterum
420 2517 601 2598 audaciam,
621 2537 652 2582 et
671 2523 807 2585 efficiam
823 2545 862 2586 ne
881 2525 1040 2613 deinceps,
1057 2545 1121 2584 non
1139 2522 1235 2583 modo

188 2617 253 2675 me,
268 2599 319 2659 sed
335 2624 436 2688 neque
450 2629 640 2691 quemquam
658 2611 753 2674 alium
766 2635 930 2700 provoces.

226 2687 274 2747 52.
288 2687 372 2764 Quin
383 2706 415 2754 tu
427 2715 498 2776 age,
512 2712 647 2760 certator
656 2721 785 2780 magne,
798 2702 905 2785 profer
915 2700 953 2762 ad
967 2715 1094 2762 cantum
1103 2745 1112 2776 ,
1122 2701 1146 2762 si
1158 2697 1235 2783 quid

185 2770 261 2834 boni
279 2774 430 2858 didicisti,
449 2799 527 2866 puto
544 2789 627 2846 enim
644 2805 674 2848 te
693 2789 773 2852 nihil
791 2788 904 2852 babere
921 2793 1071 2852 eximium
1089 2787 1235 2854 ateste}-

186 2859 267 2940 lens,
289 2887 347 2948 ego
367 2870 446 2934 nibil
468 2875 681 2940 immorabor:
708 2900 764 2942 nec
784 2893 814 2942 te
831 2880 936 2963 fugio,
957 2900 1014 2942 nac
1033 2899 1234 2962 quemquam.

219 3024 263 3090 44.
277 3027 350 3078 Idem
362 3030 524 3088 Alcimedon.
543 3039 632 3090 irrisio
645 3052 685 3092 est
728 3045 836 3114 pientur
847 3061 907 3097 eum
920 3044 1019 3096 victum
1032 3057 1086 3090 non
1099 3056 1178 3110 posse
1191 3057 1233 3090 ce-

186 3100 407 3162 lactaiteratinne
415 3113 572 3166 verborum:
585 3130 610 3170 et
618 3119 684 3170 mire
729 3122 808 3189 dere,
820 3124 866 3193 qni
878 3123 916 3174 ita
927 3122 1007 3173 etiam
1021 3131 1083 3170 anta
1094 3129 1230 3168 certamen

185 3184 277 3236 omnia
298 3186 325 3236 in
346 3191 568 3260 vituperationem
587 3197 683 3262 trahit,
728 3214 767 3254 est
776 3195 1022 3253 consume-Vct
1030 3196 1085 3267 qui.
1096 3198 1229 3248 Venustus

186 3278 243 3332 qum
261 3262 305 3316 ille
322 3264 448 3322 laudavit.
469 3270 508 3324 Ac
529 3273 551 3322 si
568 3272 681 3326 diceret:
728 3279 795 3329 mira
820 3280 889 3330 inest
913 3276 977 3328 huic
998 3272 1154 3346 particula,
1180 3291 1231 3344 pro

183 3353 263 3412 putas
272 3354 297 3395 ta
308 3344 395 3398 solum
404 3346 504 3401 habere
514 3350 627 3420 pocula:
640 3353 682 3403 cui
727 3357 816 3406 etiam.
827 3383 861 3394 -
872 3351 922 3406 Vel
929 3353 985 3423 qui.
999 3353 1083 3418 Quasi
1095 3353 1232 3424 requiren-

183 3423 255 3474 enim
267 3421 424 3478 Alcimedon
435 3445 489 3479 non
501 3429 581 3481 fecit?
592 3443 620 3482 tu
633 3447 682 3499 pro
728 3436 761 3486 tis
776 3444 829 3499 est,
851 3449 932 3502 quum
951 3430 1041 3482 subito
1058 3433 1129 3484 venit
1152 3431 1232 3484 Pala:-

183 3503 334 3555 reverentia
343 3522 376 3556 ea
385 3521 438 3557 non
450 3508 535 3578 tangis
546 3530 552 3557 :
563 3527 612 3580 ego
622 3508 682 3562 ideo
728 3530 800 3564 mon.
816 3509 867 3562 Alii
882 3509 1063 3582 distinguunt:
1078 3509 1119 3564 vel
1131 3513 1177 3583 qui
1190 3530 1233 3563 ve·

184 3581 249 3651 quia
258 3580 322 3634 vilia
333 3600 390 3634 esse
403 3585 533 3636 existimo.
546 3585 618 3638 Serv.
728 3592 776 3642 nit.
790 3591 860 3642 Bana
873 3602 961 3644 autem
978 3589 1099 3658 dubitat,
1121 3611 1153 3646 ac.
1170 3610 1231 3644 eum

218 3660 261 3728 49.
271 3660 418 3734 Nunquam
428 3663 505 3716 bodie
512 3664 633 3738 effugies.
643 3668 683 3719 Ne
728 3673 786 3742 ipss
799 3671 938 3722 immisisse
945 3669 1087 3735 videatur,
1096 3685 1122 3724 et
1131 3673 1164 3724 sit
1174 3691 1234 3726 cre·

184 3741 345 3796 contendas:
360 3746 542 3798 excusationes
553 3749 681 3817 requiris:
729 3750 812 3803 dibile
831 3749 905 3820 quod
924 3749 959 3802 ad
977 3753 1034 3820 ejus
1049 3750 1154 3821 judicet
1173 3772 1231 3825 gra·

182 3837 236 3872 non
249 3823 312 3891 quia
326 3825 438 3877 aestimas
452 3826 517 3878 vilia
528 3827 636 3899 pocula.
650 3855 683 3868 -
729 3831 866 3884 tiamlloc
875 3833 954 3883 etiam
962 3831 1231 3900 Damoetassentiens,

184 3899 212 3954 V
208 3900 305 3953 eniam.
318 3903 485 3958 Descendam
497 3909 525 3958 in
537 3919 682 3960 certamen.
728 3910 801 3964 dicit.
820 3941 854 3950 -
864 3911 920 3962 Nec
929 3929 1090 3986 quemquam
1096 3911 1186 3985 fugio.
1199 3915 1231 3966 Id

218 3980 682 4042 5⁰.Audiatltoectuntum.Subaudi
723 4003 785 4065 ¹est,
809 3992 948 4042 consentio
968 3989 1003 4042 ad
1023 4009 1083 4043 eum
1096 3989 1230 4060 judicem,

183 4058 287 4132 aliquis.
304 4063 418 4124 Tantum
431 4082 534 4136 autem,
549 4071 613 4142 quia
626 4087 683 4124 sus·
727 4088 807 4142 quem
819 4083 848 4124 tu
859 4072 917 4144 ipse
931 4069 1014 4146 eligis.
1028 4072 1096 4126 Serv.
