2986 4694
249 329 310 406 104
493 321 527 384 Ρ.
552 317 786 386 vtncrmt
810 317 1045 386 utnotus

146 499 150 504 -
244 450 310 516 Seu
322 469 416 526 vero,
430 463 468 511 ut
479 443 670 534 perhibent,
684 443 791 510 lomna
804 443 1070 531 quum„vinceret
1081 443 1204 524 omnis,

244 558 286 620 Et
298 551 437 640 cupidos
449 569 576 642 quaestu
589 550 711 640 passim
722 550 879 638 spoliaret
890 565 1037 618 amantes
1049 574 1058 631 3

243 660 391 726 Piscibus
404 676 437 724 et
449 658 585 726 canibus
597 657 720 722 rabidis
733 656 850 722 vallata
862 673 1016 744 repente,

244 768 428 835 Horribiles
440 769 564 834 circum
576 765 659 832 vidit
672 789 707 832 se
719 767 834 832 sistere
847 767 980 838 formae.

243 879 320 942 Heu
333 877 462 967 quoties
474 877 589 940 mirata
602 896 707 940 notos
720 872 878 961 expalluit
889 875 994 938 artusl

220 1047 224 1056 ,
242 986 316 1072 Ipsa
329 1006 407 1048 suos
420 983 549 1073 quoties
560 979 628 1047 heu
640 979 811 1072 pertimuit
823 979 972 1046 latratus!

241 1093 328 1156 Ausa
341 1088 432 1180 quod
445 1105 494 1155 est
507 1088 626 1154 mulier
636 1099 761 1152 nur'nen
775 1083 928 1153 fraudere
941 1084 1096 1164 deorum,

241 1175 284 1262 Et
296 1196 416 1262 dictam
429 1195 552 1260 Veneri
565 1211 719 1258 votorum
732 1209 861 1256 vertere
875 1213 1007 1280 poenam
1021 1213 1028 1254 :

241 1303 363 1388 Quam,
378 1302 461 1366 mala
474 1298 649 1388 multiplici
657 1298 820 1389 juvenum
833 1296 925 1388 quod
938 1313 1038 1388 saepta
1050 1311 1180 1361 caterva
1246 1384 1249 1390 Ι
1262 1307 1293 1356 tt

242 1508 386 1564 annotatur,
398 1509 516 1552 immerite».
525 1529 557 1540 -
569 1501 606 1565 78.
619 1502 732 1565 spolier-et.
747 1502 800 1548 ata.
812 1501 945 1565 peputmu
956 1501 1185 1551 dorsetensem.
1196 1499 1294 1550 llelrett.

242 1591 353 1640 corrupte
364 1576 493 1640 proruisset
501 1574 669 1635 descripseram
678 1575 796 1620 recentior
807 1587 889 1619 mansu
899 1581 1010 1634 proceret.
1020 1597 1051 1610 -
1059 1588 1097 1636 79.
1108 1571 1219 1620 emetur
1228 1583 1251 1619 et
1258 1588 1295 1628 e.,

241 1651 266 1697 h.
277 1651 364 1697 belluis
374 1650 482 1703 marinis,
495 1645 620 1692 emendare
632 1647 656 1690 in
668 1659 763 1708 potet·
775 1657 816 1691 est.
827 1667 858 1684 -
867 1643 905 1690 8ο.
919 1643 1040 1692 Terribiles
1050 1645 1091 1692 alii
1102 1661 1139 1707 ap.
1153 1646 1266 1692 [oenum
1276 1643 1293 1690 l.

240 1739 277 1777 c.;
291 1721 354 1766 idere
368 1719 495 1764 emendat:
509 1721 639 1780 circumque
654 1719 739 1763 vulsus.
755 1717 810 1762 llot
824 1713 895 1777 vulgo
909 1715 964 1760 uidit
976 1715 1027 1761 sibi.
1043 1733 1085 1764 ras.
1101 1716 1197 1764 lleltatt.
1209 1720 1295 1764 circum

241 1791 298 1836 uidit
314 1803 351 1844 ts,
370 1803 414 1834 nee
427 1787 494 1834 male.
515 1787 595 1833 lleirts.
608 1790 671 1851 conj.
687 1787 748 1832 uidet
763 1785 884 1832 subsistere
899 1783 937 1831 vel
950 1785 1008 1831 videt
1018 1801 1042 1834 se
1054 1785 1247 1848 ur'stenfomit.
1262 1811 1295 1822 -

242 1863 280 1908 se.
300 1863 442 1922 pertimuisse
462 1859 559 1905 lutrense
578 1859 632 1905 edd.
652 1871 707 1905 rett.
724 1871 778 1905 tate
795 1855 893 1912 ndum,
910 1859 1000 1904 inseite.
1016 1883 1048 1896 ·-
1065 1859 1103 1904 83.
1122 1859 1188 1904 Aust
1205 1873 1295 1922 quoque

240 1931 341 1978 Tauium.
352 1929 424 1986 edit,
435 1931 517 1975 nereio
528 1929 600 1974 unde.
612 1931 675 1994 quod
685 1939 707 1975 et
718 1928 806 1976 mavult
818 1929 897 1974 licius.
905 1928 979 1984 -tt
988 1929 1093 1976 Edictum
1099 1941 1155 1976 rett.
1168 1928 1223 1976 edd.
1233 1943 1296 1974 non-

242 2001 322 2048 nullae.
331 2001 435 2046 Edictum
445 2015 487 2048 att.
496 2000 565 2046 Basil.
573 2001 632 2046 'l'uro
641 2010 752 2055 notorum,
760 1999 825 2062 quod
833 2011 857 2046 et
865 2001 939 2062 iprum
947 1997 1007 2046 illud
1014 1999 1176 2056 mehebebet,
1184 1999 1297 2048 mentia-

241 2075 282 2122 brt
289 2072 522 2128 barthiurmtcttent
529 2075 699 2120 notiematorcs
705 2107 713 2129 ,
725 2075 829 2136 quicum
837 2071 914 2136 Scylla
922 2084 1106 2118 consueverant:
1118 2087 1218 2135 quorum
1227 2088 1295 2136 pepo

241 2148 288 2192 sint
297 2147 404 2208 premio,
414 2157 515 2208 questus
524 2145 628 2191 decime.
639 2145 685 2192 Setl
694 2144 743 2192 rid.
755 2145 808 2190 Not.
818 2153 921 2190 averem
929 2143 1031 2207 predere
1042 2147 1105 2206 conj.
1120 2145 1198 2192 lleinu.
1210 2146 1294 2191 dictent

244 2217 330 2262 Veneri
339 2214 439 2262 illustrat
453 2231 481 2262 ert
491 2217 585 2262 Petron.
598 2217 635 2274 (e.
651 2217 692 2262 132
706 2229 763 2262 extr.
773 2217 793 2274 ),
806 2215 846 2261 ubi
860 2231 905 2260 em.
918 2216 971 2276 lpse
980 2223 1048 2278 puter
1061 2217 1146 2261 Veneri
1157 2216 1223 2262 dietis
1234 2217 1294 2279 lipi-

240 2302 310 2334 curus
326 2289 349 2332 in
364 2284 434 2332 ltortis
446 2287 526 2332 Jrrtsit.
548 2287 595 2346 Qui
613 2289 721 2350 sequitur
737 2285 802 2332 loeus
817 2287 856 2332 rit
872 2303 883 2332 a
901 2287 977 2348 prime
993 2284 1181 2348 interpolationis
1197 2299 1294 2334 auctore

240 2359 361 2421 proiectus
379 2371 420 2406 est.
439 2359 540 2422 ptmdrrm
558 2357 597 2405 rel
611 2368 700 2422 purtem
716 2360 785 2406 etium
800 2359 838 2404 Je.
854 2357 978 2404 Seluedet.
992 2351 1056 2420 conj.
1072 2381 1104 2398 ι·-
1115 2358 1153 2405 tt.
1167 2357 1204 2406 86-
1219 2357 1294 2416 Quen

241 2519 360 2594 phitrite.
378 2521 449 2574 Olim
467 2522 501 2574 etl
517 2523 630 2596 Scyllam
649 2537 745 2577 nautas
792 2523 913 2576 solvendi
926 2541 1020 2575 caussa
1033 2522 1132 2574 Veneri
1144 2519 1294 2576 destinare*

242 2599 389 2654 laniantem
412 2599 579 2666 referebam,
606 2615 635 2654 ut
660 2605 745 2656 multo
790 2615 865 2666 rent,
886 2601 921 2653 ad
937 2601 1069 2673 puellam,
1088 2620 1147 2673 que
1164 2616 1294 2673 questum

242 2679 372 2751 sanquine
383 2680 539 2730 misceretur
551 2699 634 2734 mute.
790 2680 1114 2754 faciebat,apportabant.
1123 2681 1240 2754 Scaliger
1249 2682 1295 2735 eli-

279 2775 352 2827 77....
366 2759 409 2813 88.
424 2758 483 2810 Sive
495 2759 580 2830 Scylla
591 2761 642 2812 fuit
654 2761 746 2832 puella
790 2773 831 2812 ter
845 2764 966 2832 aceepit:
988 2757 1085 2814 neutris
1100 2779 1174 2813 mere
1187 2762 1295 2815 Graeco·

243 2839 344 2892 eximite
353 2838 520 2907 lormae,qnae
531 2842 652 2910 corporis
662 2857 747 2910 quas·
794 2857 891 2904 «mm,
912 2839 1031 2894 debitam
1054 2839 1205 2894 mercedem
1226 2864 1232 2892 ι
1257 2861 1292 2896 aa

243 2930 300 2969 turn
313 2918 386 2982 feeit,
395 2931 421 2968 et
430 2918 556 2969 evenere
564 2919 591 2970 in
598 2933 746 2971 monstrum
794 2919 889 2990 equod
901 2918 989 2971 noluit
1001 2918 1153 2990 persolvere
1166 2919 1293 2975 decumus

243 2998 374 3048 marinum
388 3008 426 3048 est
438 3008 549 3048 mutata.
793 3023 805 3044 ι
817 3012 932 3070 questus
942 3001 998 3064 sui,
1012 3017 1078 3070 quas
1090 3011 1199 3052 voverat
1209 3001 1296 3053 Vene-

280 3077 322 3130 83.
337 3076 379 3143 84.
394 3077 522 3140 Luserat,
534 3076 674 3132 adhorum
684 3098 745 3150 poe·
793 3083 853 3133 «rii
873 3079 919 3134 sed
938 3093 1001 3132 tunc
1022 3080 1117 3132 melius
1140 3079 1292 3152 legeretur:

243 3170 331 3211 terum
354 3167 483 3216 mentem,
510 3153 598 3228 Scylla
622 3161 746 3212 meretrix
792 3171 945 3226 «euertere,
967 3179 1015 3226 an,
1036 3159 1110 3230 qued
1126 3159 1220 3213 melius
1238 3173 1293 3226 est,

242 3255 357 3300 numen,
376 3235 574 3288 interveniendo
593 3249 619 3289 et
634 3237 745 3290 interei-
793 3240 965 3294 «mercedem
982 3261 999 3294 a
1012 3240 1157 3310 juvenibus
1175 3243 1293 3312 accipie*

242 3316 343 3389 piendo
350 3333 455 3388 poenam
465 3326 582 3367 votorum
590 3317 687 3370 tlictnm
697 3319 724 3372 V
720 3338 746 3370 e-
793 3321 875 3387 ebat,
883 3324 993 3393 juvenes
1006 3323 1078 3392 ipsos
1091 3320 1267 3374 excludebat?
1278 3345 1290 3368 ι

241 3397 300 3448 neri
312 3415 327 3448 a
338 3393 495 3465 juvenibus,
513 3413 581 3466 quot
594 3397 640 3450 ille
653 3417 743 3451 amore
789 3404 851 3462 llaze
861 3401 979 3475 Scaliger
990 3423 996 3454 ι
1009 3401 1056 3454 ted
1067 3403 1094 3453 in
1107 3414 1193 3472 poeta
1203 3403 1292 3458 verbis

243 3477 284 3528 sni
301 3475 440 3526 irreticrat.
458 3475 492 3523 Ut
509 3477 563 3526 voti
577 3494 635 3530 reus
646 3477 743 3549 aliquis
789 3483 832 3536 virt
850 3501 883 3535 ea
902 3481 994 3534 latent
1014 3480 1128 3551 Scyllam
1148 3481 1182 3534 de
1201 3496 1308 3534 scorto.

243 3555 356 3616 dieitur,
366 3554 557 3616 cui,ettccessu
568 3557 702 3623 secundo,
712 3577 744 3610 ex
789 3579 872 3614 avaro
889 3562 970 3615 etiam
987 3559 1137 3612 Heraclitus
1154 3559 1188 3614 tle
1202 3562 1291 3616 luere·

241 3645 306 3688 toto
318 3631 494 3702 persolvenda
505 3649 581 3700 aunt,
593 3654 651 3706 quae
661 3655 744 3690 vove·-
789 3639 844 3692 dib.
858 3657 918 3710 cap.
933 3657 947 3690 a
961 3641 1092 3710 exposuit.

242 3727 301 3768 rat:
321 3713 359 3764 sic
375 3727 477 3784 spectet
493 3734 571 3786 poeue
588 3713 622 3766 ad
641 3728 745 3768 rentum
824 3721 897 3774 st...
916 3721 958 3772 88.
974 3719 1062 3787 Quum
1076 3722 1171 3773 merito
1184 3721 1232 3776 tali
1247 3743 1292 3777 rn-

243 3795 470 3866 qutrtitoturum,
488 3794 585 3864 quibus
600 3794 744 3866 seolrliga·
787 3817 863 3852 more
886 3799 1013 3852 infamem
1039 3801 1140 3868 fuisse,
1164 3815 1290 3874 reeteque

241 3885 335 3928 verant
349 3873 460 3938 Veneri,
478 3891 590 3944 queque
604 3874 656 3942 ipsi
672 3891 743 3926 nuuc
788 3878 856 3932 adeo
866 3871 913 3931 illa
922 3879 955 3932 de
966 3899 998 3934 ea
1007 3893 1116 3934 narrate
1125 3899 1197 3944 esee,
1208 3895 1290 3934 testa-

242 3951 518 4025 erantpersolvenda;
527 3949 691 4021 sedjuvenes
701 3971 742 4018 ea,
787 3970 831 4010 tur
843 3957 1024 4031 l’alaeplratns‚
1039 3959 1128 4031 qnod,
1145 3973 1222 4033 septe
1233 3982 1290 4014 me·

243 4055 302 4108 qnae
320 4053 353 4088 ex
370 4045 434 4085 voto
454 4029 603 4096 debebant,
623 4045 669 4084 aut
686 4036 743 4087 voti
786 4040 870 4090 retrix
881 4039 1023 4112 multiplici
1031 4041 1157 4111 juvenum
1169 4055 1290 4110 caterva,
