2738 4670
218 398 267 460 lN
293 391 682 459 GEORGICORUM
706 383 799 456 Ltss'.
825 395 874 458 11.
1001 401 1063 490 495

12 519 44 579 le
59 515 189 600 quibus
201 519 295 578 etiam
308 519 368 592 ait,
379 513 467 575 nulla
477 534 566 596 paene
581 513 761 574 mortalium
774 536 850 577 cura
864 515 1016 601 indigere,
1031 539 1067 585 ut

12 610 161 666 trimum
177 606 238 667 illae
250 619 381 688 egerunt
393 604 510 664 radices
525 601 639 662 firmas.

47 694 131 774 429.
147 696 251 754 Tertio
268 693 366 776 gradu
381 691 523 774 loquitur
537 691 576 750 de
591 689 755 751 arboribus
770 691 981 774 sylvestribus,
998 722 1069 785 quae

12 785 112 843 etiam
125 803 185 843 suo
195 803 326 865 quasque
336 801 448 864 genere
457 781 570 840 feraces
581 794 668 854 suut,
682 795 711 840 et
720 779 797 840 ioetu
809 785 961 863 gravidae‚
974 793 1069 851 etiam

15 874 77 934 ine
93 869 234 930 cultura.
253 869 341 930 Tales
361 884 434 930 sunt
452 866 596 944 arbores,
614 887 683 949 quae
697 869 838 950 praebent
852 871 944 932 nidos
961 879 1071 938 avibus

20 983 63 1021 ex
84 975 168 1020 nota
186 960 239 1020 illa
252 961 419 1043 sanguineis
431 958 538 1033 baccis,
559 957 685 1018 videtur
697 959 826 1019 innuere
840 963 1001 1042 arbatum,
1017 981 1072 1027 aut

14 1050 159 1110 imilem
179 1051 362 1132 quampiam
382 1048 564 1127 arborem):
584 1049 660 1107 tales
683 1049 788 1128 cytisi,
809 1051 863 1131 qui
884 1053 1012 1134 plurimi
1037 1058 1072 1117 in

12 1161 84 1222 tgro
102 1155 358 1222 prouascuntur,
374 1137 586 1198 attondentur
600 1159 616 1196 a
635 1158 765 1219 pecore:
786 1140 863 1200 tales
874 1144 982 1223 piceoe,
1002 1167 1072 1228 quae

12 1232 114 1290 tlenae
128 1211 297 1305 faedarum,
309 1229 391 1288 unde
402 1227 485 1288 faces
496 1241 659 1289 nocturuae
669 1245 847 1311 pascuntur,
859 1231 889 1290 iti
901 1246 957 1307 est,
969 1255 1073 1294 accen-

12 1321 158 1396 luntttr,
176 1339 247 1400 quae
263 1339 300 1379 ex
318 1340 350 1379 se
366 1318 506 1379 fundunt
523 1318 629 1378 lumen
644 1319 676 1376 in
689 1337 764 1376 usus
779 1320 996 1400 agricolarum.
1012 1325 1072 1383 llic

12 1427 151 1489 guoque
170 1406 285 1467 desinit
302 1428 334 1465 tn
354 1406 676 1481 admonitiunculam,
695 1426 757 1488 qua
775 1406 977 1487 reprehendit
992 1432 1074 1470 mor·

12 1495 109 1568 alea,
136 1494 387 1576 qui,allucente
403 1509 491 1554 tanto
509 1496 658 1562 arborum
673 1495 856 1570 commodo,
877 1493 959 1554 hanc
975 1513 1074 1556 artem

12 1583 200 1662 negligunt.

51 1669 133 1746 434.
147 1673 251 1732 Haeret
261 1674 413 1754 superiori
425 1675 616 1748 narrationi,
629 1675 727 1733 immo
737 1670 825 1731 illam
839 1687 968 1732 renovat
981 1675 1075 1734 inter·

12 1764 129 1846 posita
145 1763 407 1844 interrogatione,
426 1765 623 1846 cucurritque
639 1763 794 1845 pervarie
812 1761 1012 1844 sylvestrium
1030 1784 1077 1822 ar-

12 1855 138 1913 borum
155 1872 283 1931 genera,
298 1854 457 1913 interdum
470 1855 564 1913 etiam
578 1853 746 1928 fruticum,
765 1872 896 1926 narrans
911 1851 1076 1926 utilitates,

12 1963 90 2024 quae
108 1944 303 2022 proveniunt
317 1965 353 2004 ex
369 1943 514 2025 singulis.
531 1944 613 2025 llrgo
629 1945 692 2002 ait:
709 1942 785 2024 quid
801 1943 940 2000 insistam
957 1943 987 1999 in
1002 1961 1075 2001 nar·

12 2025 133 2088 randis
143 2031 320 2091 commodis
330 2031 488 2113 majorum
499 2027 659 2107 arborum,
668 2051 766 2113 quum
776 2029 1077 2110 salices,etgenistae,

12 2120 119 2178 etiam
141 2120 167 2177 si
188 2116 338 2198 humiles,
358 2121 493 2183 afferant
512 2137 647 2203 quatuor
665 2139 794 2200 magnas
813 2117 980 2178 utilitates:
1001 2139 1077 2178 nam

12 2203 169 2288 praebent
182 2205 327 2268 frondem
341 2213 446 2291 pecori
464 2209 503 2270 ad
519 2222 659 2290 pastum,
679 2204 825 2267 umbram
840 2206 1022 2292 pastoribus
1037 2207 1078 2266 ad

14 2357 102 2406 sumit
113 2373 167 2426 pro
178 2357 242 2426 ipsis
253 2359 403 2410 arboribus.
415 2360 532 2412 Arbores
578 2379 593 2411 a
605 2358 690 2432 Cytho
703 2357 799 2421 insula,
808 2356 854 2408 ubi
865 2356 1018 2425 abundant,
1030 2375 1079 2409 uo·

14 2436 179 2505 frugifera,
192 2437 269 2488 simul
283 2457 313 2489 ac
326 2459 340 2489 e
353 2440 495 2491 seminario
506 2441 532 2490 in
577 2441 685 2490 minata.
705 2440 775 2490 Sera.
794 2464 826 2477 -
845 2437 885 2488 De
909 2438 999 2508 Cytiso
1017 2436 1078 2490 uide

14 2516 114 2566 locum
136 2533 213 2566 suum
235 2519 328 2588 positae
346 2531 425 2584 sunt,
444 2520 533 2590 vigent
578 2518 650 2589 apud
671 2517 735 2568 Plin.
762 2517 836 2580 lllll,
861 2517 913 2587 475
940 2519 1028 2584 xvtt,
1045 2519 1079 2581 ὂς

15 2596 146 2668 propriis
159 2597 273 2660 viribus,
287 2612 313 2650 et
323 2597 397 2650 nulla
410 2617 474 2651 cura
484 2599 532 2650 bo·
577 2595 634 2648 Col.
644 2599 683 2664 V,
700 2615 743 2658 ¹²5
754 2597 818 2662 Vll,
830 2596 855 2647 6.
869 2597 1006 2669 Spranpel,
1017 2597 1080 2667 (An-

16 2678 144 2736 minum,
153 2689 249 2745 sponte
258 2696 322 2745 sua,
332 2679 359 2729 in
368 2677 450 2730 altum
463 2697 532 2732 cres·
577 2677 624 2746 tiq.
636 2677 730 2728 Boum.
743 2673 858 2746 Specim.
869 2675 896 2739 l,
910 2674 958 2744 3),
972 2675 1081 2729 demon·

19 2767 98 2808 cunt.
113 2755 144 2809 V
142 2792 148 2804 .
166 2755 197 2807 G.
576 2769 655 2822 strat,
675 2758 765 2808 omnia
784 2773 841 2826 quae
858 2754 891 2808 de
913 2755 1001 2828 Cytiso
1019 2777 1081 2810 nar·

57 2835 529 2910 429.Foetunemusomneprauescit.
576 2850 669 2889 rentur
693 2856 753 2890 cum
784 2837 877 2888 liunei
906 2836 1080 2911 tuctlicagoue

20 2917 115 2979 Fortu,
130 2913 160 2965 id
175 2927 228 2981 est,
246 2915 378 2969 utilitate:
395 2935 456 2968 nam
475 2936 531 2968 om·
577 2917 691 2972 arborea
701 2918 1003 2971 comenira-l'oedas.
1016 2921 1082 2970 llus-

21 2997 65 3046 nis
80 2992 185 3044 utilitas
197 2995 277 3046 ioetus
289 3009 346 3046 est:
362 2995 426 3047 illuc
443 3010 532 3049 autem
577 2998 676 3050 tatbius
686 2998 720 3050 ad
730 2999 824 3070 Odyss.
833 2999 1000 3064 xv111,306:
1013 2998 1079 3049 Plio.

21 3075 115 3127 tendit
139 3073 198 3123 laus
219 3076 267 3125 ista
288 3076 433 3142 silvarum,
455 3092 485 3128 ut
506 3091 532 3130 et
577 3079 713 3148 xvtt‚37‚
722 3097 815 3130 omnes
826 3078 936 3130 arbores
946 3078 1006 3147 pice
1014 3095 1081 3147 prta-

22 3153 128 3226 probet
141 3169 196 3202 non
209 3155 304 3204 mirum
321 3174 393 3221 esse,
409 3157 431 3207 si
444 3169 469 3208 et
482 3177 533 3228 po·
579 3158 648 3212 ditas
657 3159 820 3216 astronomia
828 3155 991 3228 pinguedine
1000 3158 1026 3206 in
1036 3169 1081 3208 tae·

24 3254 72 3288 ma
86 3245 113 3284 et
127 3230 203 3284 olivae
215 3233 271 3285 sine
286 3233 340 3287 ulla
352 3237 456 3290 cultura
468 3258 534 3310 prae-
579 3238 641 3292 dam
663 3238 823 3310 degenerare
841 3255 849 3286 t
872 3234 991 3286 creditur
1011 3235 1081 3288 taeda

24 3317 202 3372 beantur3et
215 3327 316 3365 crescat
328 3317 421 3367 vitium
431 3319 534 3389 vitupe-
578 3321 660 3370 fuisse
684 3317 811 3368 italorum
837 3315 958 3376 cenom
979 3315 1081 3368 Liuntci

26 3395 117 3458 ratio,
134 3393 206 3443 circa
219 3410 285 3462 quus
299 3406 387 3447 tantus
400 3395 534 3468 impendi·
579 3401 658 3452 Pinus
670 3397 793 3450 Cambra.
806 3395 838 3450 V.
854 3397 885 3448 G.

28 3473 536 3550 turlabor.Sero.-Gravescit.Aprae-
615 3479 675 3546 434.
692 3476 862 3548 Humilesque
877 3486 994 3549 qenestoe.
1012 3477 1082 3540 Peri

28 3553 178 3631 guantibus
198 3566 285 3606 sumta
308 3555 473 3626 metaphora.
496 3560 536 3610 lta
579 3558 721 3623 nonnulli,
745 3556 793 3610 sed
817 3557 969 3626 antiquiora
991 3561 1083 3612 omnia

31 3633 349 3710 supra,9rauidasfmqes.
358 3635 534 3688 Prudentlib.
581 3639 743 3713 exemplaria
752 3649 873 3712 qenestoe,
886 3657 934 3709 per
947 3658 976 3704 e,
990 3641 1017 3692 in
1028 3660 1083 3713 Ρω-

32 3721 73 3784 ll,
94 3726 190 3768 contra
211 3711 358 3785 symmach.
375 3713 488 3786 gravidis
512 3735 538 3768 se
581 3740 615 3772 ne
628 3721 720 3772 ultima
732 3719 841 3791 legunt:
856 3719 895 3770 uti
908 3721 988 3772 etiam
1000 3738 1082 3792 supe·

33 3797 124 3852 vestiet
143 3813 231 3869 aequor
248 3793 338 3844 aristis.
358 3793 535 3865 Theophrast.
582 3801 637 3850 rius
650 3799 806 3851 adnotatum
820 3811 866 3852 est.
881 3799 949 3852 Pier.

32 3879 113 3930 Caus.
127 3877 153 3944 l,
165 3875 197 3937 6;
210 3873 243 3926 de
256 3873 413 3938 arboribus,
425 3871 537 3926 avinus:
618 3875 678 3944 435.
689 3879 744 3930 Aut
755 3878 857 3930 ittoe.1d
867 3891 920 3945 est,
932 3879 1028 3933 salices
1037 3893 1084 3935 aut

29 3957 100 4029 foetu
114 3955 235 4032 providis.
253 3956 365 4020 lterum,
384 3955 413 4022 m]
431 3949 538 4018 ι’γιύσυ,
582 3968 714 4028 genesta:
729 3958 805 4010 multi
819 3971 907 4010 mmeo
924 3958 1028 4012 ettilioe
1042 3958 1083 4011 le-

33 4048 121 4108 partu.
139 4038 179 4089 lta
195 4035 263 4088 illud
277 4059 283 4088 ε
300 4035 416 4110 parturit
425 4035 504 4088 arbos.
582 4048 663 4108 gunt;
676 4049 705 4088 ut
714 4039 765 4089 tria
775 4037 880 4110 dixerit,
889 4039 993 4108 salicas,
1003 4039 1084 4106 silias,

74 4115 135 4181 431.
143 4115 297 4169 Tondentur
305 4118 392 4188 Cytisi.
402 4115 538 4189 virgulta,
582 4130 609 4170 et
620 4128 750 4189 genesus.
760 4117 829 4170 Serv.
