2964 4690
343 399 666 469 commendante
681 397 726 463 IN
741 395 952 465 ecmelis
966 397 1006 466 X.
1139 399 1199 469 331

533 575 823 642 EXPLICATIO.

198 762 220 802 ι.
233 741 313 803 Petit
321 741 470 824 Virgilius
481 739 521 802 ab
532 739 700 817 Arethusa,
711 759 782 823 quse
792 736 950 822 Nympha,
962 756 992 801 st
1001 739 1071 802 lons
1082 737 1206 818 sic-ilia,

153 845 190 890 ut
205 833 321 914 aspiret
337 831 376 892 ad
391 848 563 893 extremam
575 829 662 892 hano
670 827 833 911 Eclogam,
852 829 886 888 in
904 851 967 912 qua
981 829 1114 892 dicenda
1127 853 1205 914 pau·

153 917 222 980 cula
232 921 372 981 carmina
383 922 413 981 in
425 923 557 1004 gratiam
569 917 652 980 Galli
665 943 672 979 ι
688 917 793 980 curde
804 913 906 977 haere
917 915 1064 998 Eclogam
1075 917 1205 996 condat,

153 1009 234 1068 ratio
254 1023 301 1070 est
318 1007 450 1092 duplex,
470 1022 508 1068 ut
526 1005 601 1068 hinc
622 1007 751 1090 Lycoris
773 1003 889 1065 habeat
913 1004 1206 1087 reprehensionem,

153 1093 229 1156 hinc
244 1096 354 1158 Gallus
367 1096 534 1159 solatium:
549 1097 651 1179 prima
663 1097 744 1156 ratio
757 1094 834 1154 latet
848 1094 882 1153 in
895 1091 974 1172 illis,
987 1095 1038 1156 sed
1049 1117 1115 1178 quae
1132 1091 1209 1176 legat

147 1189 216 1267 .ipsa
229 1189 368 1270 Lycoris:
382 1203 418 1248 ut
427 1187 510 1269 legat
522 1183 576 1246 illa
587 1185 717 1259 vulnus,
729 1181 816 1266 quod
827 1182 955 1265 indigne
966 1183 1072 1244 attulit
1084 1183 1208 1266 repulsa

155 1296 208 1334 sua
219 1287 284 1334 tam
294 1274 380 1336 bono
391 1277 525 1335 amatori
537 1299 544 1333 2
557 1274 654 1334 altera
667 1276 701 1334 in
710 1273 771 1334 illis
780 1296 787 1348 3
795 1285 878 1354 neget
886 1274 951 1355 quis
960 1276 1092 1333 carmina
1101 1269 1210 1336 Gallo?

154 1363 188 1423 id
203 1379 263 1438 est,
279 1367 349 1446 quis
362 1379 453 1447 neget
465 1363 527 1426 hoo
541 1362 722 1435 solatiolum
733 1361 943 1444 Galloiergo,
958 1360 1028 1424 fave
1040 1361 1209 1438 Arethusa,

155 1465 190 1511 ut
205 1450 333 1513 Gallum
347 1452 505 1528 consoler,
517 1465 553 1512 ut
566 1454 704 1535 Lycorin
719 1448 960 1533 reprehendam.

194 1536 224 1612 4.
235 1539 378 1602 Concede
387 1540 468 1605 mihi
478 1554 651 1602 extremum
660 1539 745 1601 hunc
754 1537 913 1616 laborem,
924 1541 968 1600 sic
978 1537 1111 1616 accidat,
1121 1536 1209 1622 quod

155 1630 386 1710 optatissimum
397 1645 458 1708 est,
473 1645 510 1692 ut
520 1629 681 1707 videlicet,
693 1627 814 1690 labenti
829 1629 885 1690 tibi
897 1629 1006 1690 subtus
1019 1651 1104 1690 mare
1116 1631 1209 1694 Doris

156 1737 262 1778 amara
282 1741 346 1780 non
368 1723 558 1782 misceatur:
581 1718 620 1782 sd
640 1717 831 1803 signandum
853 1741 939 1780 mare
958 1719 1096 1780 Doridem
1116 1717 1209 1795 dixit,

157 1805 300 1868 alludens
321 1809 360 1870 ad
383 1809 562 1894 Nympham
582 1808 794 1873 Arethusam:
814 1808 893 1870 alius
914 1824 1007 1891 poeta
1028 1808 1166 1869 diceret:
1190 1829 1209 1870 ο

155 1895 323 1975 Arethusa,
340 1921 405 1963 non
422 1923 456 1962 se
472 1901 530 1962 tibi
548 1922 634 1962 mare
650 1898 767 1961 salsum
780 1900 929 1960 misceat:
947 1913 1066 1982 quanto
1082 1897 1211 1975 melius;

156 2007 220 2046 non
233 1987 365 2051 seDoris
379 1993 506 2052 misceat
518 1989 692 2066 Arethusae,
705 2009 770 2052 non
784 1991 850 2051 Dea
862 1990 957 2049 maris
971 1985 1124 2072 Nymphae
1137 1989 1212 2048 Sici·

157 2073 225 2138 liae:
238 2098 312 2160 ergo
328 2081 448 2164 incipe,
461 2101 480 2140 ο
495 2077 660 2157 Arethusa,
676 2093 710 2140 ut
724 2101 797 2161 ego,
810 2093 841 2143 et
855 2093 960 2139 tuuna
973 2097 1112 2152 mecum,
1129 2075 1212 2137 dica·

157 2186 226 2226 mus
238 2187 360 2230 amores
372 2169 472 2248 Galli,
483 2170 598 2254 quibus
611 2185 676 2232 tarn
687 2171 777 2230 anxie
788 2184 916 2230 vexatus
927 2181 988 2228 est:
1000 2167 1085 2228 adest
1096 2188 1211 2249 oppor-

159 2254 275 2316 tunitas
295 2258 471 2340 inspirandi
490 2257 588 2320 mihi:
611 2279 696 2318 nuuc
714 2259 799 2318 enim
819 2255 897 2316 mihi
919 2269 967 2316 est
983 2257 1083 2314 otium
1101 2277 1119 2314 a
1135 2275 1213 2314 cura

157 2343 366 2424 capellarum,
377 2351 453 2430 quia
463 2369 550 2410 nunc
558 2363 743 2431 pascuntur.
756 2348 863 2408 Posset
872 2346 944 2428 quis
955 2343 1105 2424 objicere:
1117 2363 1210 2415 nemo

159 2441 190 2489 te
210 2431 327 2508 audiet,
345 2455 453 2496 rmus
466 2435 589 2516 perdes,
601 2435 734 2516 jaetabis
746 2435 887 2510 carmina
898 2433 986 2492 inani
1000 2431 1103 2493 studio
1114 2430 1211 2512 sylvis

159 2529 190 2576 et
206 2520 385 2581 meatibus:
406 2523 503 2583 solvit
518 2521 599 2584 hoo:
620 2543 700 2598 non,
720 2523 839 2604 iuquit,
860 2543 880 2582 o
892 2515 1053 2602 Nympha,
1072 2519 1212 2600 cauimus
1323 2581 1325 2584 .

159 2601 276 2681 surdis3
294 2605 389 2689 sylva
408 2609 476 2670 istas
494 2625 525 2672 et
537 2629 683 2689 nemora,
699 2629 838 2670 amorem
853 2607 937 2670 Galli
952 2609 1134 2668 miserantes
1147 2625 1212 2666 res·

158 2693 316 2776 pandent,
327 2698 464 2762 reddunt
473 2703 579 2763 omnia
591 2721 662 2786 quae
672 2700 820 2777 dicimus,
829 2697 915 2761 Echo
925 2699 1102 2760 remittente
1111 2715 1212 2758 voces.

618 2863 647 2926 N
652 2863 756 2926 OTAE.

199 3007 380 3065 antremm
389 3013 579 3068 inhumiles
587 3013 663 3088 qnod
707 3014 823 3068 calicum
834 3015 901 3080 fuit,
920 3011 978 3064 scil.
992 3011 1151 3082 scriptiones
1164 3005 1211 3059 sed

162 3085 226 3138 mihi
234 3087 399 3146 laboriosum
408 3095 527 3166 est(nam
535 3096 663 3162 seribere,
707 3108 829 3170 tempore
839 3096 913 3166 prius
926 3090 1052 3143 Buoolioo
1064 3091 1173 3159 quinto,
1185 3088 1211 3138 in

162 3165 235 3236 apud
244 3183 337 3240 poetas
345 3172 424 3226 ludus
432 3187 484 3238 est;
494 3187 537 3241 ut,
547 3186 573 3227 et
579 3176 664 3248 ipsum
709 3193 763 3247 quo
777 3173 863 3228 caedes
874 3173 985 3227 cesari·
996 3168 1117 3222 defletur.

161 3247 260 3300 Ludere
275 3269 333 3322 quoe
349 3252 441 3306 vellem
456 3253 558 3307 calamo
568 3256 664 3326 pemi-
746 3275 770 3309 a.
779 3258 848 3328 Ipsa.
858 3255 925 3323 Qun
933 3263 1022 3304 amata
1030 3251 1130 3322 sprevit
1140 3265 1213 3301 smo-

161 3328 308 3401 situqresti)
316 3330 362 3382 sed
370 3349 424 3384 rem
433 3333 481 3384 tibi
489 3333 664 3400 laboriosam,
709 3353 773 3388 rem.
781 3335 931 3405 -Lycoris
940 3333 991 3382 Pro
1003 3328 1137 3403 Cytherim
1150 3327 1214 3380 licet

163 3407 665 3485 seilicetutNymphavirginitategsu-
710 3417 780 3469 enim
793 3415 881 3486 poetis
897 3411 951 3464 aliu
964 3412 1074 3462 uomina
1087 3425 1137 3480 pro
1155 3407 1213 3462 aliis

164 3487 243 3552 dens,
263 3503 371 3560 praestes
387 3490 420 3544 dc
433 3491 570 3544 ausoribus
582 3494 666 3544 canti·
710 3513 820 3568 ponere.
833 3493 873 3545 De
885 3491 955 3543 Galli
968 3489 1104 3542 amoribus
1117 3489 1145 3540 hi
1156 3507 1215 3542 ver-

163 3571 261 3624 lenam.
273 3571 351 3624 Unde
359 3583 471 3645 etrogat
483 3571 589 3634 dicens,
601 3575 666 3626 esn-
711 3593 756 3628 sus
769 3571 974 3626 increbuerunt:
991 3569 1105 3622 «Gallus
1113 3583 1140 3622 et
1150 3571 1214 3623 iles·

163 3651 230 3705 cede.
242 3653 275 3703 Et
283 3651 433 3704 verecunde
442 3669 528 3724 pauca
536 3650 666 3724 postulat,
710 3657 793 3729 per-iis
800 3693 808 3722 ,
816 3668 842 3706 et
850 3651 942 3706 Gallus
950 3663 1030 3704 notus
1037 3651 1114 3715 Eois,
1124 3651 1157 3702 Et
1165 3669 1214 3705 sua

164 3745 191 3786 et
212 3748 271 3783 saur
292 3730 397 3801 adjurat
416 3731 505 3785 etiam.
529 3734 665 3786 invocatio
711 3751 773 3791 eum
783 3735 862 3790 Gallo
872 3747 937 3787 uota
946 3733 1055 3808 Lycoris
1064 3733 1147 3786 erit.»
1160 3735 1215 3786 No-

165 3831 225 3864 cum
235 3813 429 3884 propositione.
440 3812 472 3863 Et
481 3811 668 3864 Μαικία·
711 3817 772 3871 bilis
790 3819 854 3871 satis
870 3816 923 3868 fuit
934 3816 1067 3867 meretrix.
1086 3812 1165 3866 ovid.
1180 3815 1214 3867 de

165 3891 249 3943 Mrem
257 3903 347 3954 vocat,
355 3891 442 3944 ultimi
450 3892 574 3944 carminis
582 3893 666 3943 Boeo·
712 3911 828 3954 artem,
839 3899 888 3964 ln,
898 3895 948 3966 537
962 3917 968 3947 ι
985 3919 995 3943 ι
1005 3897 1107 3967 Vesper
1117 3906 1144 3948 et
1153 3894 1215 3946 ane

165 3971 210 4024 lici
221 3989 327 4044 poema.
336 3974 375 4026 lta
384 3973 511 4027 Hercules
520 3973 592 4046 apud
601 3975 665 4024 Pro·
711 3995 810 4031 novere
822 3975 953 4050 Lycorida
966 3985 1074 4027 terras.»

167 4053 339 4123 pert.1V,lll,
350 4069 388 4124 ¹7²
398 4065 489 4107 nostre
497 4053 667 4107 laborultime
748 4075 773 4128 7.
784 4057 870 4110 Simoe.
881 4055 1002 4108 Graecum
1013 4065 1053 4106 est
1062 4071 1159 4105 nomen
1169 4077 1175 4104 z
1186 4052 1215 4106 id

168 4132 255 4186 elaver.
275 4134 440 4187 Postremum
452 4147 542 4189 autern
554 4134 606 4188 hoc
619 4137 668 4189 bu·
713 4151 753 4192 est
763 4139 861 4210 pressis
871 4134 989 4190 naribus.
1001 4133 1078 4186 Unde
1089 4145 1115 4188 et
1124 4134 1214 4186 simias
