2986 4694
254 324 315 405 140
502 322 537 384 r.
560 318 792 385 vruornn
815 317 1077 385 utnours.

250 446 326 509 Non
339 443 494 534 equidem
507 467 546 510 ex
558 445 621 510 isto
633 444 761 533 speravi
774 465 913 532 corpore
926 465 1023 532 posse

250 552 332 616 Tale
345 551 469 617 malum
480 553 568 619 nasei
581 576 588 614 ι
602 553 723 631 forma,
736 552 787 616 vel
798 549 909 616 sidere
922 549 1027 616 fallor.

251 659 327 722 Non
339 681 393 722 me
405 657 530 726 deliciis
543 660 712 725 conmorit
725 658 812 744 regia
825 656 932 737 dives,

253 762 382 828 Coralio
395 764 515 854 fragili,
528 788 566 830 ac
578 764 701 830 electro
713 762 903 841 laerim0s0;

253 873 309 934 Me
323 894 390 935 non
402 873 557 939 florentes
570 872 689 962 aequali
701 893 841 959 corpore
855 867 1031 959 Nymphae;

252 976 328 1040 Non
340 994 448 1044 metus
460 980 627 1044 incensam
639 978 748 1065 potuit
760 977 903 1040 retinere
916 974 1066 1041 deorum.

254 1079 373 1148 Omnia
386 1086 463 1150 vicit
474 1108 586 1150 amor:
600 1082 682 1174 quid
694 1084 784 1148 enim
796 1105 864 1147 nou
877 1084 1024 1148 vinceret
1036 1081 1110 1144 ille?

253 1191 328 1254 Non
341 1190 422 1256 mihi
430 1191 499 1282 jam
513 1192 627 1280 pingui
640 1189 808 1255 sudabunt
818 1208 966 1278 tempora
978 1185 1125 1277 myrrha,

254 1299 408 1363 Pronuba
421 1323 482 1364 nee
494 1297 776 1364 esstos'udceudet
788 1299 886 1386 pinus
899 1295 1034 1374 odores,

254 1405 323 1472 Nec
335 1405 435 1497 Libys
447 1408 579 1496 Assyrio
592 1423 758 1472 sternetur
768 1405 910 1472 lectulus
923 1421 1023 1469 ostro.
1256 1410 1303 1469 tto

257 1595 342 1644 illatus.
353 1622 386 1634 -
395 1595 447 1653 432.
457 1597 548 1660 formu,
559 1598 596 1644 trel
609 1600 773 1664 sideresullor:
785 1599 822 1646 vel
834 1600 925 1661 speeie,
938 1595 976 1643 rel
987 1597 1043 1644 lato.
1054 1594 1137 1642 l‘utida
1147 1595 1234 1642 oratio:
1242 1592 1303 1639 iorte

250 1666 342 1729 fhrma,
351 1665 409 1728 proli
418 1668 506 1712 sidem!
512 1667 594 1730 fallor.
608 1671 635 1715 lo
645 1673 711 1716 Mire.
723 1671 789 1717 Obsi.
801 1669 853 1712 Vol.
867 1667 907 1722 tv,
917 1683 942 1730 p.
954 1665 999 1713 330
1010 1669 1085 1713 virum
1098 1665 1192 1710 doctum
1204 1675 1304 1710 tentasse

256 1736 327 1782 video
336 1752 342 1781 :
349 1736 434 1798 fomtoe
443 1736 480 1783 vel
486 1737 635 1801 siderejnllt':
646 1751 670 1784 ut
675 1738 760 1802 fonnoe
769 1736 830 1782 sidtu
841 1736 914 1781 iormu
924 1737 1013 1783 sidetes
1025 1739 1062 1783 sit.
1070 1737 1113 1782 Mt.
1124 1733 1220 1780 llelmst.
1225 1733 1305 1796 semu

255 1804 293 1850 vel
300 1803 444 1868 sidera-folle.
457 1831 489 1842 -
497 1807 551 1864 434.
561 1806 735 1872 Comltoftuqili
742 1823 769 1852 ue
777 1805 860 1852 eleseu
870 1805 1001 1854 lacrimose:
1012 1809 1042 1852 its
1052 1805 1145 1852 refinxit
1152 1819 1243 1852 vertum
1250 1805 1307 1848 Sea-

257 1876 317 1940 liger
331 1879 391 1936 (nee
405 1879 513 1936 indocte,
525 1882 595 1930 modo
607 1891 675 1946 utque
690 1879 834 1940 maluisset),
844 1895 917 1943 quum
930 1881 953 1924 in
964 1879 1048 1925 Aldina
1060 1889 1119 1923 esset
1128 1885 1158 1922 et.
1174 1878 1223 1922 Nec
1237 1874 1306 1921 aliter

258 1963 301 1994 ms.
315 1947 411 1996 llelrust.
424 1953 510 2000 Versus
520 1971 633 2017 procusos
643 1970 671 1999 eo
681 1951 764 2007 modo,
774 1967 822 2014 quo
833 1953 881 1996 AEu.
892 1951 960 2007 Vlll,
972 1948 1025 2006 40²·
1037 1947 1226 2014 quotifierifem
1238 1943 1306 2008 bitui-

258 2018 314 2064 dove
324 2029 397 2082 potest
410 2020 498 2070 eleseu
512 2026 558 2071 Etsi
570 2041 633 2070 nune
645 2022 753 2069 electrum
763 2023 884 2068 succinum
894 2033 940 2076 est,
952 2019 1007 2067 olins
1018 2023 1043 2066 io
1052 2035 1142 2066 summo
1154 2019 1230 2081 pretio
1239 2016 1309 2062 babi-

258 2103 317 2136 tum.
333 2093 417 2156 Vulgg.
434 2105 457 2142 et
468 2095 585 2144 lacrimoso
596 2099 665 2142 mouit
675 2093 770 2150 electro,
786 2109 815 2140 ex
833 2093 1027 2156 interpolatione,
1046 2103 1162 2138 ettamen
1178 2105 1232 2135 euro
1249 2089 1309 2134 vitio

258 2177 346 2210 versus.
365 2166 413 2212 Nee
425 2167 493 2216 aliter
503 2185 545 2216 tus.
559 2167 628 2214 Baril.
643 2168 669 2212 ln
682 2165 782 2212 Plautin.
795 2178 819 2212 et
832 2165 884 2212 sliis
897 2179 977 2212 versos
990 2167 1023 2212 sie
1035 2164 1175 2209 mutientes
1188 2173 1239 2207 est:
1254 2160 1309 2204 Non

260 2246 329 2277 me...
342 2235 415 2292 dives,
425 2237 494 2284 Dives
503 2237 587 2285 coratio
589 2235 671 2301 finqilt'
679 2245 702 2282 et
710 2234 826 2282 lacrimoso
836 2233 924 2282 electro.
939 2236 1033 2282 loensit
1044 2235 1078 2279 tic
1091 2231 1220 2293 relingehat
1230 2245 1236 2275 t
1251 2229 1276 2273 0.
1286 2235 1310 2272 et

253 2302 337 2368 ftaqilt'
343 2317 384 2352 out
397 2314 483 2357 monuit
495 2309 612 2358 lacrimose
620 2307 710 2355 electro.
725 2310 788 2354 eoul.
801 2309 866 2355 Voss.
877 2309 907 2355 de
919 2307 1031 2370 Analogia
1040 2305 1085 2361 lll,
1098 2303 1135 2350 36.
1146 2327 1179 2340 -
1188 2301 1241 2358 435.
1255 2301 1309 2344 Non

259 2377 327 2436 mefl.
338 2379 421 2426 melius
430 2395 477 2429 ret.
489 2382 545 2428 edit.
555 2381 618 2444 opud
628 2382 750 2426 Loensem.
760 2405 791 2416 -··
800 2380 854 2443 437.
866 2381 946 2426 Omnia
956 2381 1025 2425 vr'rret't
1036 2391 1107 2422 amor.
1120 2375 1156 2420 Sie
1167 2389 1220 2434 sup.
1230 2368 1308 2432 Beleg-

260 2445 293 2502 Χ,
307 2449 344 2509 69.
362 2451 405 2496 llic
419 2469 475 2500 vero
494 2452 597 2498 deridunt
616 2464 681 2497 erat:
694 2453 775 2497 Omnia
789 2455 842 2498 eicit
854 2468 930 2506 umen
950 2463 973 2498 et
984 2449 1029 2496 boe
1040 2451 1115 2511 ipsum
1128 2462 1143 2492 e
1155 2459 1198 2492 ms.
1211 2441 1308 2488 llelmtt.

259 2529 365 2566 notatum
382 2522 458 2569 video.
476 2523 585 2570 Procedit
601 2525 663 2569 enim
681 2526 796 2571 sententis
809 2527 858 2571 sie:
877 2522 1054 2570 Nihil-abduxit
1071 2535 1097 2566 te
1113 2518 1227 2565 deterruit
1241 2529 1279 2560 me
1295 2529 1308 2558 ⁸

262 2589 368 2637 scelere:
385 2607 432 2637 nou
447 2607 544 2654 paterna
559 2594 642 2641 domus
654 2595 746 2642 deliciis
760 2609 783 2642 et
795 2596 881 2660 puellis
892 2595 1016 2642 comitibus
1031 2592 1141 2646 affluent,
1153 2605 1201 2636 non
1213 2589 1310 2634 deorum

262 2673 347 2708 metus.
358 2689 390 2698 -
401 2664 454 2720 438.
472 2669 525 2712 Non
540 2666 594 2712 milri
601 2671 651 2731 jem
664 2684 707 2715 ms.
722 2669 790 2716 basil.
803 2683 859 2716 vett.
872 2668 926 2715 edd.
937 2680 960 2713 et
972 2669 1021 2728 ipsa
1034 2663 1129 2718 Aldine,
1145 2661 1228 2708 melios
1240 2671 1311 2722 quam

263 2732 349 2776 Neo...
362 2733 483 2780 sudabunt.
494 2739 554 2784 Saue
564 2740 606 2784 Ge.
617 2739 646 2795 ll,
662 2739 773 2798 rrflQuid
780 2741 918 2787 tihiodorato
927 2737 1023 2800 referam
1036 2735 1142 2781 sudantia
1154 2731 1213 2796 liquo
1228 2727 1311 2774 Rolna-

262 2817 344 2865 moque
355 2812 378 2848 et
389 2802 410 2848 b.
424 2817 448 2852 et
461 2805 517 2854 alibi
528 2825 534 2854 ε
545 2810 587 2856 ted
597 2809 643 2856 alio
653 2825 729 2857 sensu
745 2813 771 2856 ln
786 2809 857 2857 simili
870 2809 923 2855 loeo
937 2824 990 2853 euru
1001 2804 1097 2852 Tibullo
1107 2813 1186 2849 nostro
1195 2798 1253 2858 (lib.
1266 2797 1311 2854 111,

261 2869 289 2927 4,
303 2873 348 2931 28)
360 2875 480 2936 praeiernm
491 2878 593 2927 stillare:
607 2898 647 2928 nee
658 2881 767 2946 mibijam
777 2884 857 2946 pinqur'
866 2877 984 2926 stillabunt
997 2887 1095 2939 temporo
1106 2870 1205 2933 myrrlu.
1215 2895 1246 2908 -
1254 2867 1309 2930 439.

263 2946 342 3004 spinos
354 2947 488 3010 Leopsrdos
500 2951 600 2998 malebat
611 2954 675 3017 apud
686 2956 801 3000 loensem
812 2950 930 3014 Epipbyll.
946 2951 1013 3004 vnl,
1030 2963 1070 3008 η,
1086 2946 1103 2990 i.
1117 2947 1181 2990 inani
1194 2945 1309 2990 acumine.

263 3013 342 3060 odores
351 3016 400 3077 jain
412 3019 471 3064 Veu.
486 3020 551 3076 1484.
563 3024 666 3070 Norimb.
677 3037 701 3072 et
710 3024 774 3079 aliae;
784 3036 807 3068 st
815 3019 897 3066 Aldina
906 3018 1004 3082 protulit
1012 3017 1116 3070 interes,
1125 3015 1191 3078 quod
1201 3027 1224 3060 et
1231 3013 1311 3060 lleins.

262 3087 365 3150 praefert.
380 3090 444 3136 Nibil
459 3093 573 3156 vulgatius
587 3095 630 3143 lise
646 3099 757 3143 varietate
771 3097 796 3140 in
810 3092 867 3138 libb.
883 3091 945 3138 conl.
961 3093 1086 3137 Burmann.
1101 3086 1196 3134 Antbol.
1208 3102 1261 3150 pag.
1275 3085 1312 3148 37.

263 3159 361 3224 Eleptns
379 3177 455 3210 sutem
474 3183 553 3214 versut
572 3168 601 3216 de
621 3169 699 3226 tedis,
718 3183 770 3230 qum
788 3179 854 3211 nette
873 3175 952 3226 neptte
970 3163 1132 3226 preferuntur.
1145 3183 1174 3196 -
1187 3157 1241 3215 44⁰·
1260 3159 1313 3204 Non

265 3319 448 3395 Megarenses,
461 3329 482 3379 si
494 3331 663 3382 rescivissent
676 3329 768 3402 prodi·
813 3340 839 3379 et
852 3326 885 3380 de
894 3327 988 3394 bonis,
1002 3323 1098 3397 quibus
1110 3322 1157 3374 illa
1167 3319 1255 3373 adhue
1266 3335 1315 3370 usa

265 3402 347 3453 tionis
366 3405 490 3462 consilia!
513 3409 576 3460 Mox
596 3409 644 3475 431
666 3407 769 3479 speravi
814 3418 879 3459 erat.
894 3437 927 3446 -
941 3401 1111 3476 435.oequali
1120 3419 1226 3472 corpore
1235 3439 1243 3465 ,
1256 3413 1316 3450 eta·

266 3499 317 3552 pro
327 3485 423 3548 metui,
436 3487 543 3556 putavi,
556 3500 586 3538 ut
598 3505 683 3558 sepe:
695 3488 767 3538 conf.
814 3499 853 3552 te,
867 3485 997 3558 aequales,
1011 3477 1317 3550 ipittetesipe1,utScs·

268 3563 326 3612 AEn.
340 3565 364 3630 1,
377 3561 437 3632 543.
455 3567 504 3633 lV,
522 3567 582 3636 4¹9·
600 3585 654 3618 non
668 3567 695 3618 in
713 3569 770 3618 sni·
815 3565 881 3638 liger
890 3563 1014 3616 illustrat.

267 3659 339 3693 inum
357 3648 443 3710 venit,
460 3659 565 3698 tantum
581 3645 668 3700 scelus
682 3665 697 3696 a
712 3649 770 3696 viro
851 3644 941 3710 438...
955 3641 1015 3707 440.
1032 3639 1074 3692 Ad
1089 3639 1245 3709 nuptiarum
1263 3636 1316 3689 tol·

267 3735 323 3774 tam
336 3725 455 3778 formoso
469 3727 603 3798 proficisci
616 3744 708 3797 posse;
719 3727 772 3777 for·
816 3725 906 3778 lennia
914 3719 1095 3783 miserendum,
1106 3717 1202 3790 quibus
1210 3734 1318 3771 senune

269 3819 314 3854 ma
326 3822 376 3874 ego
386 3807 484 3856 misera
495 3803 609 3874 decepta
620 3821 686 3855 sum.
816 3804 949 3874 privatam
958 3800 1142 3870 conqueritur;
1151 3814 1251 3870 sponsa
1260 3813 1320 3867 per·

306 3881 366 3946 433.
380 3882 443 3934 Non
454 3899 496 3933 me
508 3882 666 3934 commovit:
679 3896 710 3936 ut
723 3885 772 3936 ab·
818 3883 926 3952 ungitur
938 3902 943 3930 :
957 3877 1030 3930 taedae
1047 3877 1154 3928 lucent:
1168 3889 1318 3948 purpureus

272 3971 399 4010 sterrerer
419 3977 436 4010 a
452 3959 594 4030 prodenda
611 3963 706 4032 patris.
721 3963 774 4016 Lo—
819 3976 892 4014 torus
909 3961 1052 4012 sternitur:
1070 3957 1097 4008 b.
1116 3976 1138 4009 e.
1158 3958 1238 4008 vestis
1255 3971 1319 4026 pur-

272 4039 363 4106 quitur
375 4039 445 4112 enim
460 4036 494 4092 tle
511 4039 569 4090 Nisi
585 4042 669 4112 patris
685 4043 773 4114 regia,
818 4059 903 4112 pureu
915 4042 942 4093 in
952 4041 1049 4092 citrino
1061 4037 1140 4091 lecto.
1150 4037 1220 4089 Nam
1228 4034 1318 4104 Libys,
