2998 4670
267 415 330 522 ⁵78
597 401 980 490 connonri'nrl

266 554 412 638 gulorum
424 572 431 609 ι
442 547 529 609 venti
538 542 705 628 prohibent
715 544 796 606 ferre
805 545 970 628 pabulum,
982 566 1069 625 oves,
1081 547 1202 612 ethardi
1214 549 1308 612 insul-

266 658 335 707 tant
349 640 491 714 floribus;
505 635 621 698 bucula
634 656 737 696 rorem
752 634 886 712 decutit,
900 649 931 697 et
945 637 1056 699 herbas
1070 643 1187 716 atterit3
1199 640 1309 702 lacerti

262 745 389 795 vastant
404 729 524 800 omnim
544 724 673 787 aviculae
692 727 817 786 irruunt
832 723 865 786 in
883 727 1023 789 volantes
1039 730 1194 812 apiculas,
1211 729 1308 792 uthis

263 821 351 883 alant
364 817 470 894 foetus,
483 817 536 897 qui
549 813 653 874 adhuc
666 815 699 876 in
714 812 806 874 nidis.

306 911 351 970 ιδ.
367 907 427 967 llic
445 903 621 964 conversim
634 899 836 978 exhibentur,
854 923 924 986 quae
938 902 1052 968 debent
1070 925 1133 965 esse
1147 925 1247 987 prope
1261 902 1307 964 al.

260 999 379 1069 vearia,
390 993 507 1066 fontes,
518 990 590 1052 ethi
603 990 733 1073 liquidi,
749 994 900 1080 quoniam
911 1013 981 1076 apes
993 993 1206 1056 mundissime
1218 1005 1307 1054 sunt:

261 1101 384 1170 stagna,
397 1075 599 1164 quibus'ineit
613 1081 777 1140 amoenitas
788 1101 823 1140 ex
835 1082 938 1142 virore
949 1084 1063 1159 musci,
1074 1095 1110 1166 ut
1123 1101 1194 1164 apes
1205 1080 1308 1142 delec-

257 1189 381 1237 tentur:
401 1175 486 1234 rivus
503 1172 620 1245 tenuis,
639 1190 705 1230 non
724 1190 859 1254 praeceps
879 1185 910 1232 et
928 1175 1074 1254 copiosus
1093 1172 1221 1246 fluvius,
1241 1191 1305 1252 quo

259 1263 322 1330 illae
340 1273 414 1324 tutae
439 1262 502 1320 slot
520 1280 538 1319 a
553 1255 715 1342 periculo:
734 1258 855 1341 palma,
876 1273 930 1321 aot
945 1261 1090 1336 oleaster,
1110 1281 1181 1344 quae
1197 1260 1307 1320 obum-

257 1353 351 1416 brent
360 1351 479 1428 sedem,
489 1347 544 1410 ubi
556 1361 628 1409 sunt
640 1348 789 1425 alvearia;
802 1361 851 1426 ut,
866 1373 964 1434 quum
977 1354 1052 1413 nori
1063 1354 1159 1434 Reges
1175 1349 1306 1412 educent

258 1465 313 1505 sua
326 1443 482 1515 examina,
498 1441 671 1500 invitentur
683 1460 836 1521 aquarum
849 1443 1044 1520 amoenitate,
1058 1456 1089 1504 et
1102 1441 1243 1526 hospitio
1258 1461 1305 1500 ar·

254 1533 385 1612 borum,
401 1531 516 1613 quibus
529 1531 652 1614 possint
663 1530 832 1612 quiescere.

296 1623 346 1686 25.
358 1621 458 1696 Dixit,
472 1618 582 1681 dehere
595 1637 659 1681 esse
675 1617 718 1676 ihi
734 1632 788 1680 aut
801 1618 936 1696 fontem,
951 1631 1006 1684 aut
1019 1635 1179 1702 stagnum,
1194 1629 1248 1682 aut
1261 1618 1304 1678 ri·

255 1731 346 1785 vurru
364 1728 449 1794 uooc
461 1709 519 1783 ait,
541 1720 717 1773 uenatoria
728 1705 830 1789 ligna,
848 1721 903 1774 aut
919 1729 992 1774 cara
1008 1707 1222 1790 conjicienda,
1239 1707 1303 1770 sive

262 1881 265 1900 ι
293 1833 333 1888 15.
353 1833 390 1884 Et
409 1830 526 1883 manitus
546 1830 646 1881 Procne
666 1841 755 1902 pectus
799 1832 1176 1900 outemServiusadmoneat‚
1192 1847 1303 1904 suspen·

252 1917 354 1990 n'qnnta
363 1911 479 1964 cruentis.
488 1909 592 1968 Nomen
605 1912 695 1981 posuit
702 1929 753 1980 pro
799 1911 917 1969 dandum.
935 1931 1010 1980 etse,
1026 1910 1054 1966 nl
1074 1915 1172 1980 tenuis,
1188 1931 1222 1965 ne
1236 1905 1304 1963 ioci·

252 1997 377 2047 nomine:
392 2010 453 2042 nam
464 1988 754 2042 Philomelainhirun·
797 1991 875 2061 piant
898 2008 955 2044 esee
982 1991 1036 2042 duo
1063 1991 1200 2063 epitheta,
1228 1988 1303 2066 quod

252 2075 342 2128 dinem
359 2089 437 2124 verca
456 2082 512 2132 est;
531 2087 580 2142 pro
599 2087 654 2140 qua
672 2069 753 2142 Prog-
799 2067 872 2142 apud
892 2070 1001 2121 Latinos
1024 2083 1128 2122 constat
1147 2087 1204 2122 esse
1220 2071 1302 2120 vitio-

251 2171 330 2218 nem,
346 2150 388 2202 vel
408 2149 485 2220 quasi
504 2143 624 2200 sororem
644 2150 752 2221 posuit;
798 2165 873 2214 sum,
893 2146 1041 2218 dijudicent
1067 2145 1158 2215 docti,
1184 2149 1231 2218 qui
1251 2165 1302 2197 no-

183 2242 186 2250 '
250 2233 292 2286 rel
311 2231 388 2302 quasi
404 2248 479 2292 eam,
499 2245 557 2299 quar
576 2229 664 2280 fuerat
683 2227 754 2280 illius
798 2240 878 2294 runt,
895 2230 959 2281 vitio
975 2245 1065 2281 carere
1085 2225 1158 2301 apud
1175 2227 1302 2292 Grecos,

251 2311 359 2370 sceleris
371 2305 467 2362 causta
478 2328 484 2359 ε
497 2326 560 2359 nam
571 2307 755 2378 ipsa‘l'ereum
800 2306 854 2366 duo
867 2307 969 2366 scilicet
980 2305 1106 2383 Epidreta
1117 2308 1165 2359 uni
1175 2307 1301 2359 substan-

250 2394 360 2445 miserat
371 2387 406 2448 ad
421 2385 571 2440 ducendam
584 2405 712 2439 sororem.
726 2389 754 2441 S.
801 2391 856 2442 tivo
868 2391 990 2462 jungere.
1008 2391 1120 2448 Genetos.

249 2501 282 2513 ·-
293 2472 402 2522 Procne.
411 2465 442 2518 ld
452 2479 505 2533 est,
515 2464 641 2517 hirundo.
652 2467 756 2542 Proqne
836 2485 878 2522 22.
893 2470 958 2524 Vere
971 2487 1025 2521 suo.
1040 2468 1101 2536 Quo
1114 2479 1234 2541 tempore
1251 2483 1301 2541 ap-

250 2551 321 2602 enim
330 2547 583 2620 quumlilinmtuurn
591 2549 754 2620 conjugipro
798 2550 884 2626 priore
904 2547 1088 2613 delectantur,
1110 2558 1137 2600 et
1153 2547 1204 2598 sibi
1224 2549 1301 2618 quati

251 2626 337 2698 epulis
350 2627 535 2696 apposuisset,
546 2626 574 2676 in
587 2624 753 2677 hirundinem
798 2630 909 2706 proprio
917 2627 1036 2700 gaudent
1044 2625 1223 2679 vehementer.
1232 2627 1301 2678 Not-

250 2718 353 2759 mutata
374 2717 431 2765 esu
456 2717 482 2757 et
503 2707 578 2775 signa
604 2705 686 2755 occisi
706 2703 753 2756 lilii
799 2721 891 2760 ter-vs.
906 2708 955 2772 66,
970 2723 1107 2758 moresuo.
1123 2705 1193 2756 Flor.
1210 2705 1250 2771 ll,
1265 2705 1297 2758 8:

248 2783 411 2846 macularin
422 2796 532 2854 pectore
545 2783 691 2834 etiamnum
701 2783 752 2836 lra-
796 2787 849 2839 Suo
865 2786 937 2838 edom
944 2785 1108 2858 fulgentibus
1121 2785 1202 2836 aciem
1218 2785 1300 2835 utrin-

247 2865 295 2918 bet
316 2877 449 2916 cruentas.
475 2861 604 2914 Fabulam
627 2865 752 2916 tractavit
796 2857 1301 2938 quevallaverat.·-Emissa.ltal'lo-

248 2945 297 2998 Or.
306 2945 370 2996 Met.
380 2943 429 3008 vl,
438 2940 499 3012 669.
513 2941 658 2996 totaliter.
670 2943 750 2996 Taub.
795 2956 823 2995 to
836 2946 864 3002 iu
874 2943 1002 3008 Politice,
1013 2942 1173 3016 loqueur'de
1186 2943 1300 3014 apibus,

287 3041 327 3094 ¹7·
347 3021 457 3075 Dulcem
475 3022 542 3074 nidis
558 3021 698 3076 immitibus
713 3041 751 3076 cs·
797 3019 930 3090 irni‘famn.
953 3021 1043 3076 Verba
1063 3036 1146 3075 iant:
1169 3024 1299 3087 tinnulae,

211 3099 213 3106 ¹
247 3121 314 3166 cnm.
328 3101 358 3154 ld
371 3115 425 3170 est,
437 3099 590 3154 crudelibus
601 3099 696 3172 pullis,
705 3102 751 3174 qui
796 3098 840 3157 οἷον
850 3100 920 3171 enin
926 3105 1058 3169 numdi,
1070 3099 1240 3169 διιπῖμποπιςε
1252 3105 1299 3157 Co·

248 3201 329 3255 apum
344 3194 430 3234 morte
441 3182 603 3232 nutriuntur.
616 3180 685 3232 Seru.
797 3182 880 3244 ionias
896 3183 977 3240 ueluti
991 3185 1112 3235 examina
1127 3201 1208 3256 apum
1221 3185 1297 3236 emit·

286 3278 326 3331 19.
335 3262 445 3342 anien'r
454 3263 530 3315 rivus.
543 3263 610 3314 Huic
620 3262 750 3316 locutioni
795 3275 882 3322 tentes.

249 3339 337 3394 allinit
351 3340 413 3408 illa,
429 3359 484 3411 qua
499 3360 544 3414 pes
562 3340 640 3393 undis
659 3341 748 3395 datur.
832 3339 1295 3414 23.Decedemripacalori.lltaestua

248 3420 316 3473 Vide
328 3419 486 3483 AEneidlll3
497 3419 531 3472 ad
542 3419 625 3472 illud:
640 3432 751 3474 revocat·
793 3426 898 3502 possint
910 3437 1039 3496 aquarum
1054 3423 1190 3476 vicinitate
1202 3425 1295 3476 vitare.

248 3517 298 3572 qne
310 3497 401 3570 pedem
415 3499 547 3551 Tiberinus
558 3501 589 3551 ab
605 3499 667 3551 alto.
681 3501 748 3554 Vide
792 3507 862 3558 Seru
884 3534 919 3544 -
940 3503 1066 3556 Decedere
1093 3503 1182 3556 calori.
1204 3503 1295 3558 Graece

246 3581 287 3628 uti
296 3579 426 3628 Homerus
435 3577 568 3631 describat
577 3578 748 3632 decurrentes
793 3579 1294 3658 intexuerim.QuemadmodumGeorg.

244 3658 318 3709 ‘rivos
338 3657 365 3706 in
391 3655 470 3706 horto
496 3657 620 3721 Alcinoi,
644 3677 745 3729 nequa·
792 3665 1000 3734 lll,467:reroe
1013 3661 1129 3715 decedere
1141 3665 1293 3737 nocti:pro

247 3755 327 3808 quarn
339 3753 398 3787 cum
407 3733 746 3792 nostrolricconlerendur.
792 3741 947 3797 declinare:
963 3743 1118 3814 frequenter
1135 3742 1240 3794 meliori
1253 3742 1294 3793 lo·

244 3821 314 3871 Nam
324 3817 462 3878 addimur,
473 3828 498 3868 et
508 3813 569 3878 iuer,
582 3815 747 3893 dispergitur,
792 3839 852 3872 cunr
860 3820 934 3874 dare.
942 3823 1035 3874 Horat.
1046 3823 1130 3900 Epist.
1144 3823 1176 3886 ll,
1187 3838 1213 3886 o,
1225 3819 1290 3872 213:

243 3898 336 3949 uadit.-
351 3895 416 3968 quid
431 3893 466 3947 ad
477 3907 584 3946 tenuem
600 3897 687 3948 rivum
703 3901 746 3951 fo·
792 3901 883 3954 Vivere
890 3901 912 3954 si
921 3911 985 3953 recte
995 3901 1081 3965 nescis,
1090 3899 1181 3951 decede
1185 3900 1290 3970 peritis.-

243 3981 358 4050 gientem
368 3977 745 4050 pergraminalcerda.-Te·
790 3982 827 4031 sic
839 3980 891 4032 od.
907 3983 947 4047 ll,
962 3982 979 4033 6
991 4003 996 4032 :
1011 3999 1064 4032 nori
1076 3981 1200 4050 Hymetto
1211 3977 1292 4032 mello

243 4058 301 4108 nnis
316 4059 390 4109 ηὐιις.
407 4059 467 4109 Non
483 4055 561 4109 valde
575 4057 743 4128 profundus,
788 4060 933 4126 decedunt,
956 4060 985 4112 id
1005 4075 1064 4126 est,
1084 4077 1140 4112 non
1161 4059 1290 4113 iuferiora

242 4149 272 4186 nt
286 4137 382 4202 etiarn,
399 4137 557 4280 lym?
566 4135 637 4202 ,duat
649 4153 656 4189 t
668 4138 742 4209 quod
788 4150 857 4192 eunt.
870 4139 958 4192 Emm.
