3000 4674
284 369 348 458 ηε
465 367 787 438 conneurlnn
804 374 1143 442 rnnceoosnrv.

284 491 388 551 decern
401 511 535 568 menses;
548 494 663 555 scilicet
673 516 787 556 novem
796 541 803 567 ,
813 518 868 579 per
877 518 955 579 quos
964 499 1132 580 gestantem
1143 513 1265 560 uterum
1280 502 1336 561 in·

284 579 452 639 commodo
465 581 603 661 pondere
616 585 769 664 gravasti3
783 599 813 646 et
824 587 961 648 decimus
973 590 1103 663 mensis,
1116 591 1149 650 in
1161 610 1225 670 quo
1237 611 1335 673 pner-

283 666 361 746 perii
387 665 482 728 duros
505 669 648 748 dolores,
664 686 696 732 et
717 675 811 755 primi
832 673 923 736 lactis
944 675 1086 736 laborem
1111 695 1146 737 ac
1170 691 1335 757 sequentes

283 772 436 816 aerumnas
449 779 592 840 perpessa
608 763 741 842 genitrix
756 762 899 841 languit:
915 766 1046 840 iterum,
1061 763 1141 824 banc
1160 779 1282 846 specta,
1297 776 1338 823 ut

282 841 393 902 iterum
407 846 589 924 consoleris,
604 866 638 912 ut
651 853 764 912 iterum
781 853 890 914 rideat.
904 855 983 914 Nem
998 855 1022 915 si
1036 855 1093 914 tibi
1109 867 1250 936 parentes
1264 873 1336 930 non

285 933 456 1012 arriserint,
472 940 561 1000 malis
576 943 720 1022 auspiciis
733 943 830 1002 vitam
845 943 1015 1024 ingressum
1031 945 1205 1004 etinvisum
1216 943 1337 1022 superis

284 1032 314 1080 te
323 1039 450 1086 maneat
464 1026 560 1110 longa
570 1031 815 1094 infortuniorum
829 1034 931 1094 series.
939 1033 1035 1114 (Vide
1047 1033 1129 1094 infra
1141 1031 1179 1093 de
1191 1030 1336 1091 Vulcano

287 1125 392 1174 notam
407 1115 445 1176 ad
461 1138 491 1179 v.
505 1119 572 1201 62.)

289 1303 358 1356 ΨΜ)
374 1301 404 1341 ῑῑῑ
422 1293 459 1345 ait
474 1295 590 1366 Plinius,
611 1298 689 1354 bomo
704 1300 790 1354 natali
833 1319 864 1355 ea
876 1313 925 1354 est.
937 1299 1016 1354 Unde
1027 1297 1133 1352 divinoe
1148 1295 1264 1348 honores
1276 1311 1334 1346 noa

288 1367 330 1418 ‘lle
342 1369 499 1442 abjectusael
510 1376 664 1448 plorabam,-
679 1392 705 1434 et
718 1379 789 1434 nulli
833 1383 945 1434 meruits
963 1380 999 1434 sd
1016 1397 1083 1452 quos
1105 1387 1151 1428 aut
1171 1394 1219 1446 per
1241 1375 1336 1426 convi-

290 1445 369 1498 (latur
380 1450 460 1518 risus,
474 1473 578 1526 praecox
591 1458 637 1512 ille
650 1471 676 1512 et
686 1459 790 1513 celerri·
833 1461 904 1513 rium
917 1461 1072 1525 numinum,
1089 1469 1134 1510 aut
1148 1475 1198 1528 per
1209 1457 1338 1525 conjunc·

289 1543 367 1593 Μ,
385 1541 446 1584 ‘mle
465 1537 692 1612 quadragesimum
708 1541 787 1594 diem.
833 1541 931 1592 tionem
945 1541 1050 1592 venitur
1062 1537 1182 1590 dearum.
1198 1535 1265 1586 Hinc
1276 1545 1336 1600 est,

325 1609 367 1661 61.
382 1611 406 1662 T
406 1611 519 1668 ulerunt.
529 1619 608 1673 Matri
617 1623 709 1676 decem
718 1643 790 1676 men·
834 1619 907 1692 quod
919 1619 1019 1672 Juuoni
1030 1621 1058 1670 in
1074 1618 1120 1670 lib.
1136 1617 1194 1668 AEn.
1210 1613 1259 1681 83,
1272 1615 1337 1666 [Ευ-

290 1703 331 1738 ses
344 1691 713 1772 attuleruntlongalastirlia:
726 1705 789 1776 quia
833 1700 874 1753 lus
896 1701 949 1772 agit
969 1700 1087 1773 gratias,
1113 1693 1185 1768 quod
1208 1712 1257 1766 per
1277 1695 1337 1762 ejus

291 1784 457 1838 pregnantes
481 1777 567 1834 solent
591 1783 699 1835 fastidia
722 1783 787 1854 pati.
834 1779 992 1832 beneficium
1011 1779 1116 1830 divinos
1138 1777 1255 1827 honores
1277 1793 1337 1826 rne-

291 1877 325 1886 —
343 1849 464 1904 Donatus
485 1857 512 1908 in
532 1857 655 1914 Eunuchi
675 1863 789 1934 prologo
833 1861 905 1912 ruit:
919 1871 964 1924 nt,
979 1859 1020 1910 Tu
1031 1858 1078 1910 das
1089 1853 1173 1928 epulis
1184 1854 1339 1905 accumbere

291 1923 790 2015 locumhunoeitat,attuleruntpen·
834 1939 934 1992 clivum.
961 1937 1014 1990 Alii
1037 1937 1130 1988 dicunt
1154 1934 1228 2006 quod
1253 1949 1338 2005 quum

292 2006 384 2061 ultima
397 2029 520 2088 eorreptn
531 2017 611 2092 legit,
624 2021 659 2074 ad
672 2023 791 2076 similitu·
835 2019 970 2072 Vulcanus
984 2029 1109 2091 parentes
1124 2031 1186 2067 soor
1204 2013 1250 2066 (liu
1266 2031 1341 2084 qure-

293 2083 382 2140 dinem
404 2093 474 2146 illius
501 2098 654 2156 Terentiani
677 2117 789 2154 versus:
835 2111 923 2167 reret,
940 2117 990 2152 nee
1009 2098 1155 2158 invenirett
1172 2094 1255 2147 sedile
1271 2094 1340 2145 feeit

293 2165 435 2238 Postquam
443 2173 791 2246 AEdilesememnt,ubine·
836 2181 905 2246 tale,
924 2193 954 2232 ut
968 2198 1029 2252 eum
1045 2197 1077 2232 eo
1095 2178 1142 2249 qni
1155 2175 1267 2230 aedisset
1280 2192 1341 2227 sur·

291 2263 364 2300 cesso
385 2266 425 2304 est
442 2253 563 2310 ultimum
583 2258 676 2314 saltem
694 2259 792 2333 pedam
835 2281 898 2336 gere
918 2279 972 2314 uon
994 2271 1105 2331 posset;
1126 2259 1154 2310 in
1179 2273 1233 2328 qno
1257 2271 1341 2326 quum

293 2343 349 2379 esse
362 2331 488 2386 iambum.
506 2341 634 2410 Agnoscit
651 2353 677 2397 et
688 2340 791 2392 Probus
837 2342 981 2396 adsesirset
990 2341 1074 2404 Juno,
1085 2357 1134 2390 uec
1143 2347 1236 2409 posset
1248 2352 1340 2387 exsur-

294 2404 424 2477 “ll‘mms
436 2415 673 2490 etMetaplasmum
684 2437 742 2472 esse
753 2417 793 2470 di·
837 2440 915 2494 gere,
928 2419 1064 2472 Vulcanus
1074 2418 1182 2489 negarit
1196 2434 1224 2468 se
1236 2415 1340 2466 solutu-

293 2487 329 2536 cit
346 2489 434 2542 media
453 2497 577 2568 correpta
593 2497 714 2570 syllaba,
733 2515 792 2570 quas
836 2519 897 2551 rum
913 2499 1040 2564 omniuo,
1055 2497 1108 2548 nisi
1125 2495 1199 2568 prius
1214 2506 1340 2566 parentes

294 2578 390 2620 natura
402 2569 482 2644 longa
494 2577 678 2628 sit.-Deeem
687 2594 790 2629 menses.
838 2595 901 2632 snos
920 2577 972 2630 sibi
991 2587 1180 2638 monstrasset,
1200 2586 1280 2644 atque
1301 2575 1340 2624 ita

294 2645 363 2710 Quia
377 2665 463 2702 mares
479 2653 507 2705 in
524 2653 629 2706 tlecimo
646 2668 794 2709 nascuntur
837 2659 938 2711 laetum
951 2670 991 2712 est
1002 2656 1192 2710 utinDeorum
1199 2671 1341 2705 numerum

295 2739 399 2792 ariense,
411 2728 516 2784 femine
524 2751 587 2786 vero
595 2735 622 2789 iu
631 2752 713 2786 nono.
721 2735 792 2790 Seru.
839 2741 1012 2810 reciperetur.
1025 2734 1194 2789 Serre-Cui
1202 2751 1256 2785 non
1264 2731 1342 2783 risere

294 2802 384 2855 Male:
402 2807 537 2883 videque
556 2811 590 2866 (le
609 2812 702 2868 decem
719 2835 796 2870 rnen-
837 2827 966 2888 parentes.
976 2817 1038 2868 lVon
1050 2834 1092 2868 me
1105 2814 1176 2885 fugit
1189 2830 1242 2883 quo
1259 2823 1340 2882 paeto

293 2883 361 2933 sium
373 2901 453 2957 partu
464 2891 548 2944 multa
558 2895 690 2965 congessit
697 2893 793 2948 cerda.
838 2898 1018 2966 Quintilianus
1029 2896 1169 2948 lectionem
1184 2893 1255 2945 hanc
1266 2909 1345 2944 accr-

294 2962 410 3018 Turneb.
424 2969 475 3035 IV,
496 2970 535 3022 15.
553 2969 587 3024 de
598 2973 679 3026 Luna
695 2977 795 3028 mensi·
839 2980 925 3050 perit,
936 2995 1016 3048 quam
1026 2976 1070 3028 bic
1079 2977 1106 3028 in
1117 2991 1229 3026 numero
1241 2972 1341 3044 ligura-

296 3042 346 3097 but
358 3049 543 3118 explicandum
556 3051 629 3106 hunc
641 3054 730 3110 locum
742 3075 795 3130 pn·
840 3077 899 3110 rum
912 3077 969 3111 esse
981 3057 1087 3122 dixerit,
1096 3068 1280 3128 ventumque
1288 3055 1339 3106 riri

297 3135 351 3190 ¹³¹2
371 3129 417 3198 qui
439 3127 576 3184 breviores
595 3147 688 3204 erent,
712 3155 795 3209 quum
840 3139 993 3210 peritissimi
1005 3136 1055 3189 eibi
1068 3155 1149 3207 super
1159 3135 1212 3188 boe
1225 3135 1285 3187 loeo
1295 3152 1341 3205 ap-

296 3218 397 3259 veteres
408 3226 454 3262 eos
464 3208 499 3263 nd
508 3209 589 3266 Luna
600 3231 723 3285 cursum,
740 3236 796 3270 nou
840 3217 1026 3288 plaudererisi
1034 3217 1094 3268 siut.
1103 3215 1239 3282 Quaerere
1250 3215 1278 3266 in
1287 3213 1341 3266 hoc

297 3284 332 3337 ad
343 3287 406 3338 solis
421 3291 585 3346 metirentur.
840 3295 993 3367 disputent,
1007 3295 1052 3347 alii
1063 3294 1187 3346 viderint.
1200 3295 1256 3344 Nos
1270 3295 1340 3344 anti-

333 3367 376 3420 δι.
390 3370 439 3422 Gai
446 3389 500 3424 non
508 3371 585 3426 risere
591 3386 711 3448 parentes
718 3413 728 3442 ,
740 3375 797 3428 Nec
841 3377 969 3446 quissima
988 3373 1046 3426 baec
1066 3375 1156 3426 omnia
1179 3371 1341 3444 exemplaria

256 3452 258 3460 ’
296 3445 676 3519 διαεὶιιιηοηιοηεα,ᾰεαηοε
687 3455 796 3527 eliquata
841 3456 1020 3519 contulimus,
1041 3455 1068 3505 in
1095 3453 1193 3525 quibus
1216 3451 1340 3505 omnibus

298 3525 382 3578 cubili
390 3539 433 3581 est.
449 3529 521 3584 Siout
531 3532 653 3588 Vulcano
667 3536 795 3608 contigitr
839 3537 970 3606 scriptum
982 3533 1181 3586 observavimus
1193 3532 1237 3584 cui
1250 3531 1340 3583 dativo

298 3608 344 3675 qui
357 3625 439 3678 quum
450 3609 579 3664 deformia
590 3625 676 3677 esset,
688 3615 796 3668 etlnuo
840 3631 914 3668 casn
933 3616 964 3666 lu
981 3613 1084 3684 aliquot
1100 3614 1179 3665 etiam
1199 3611 1279 3683 quoi,
1293 3609 1341 3662 Ca·

299 3689 324 3740 ei
339 3689 447 3746 minime
460 3695 607 3760 arrisisset,
623 3692 659 3745 ab
674 3694 740 3749 Jove
757 3709 797 3750 est
841 3693 954 3746 tulliano
964 3711 1055 3756 more,
1067 3703 1097 3743 ut
1109 3691 1190 3744 alibi:
1206 3690 1276 3761 Quoi
1286 3706 1340 3739 nora

299 3769 480 3841 precipitatus
491 3773 519 3824 in
531 3770 646 3823 insulam
657 3770 794 3828 lemnum.
840 3772 925 3826 dictus
933 3771 1026 3843 Hylas.
1034 3773 1096 3840 Quo
1106 3769 1140 3823 de
1149 3789 1247 3842 genere
1257 3769 1341 3839 scrip·

223 3873 225 3878 ·
299 3845 356 3902 lllic
368 3853 510 3904 nutritura
521 3851 631 3916 Sineiis,
644 3855 797 3924 quumlori
840 3855 922 3906 tionis
938 3853 1133 3921 Quintilianus,
1152 3852 1261 3902 Veteres
1278 3861 1340 3902 ante

299 3929 414 3986 fulmina
428 3930 599 3998 fabricasset,
615 3947 671 3984 nou
692 3945 732 3985 est
748 3933 797 3988 ad·
841 3951 870 3986 se
884 3933 937 3998 ait,
953 3932 1012 3999 eni,
1028 3931 1102 4003 quod
1115 3929 1199 3982 tribus
1210 3931 1265 3999 jam
1283 3928 1343 3980 lite·

301 4015 394 4070 missus
409 4010 445 4063 ad
457 4009 550 4082 epulas
566 4009 686 4066 deornm.
702 4016 797 4070 Postea
840 4015 877 4066 ris
891 4014 996 4067 enotari
1009 4025 1126 4084 ereptum
1143 4023 1216 4075 erat,
1228 4010 1294 4082 quoi
1306 4007 1342 4061 ad

302 4112 384 4165 quam
406 4103 526 4161 rogaret,
545 4105 576 4146 ut
594 4111 656 4147 curu
674 4095 797 4150 Minerva
840 4097 888 4167 pio
926 4113 967 4147 ena
980 4113 1076 4147 sonum
1093 4105 1174 4147 usoes
1190 4105 1293 4146 santum
1311 4103 1342 4143 nt

300 4171 454 4243 eonjugium
466 4187 623 4242 sortiretur,
640 4188 744 4248 spretus
761 4176 796 4229 ab
841 4175 897 4227 abi
918 4193 934 4225 o
946 4174 995 4246 qui
1004 4173 1220 4246 distingueretur.
1233 4171 1305 4224 Pier.
