<?xml version="1.0" encoding="UTF-8"?>
<!DOCTYPE html PUBLIC "-//W3C//DTD XHTML 1.0 Transitional//EN"
    "http://www.w3.org/TR/xhtml1/DTD/xhtml1-transitional.dtd">
<html xmlns="http://www.w3.org/1999/xhtml" xml:lang="en" lang="en">
 <head>
  <title>
</title>
<meta http-equiv="Content-Type" content="text/html;charset=utf-8" />
  <meta name='ocr-system' content='tesseract 3.04.00' />
  <meta name='ocr-capabilities' content='ocr_page ocr_carea ocr_par ocr_line ocrx_word'/>
</head>
<body>
  <div class='ocr_page' id='page_1' title='image "./pvirgiliusmaroq04barbgoog_0273.png"; bbox 0 0 3000 4674; ppageno 0'>
   <div class='ocr_carea' id='block_1_1' title="bbox 350 392 1204 518">
    <p class='ocr_par' dir='ltr' id='par_1_1' title="bbox 350 392 1204 518">
     <span class='ocr_line' id='line_1_1' title="bbox 350 392 1204 518; baseline 0.001 -24"><span class='ocrx_word' id='word_1_1' title='bbox 350 392 1025 494; x_wconf 77' lang='lat' dir='ltr'><strong>conuanrtursrunotocsurv.</strong></span> <span class='ocrx_word' id='word_1_2' title='bbox 1144 449 1204 518; x_wconf 68' lang='grc' dir='ltr'><strong>ψ</strong></span> 
     </span>
    </p>
   </div>
   <div class='ocr_carea' id='block_1_2' title="bbox 549 628 833 690">
    <p class='ocr_par' dir='ltr' id='par_1_2' title="bbox 549 628 833 690">
     <span class='ocr_line' id='line_1_2' title="bbox 549 628 833 690; baseline -0.004 0"><span class='ocrx_word' id='word_1_3' title='bbox 549 628 833 690; x_wconf 83' lang='lat' dir='ltr'><strong>EXPLlCATIO.</strong></span> 
     </span>
    </p>
   </div>
   <div class='ocr_carea' id='block_1_3' title="bbox 166 793 1218 2046">
    <p class='ocr_par' dir='ltr' id='par_1_3' title="bbox 166 793 1215 1249">
     <span class='ocr_line' id='line_1_3' title="bbox 210 793 1210 894; baseline 0.001 -24"><span class='ocrx_word' id='word_1_4' title='bbox 210 829 237 870; x_wconf 85' lang='lat' dir='ltr'><strong>t.</strong></span> <span class='ocrx_word' id='word_1_5' title='bbox 250 793 379 872; x_wconf 86' lang='lat' dir='ltr'><strong>lrivocat</strong></span> <span class='ocrx_word' id='word_1_6' title='bbox 390 823 482 893; x_wconf 84' lang='lat' dir='ltr'><strong>poete</strong></span> <span class='ocrx_word' id='word_1_7' title='bbox 494 808 601 871; x_wconf 86' lang='lat' dir='ltr'><strong>Musas</strong></span> <span class='ocrx_word' id='word_1_8' title='bbox 614 808 747 884; x_wconf 83' lang='lat' dir='ltr'><strong>Siculas,</strong></span> <span class='ocrx_word' id='word_1_9' title='bbox 761 807 794 867; x_wconf 94' lang='lat' dir='ltr'><strong>id</strong></span> <span class='ocrx_word' id='word_1_10' title='bbox 809 819 868 882; x_wconf 87' lang='lat' dir='ltr'><strong>est,</strong></span> <span class='ocrx_word' id='word_1_11' title='bbox 880 803 1092 868; x_wconf 80' lang='lat' dir='ltr'><strong>Theocritiae:</strong></span> <span class='ocrx_word' id='word_1_12' title='bbox 1108 811 1210 894; x_wconf 80' lang='lat' dir='ltr'><strong>sequi-</strong></span> 
     </span>
     <span class='ocr_line' id='line_1_4' title="bbox 171 897 1212 978; baseline 0.002 -22"><span class='ocrx_word' id='word_1_13' title='bbox 171 909 221 957; x_wconf 90' lang='lat' dir='ltr'><strong>tur</strong></span> <span class='ocrx_word' id='word_1_14' title='bbox 235 899 332 974; x_wconf 86' lang='lat' dir='ltr'><strong>ratio,</strong></span> <span class='ocrx_word' id='word_1_15' title='bbox 348 921 404 960; x_wconf 90' lang='lat' dir='ltr'><strong>cur</strong></span> <span class='ocrx_word' id='word_1_16' title='bbox 417 920 501 959; x_wconf 91' lang='lat' dir='ltr'><strong>nunc</strong></span> <span class='ocrx_word' id='word_1_17' title='bbox 516 899 620 959; x_wconf 81' lang='lat' dir='ltr'><strong>Musas</strong></span> <span class='ocrx_word' id='word_1_18' title='bbox 637 897 844 969; x_wconf 79' lang='lat' dir='ltr'><strong>invocaverit,</strong></span> <span class='ocrx_word' id='word_1_19' title='bbox 866 915 920 954; x_wconf 91' lang='lat' dir='ltr'><strong>cur</strong></span> <span class='ocrx_word' id='word_1_20' title='bbox 936 909 1025 955; x_wconf 85' lang='lat' dir='ltr'><strong>canat</strong></span> <span class='ocrx_word' id='word_1_21' title='bbox 1038 897 1133 978; x_wconf 88' lang='lat' dir='ltr'><strong>paulo</strong></span> <span class='ocrx_word' id='word_1_22' title='bbox 1145 920 1212 958; x_wconf 81' lang='lat' dir='ltr'><strong>ma·</strong></span> 
     </span>
     <span class='ocr_line' id='line_1_5' title="bbox 166 984 1212 1070; baseline 0.002 -24"><span class='ocrx_word' id='word_1_23' title='bbox 166 985 255 1068; x_wconf 85' lang='lat' dir='ltr'><strong>jora:</strong></span> <span class='ocrx_word' id='word_1_24' title='bbox 278 990 353 1070; x_wconf 88' lang='lat' dir='ltr'><strong>quia</strong></span> <span class='ocrx_word' id='word_1_25' title='bbox 364 988 525 1064; x_wconf 85' lang='lat' dir='ltr'><strong>videlicet,</strong></span> <span class='ocrx_word' id='word_1_26' title='bbox 542 1009 608 1048; x_wconf 92' lang='lat' dir='ltr'><strong>non</strong></span> <span class='ocrx_word' id='word_1_27' title='bbox 622 1005 732 1046; x_wconf 85' lang='lat' dir='ltr'><strong>omnes</strong></span> <span class='ocrx_word' id='word_1_28' title='bbox 746 984 939 1045; x_wconf 86' lang='lat' dir='ltr'><strong>delectantur</strong></span> <span class='ocrx_word' id='word_1_29' title='bbox 953 986 1099 1060; x_wconf 81' lang='lat' dir='ltr'><strong>arbustis,</strong></span> <span class='ocrx_word' id='word_1_30' title='bbox 1118 991 1212 1069; x_wconf 77' lang='lat' dir='ltr'><strong>myri·</strong></span> 
     </span>
     <span class='ocr_line' id='line_1_6' title="bbox 169 1071 1215 1157; baseline 0.003 -23"><span class='ocrx_word' id='word_1_31' title='bbox 169 1075 274 1155; x_wconf 81' lang='lat' dir='ltr'><strong>cisque</strong></span> <span class='ocrx_word' id='word_1_32' title='bbox 291 1073 498 1138; x_wconf 84' lang='lat' dir='ltr'><strong>humillimis:</strong></span> <span class='ocrx_word' id='word_1_33' title='bbox 519 1073 667 1156; x_wconf 76' lang='lat' dir='ltr'><strong>intelligit</strong></span> <span class='ocrx_word' id='word_1_34' title='bbox 681 1095 760 1156; x_wconf 90' lang='lat' dir='ltr'><strong>opus</strong></span> <span class='ocrx_word' id='word_1_35' title='bbox 772 1071 970 1150; x_wconf 84' lang='lat' dir='ltr'><strong>Bucolicum,</strong></span> <span class='ocrx_word' id='word_1_36' title='bbox 986 1072 1071 1156; x_wconf 92' lang='lat' dir='ltr'><strong>quod</strong></span> <span class='ocrx_word' id='word_1_37' title='bbox 1090 1076 1215 1157; x_wconf 81' lang='lat' dir='ltr'><strong>signant</strong></span> 
     </span>
     <span class='ocr_line' id='line_1_7' title="bbox 170 1154 886 1249; baseline 0.004 -25"><span class='ocrx_word' id='word_1_38' title='bbox 170 1165 355 1242; x_wconf 83' lang='lat' dir='ltr'><strong>arbusta,et</strong></span> <span class='ocrx_word' id='word_1_39' title='bbox 368 1168 506 1249; x_wconf 72' lang='lat' dir='ltr'><strong>myricae.</strong></span> <span class='ocrx_word' id='word_1_40' title='bbox 882 1154 886 1164; x_wconf 51' lang='lat'><em>¹</em></span> 
     </span>
    </p>

    <p class='ocr_par' dir='ltr' id='par_1_4' title="bbox 169 1249 1218 1686">
     <span class='ocr_line' id='line_1_8' title="bbox 209 1249 1216 1336; baseline 0.004 -24"><span class='ocrx_word' id='word_1_41' title='bbox 209 1253 238 1312; x_wconf 85' lang='lat'><strong>3.</strong></span> <span class='ocrx_word' id='word_1_42' title='bbox 252 1252 397 1334; x_wconf 79' lang='lat' dir='ltr'><strong>Sequitur</strong></span> <span class='ocrx_word' id='word_1_43' title='bbox 408 1254 563 1313; x_wconf 84' lang='lat' dir='ltr'><strong>excusatio</strong></span> <span class='ocrx_word' id='word_1_44' title='bbox 576 1272 646 1312; x_wconf 90' lang='lat' dir='ltr'><strong>cum</strong></span> <span class='ocrx_word' id='word_1_45' title='bbox 661 1261 802 1332; x_wconf 85' lang='lat' dir='ltr'><strong>respectu</strong></span> <span class='ocrx_word' id='word_1_46' title='bbox 813 1249 852 1310; x_wconf 90' lang='lat' dir='ltr'><strong>ad</strong></span> <span class='ocrx_word' id='word_1_47' title='bbox 864 1250 1056 1326; x_wconf 87' lang='lat' dir='ltr'><strong>Pollionem,</strong></span> <span class='ocrx_word' id='word_1_48' title='bbox 1069 1255 1156 1336; x_wconf 84' lang='lat' dir='ltr'><strong>quasi</strong></span> <span class='ocrx_word' id='word_1_49' title='bbox 1170 1255 1216 1316; x_wconf 93' lang='lat' dir='ltr'><strong>di-</strong></span> 
     </span>
     <span class='ocr_line' id='line_1_9' title="bbox 169 1340 1216 1426; baseline 0.003 -24"><span class='ocrx_word' id='word_1_50' title='bbox 169 1354 235 1402; x_wconf 90' lang='lat' dir='ltr'><strong>cat:</strong></span> <span class='ocrx_word' id='word_1_51' title='bbox 247 1361 335 1422; x_wconf 77' lang='lat' dir='ltr'><strong>roges</strong></span> <span class='ocrx_word' id='word_1_52' title='bbox 345 1341 463 1414; x_wconf 90' lang='lat' dir='ltr'><strong>Pollio,</strong></span> <span class='ocrx_word' id='word_1_53' title='bbox 476 1363 531 1401; x_wconf 90' lang='lat' dir='ltr'><strong>cur</strong></span> <span class='ocrx_word' id='word_1_54' title='bbox 539 1363 584 1400; x_wconf 92' lang='lat' dir='ltr'><strong>res</strong></span> <span class='ocrx_word' id='word_1_55' title='bbox 593 1359 722 1421; x_wconf 79' lang='lat' dir='ltr'><strong>magnas</strong></span> <span class='ocrx_word' id='word_1_56' title='bbox 732 1352 824 1420; x_wconf 84' lang='lat' dir='ltr'><strong>atque</strong></span> <span class='ocrx_word' id='word_1_57' title='bbox 832 1341 959 1399; x_wconf 87' lang='lat' dir='ltr'><strong>eximias</strong></span> <span class='ocrx_word' id='word_1_58' title='bbox 969 1340 1063 1400; x_wconf 92' lang='lat' dir='ltr'><strong>velim</strong></span> <span class='ocrx_word' id='word_1_59' title='bbox 1072 1346 1216 1426; x_wconf 81' lang='lat' dir='ltr'><strong>persequi</strong></span> 
     </span>
     <span class='ocr_line' id='line_1_10' title="bbox 170 1427 1218 1513; baseline 0.005 -25"><span class='ocrx_word' id='word_1_60' title='bbox 170 1427 233 1491; x_wconf 89' lang='lat' dir='ltr'><strong>hoc</strong></span> <span class='ocrx_word' id='word_1_61' title='bbox 243 1451 333 1490; x_wconf 85' lang='lat' dir='ltr'><strong>cursu</strong></span> <span class='ocrx_word' id='word_1_62' title='bbox 345 1430 541 1513; x_wconf 84' lang='lat' dir='ltr'><strong>sylvestrium</strong></span> <span class='ocrx_word' id='word_1_63' title='bbox 553 1427 761 1511; x_wconf 77' lang='lat' dir='ltr'><strong>Eclogarum?</strong></span> <span class='ocrx_word' id='word_1_64' title='bbox 772 1428 823 1488; x_wconf 89' lang='lat' dir='ltr'><strong>sed</strong></span> <span class='ocrx_word' id='word_1_65' title='bbox 836 1429 1016 1490; x_wconf 87' lang='lat' dir='ltr'><strong>memineris</strong></span> <span class='ocrx_word' id='word_1_66' title='bbox 1029 1431 1176 1491; x_wconf 89' lang='lat' dir='ltr'><strong>arborum</strong></span> <span class='ocrx_word' id='word_1_67' title='bbox 1187 1446 1218 1493; x_wconf 90' lang='lat' dir='ltr'><strong>et</strong></span> 
     </span>
     <span class='ocr_line' id='line_1_11' title="bbox 172 1517 1215 1601; baseline 0.003 -23"><span class='ocrx_word' id='word_1_68' title='bbox 172 1517 328 1601; x_wconf 78' lang='lat' dir='ltr'><strong>sylvarum</strong></span> <span class='ocrx_word' id='word_1_69' title='bbox 345 1539 451 1578; x_wconf 84' lang='lat' dir='ltr'><strong>curam</strong></span> <span class='ocrx_word' id='word_1_70' title='bbox 471 1520 510 1579; x_wconf 92' lang='lat' dir='ltr'><strong>ad</strong></span> <span class='ocrx_word' id='word_1_71' title='bbox 530 1519 681 1579; x_wconf 87' lang='lat' dir='ltr'><strong>Consules</strong></span> <span class='ocrx_word' id='word_1_72' title='bbox 700 1538 825 1600; x_wconf 90' lang='lat' dir='ltr'><strong>quoque</strong></span> <span class='ocrx_word' id='word_1_73' title='bbox 841 1519 1011 1599; x_wconf 86' lang='lat' dir='ltr'><strong>pertinere,</strong></span> <span class='ocrx_word' id='word_1_74' title='bbox 1028 1533 1122 1601; x_wconf 87' lang='lat' dir='ltr'><strong>atque</strong></span> <span class='ocrx_word' id='word_1_75' title='bbox 1138 1520 1215 1581; x_wconf 86' lang='lat' dir='ltr'><strong>adeo</strong></span> 
     </span>
     <span class='ocr_line' id='line_1_12' title="bbox 173 1603 768 1686; baseline 0.003 -22"><span class='ocrx_word' id='word_1_76' title='bbox 173 1605 283 1686; x_wconf 76' lang='lat' dir='ltr'><strong>dignas</strong></span> <span class='ocrx_word' id='word_1_77' title='bbox 297 1621 327 1666; x_wconf 93' lang='lat' dir='ltr'><strong>te</strong></span> <span class='ocrx_word' id='word_1_78' title='bbox 341 1627 415 1666; x_wconf 85' lang='lat' dir='ltr'><strong>esse.</strong></span> <span class='ocrx_word' id='word_1_79' title='bbox 433 1605 506 1670; x_wconf 83' lang='lat' dir='ltr'><strong>Vide</strong></span> <span class='ocrx_word' id='word_1_80' title='bbox 517 1621 618 1670; x_wconf 81' lang='lat' dir='ltr'><strong>notam</strong></span> <span class='ocrx_word' id='word_1_81' title='bbox 631 1607 663 1680; x_wconf 90' lang='grc'><strong>3,</strong></span> <span class='ocrx_word' id='word_1_82' title='bbox 677 1603 768 1666; x_wconf 86' lang='lat' dir='ltr'><strong>infra.</strong></span> 
     </span>
    </p>

    <p class='ocr_par' dir='ltr' id='par_1_5' title="bbox 171 1691 1218 2046">
     <span class='ocr_line' id='line_1_13' title="bbox 212 1691 1218 1777; baseline 0.004 -25"><span class='ocrx_word' id='word_1_83' title='bbox 212 1691 241 1767; x_wconf 63' lang='lat' dir='ltr'><strong>lp.</strong></span> <span class='ocrx_word' id='word_1_84' title='bbox 250 1693 344 1768; x_wconf 87' lang='lat' dir='ltr'><strong>Vide,</strong></span> <span class='ocrx_word' id='word_1_85' title='bbox 359 1714 420 1774; x_wconf 87' lang='lat' dir='ltr'><strong>qua</strong></span> <span class='ocrx_word' id='word_1_86' title='bbox 433 1695 649 1776; x_wconf 78' lang='lat' dir='ltr'><strong>magnitudine</strong></span> <span class='ocrx_word' id='word_1_87' title='bbox 664 1694 814 1754; x_wconf 86' lang='lat' dir='ltr'><strong>orationis</strong></span> <span class='ocrx_word' id='word_1_88' title='bbox 823 1691 970 1774; x_wconf 74' lang='lat' dir='ltr'><strong>incipiat?</strong></span> <span class='ocrx_word' id='word_1_89' title='bbox 981 1695 1098 1756; x_wconf 80' lang='lat' dir='ltr'><strong>venisse</strong></span> <span class='ocrx_word' id='word_1_90' title='bbox 1112 1696 1218 1777; x_wconf 89' lang='lat' dir='ltr'><strong>inquit</strong></span> 
     </span>
     <span class='ocr_line' id='line_1_14' title="bbox 171 1780 1217 1864; baseline 0.003 -24"><span class='ocrx_word' id='word_1_91' title='bbox 171 1796 340 1842; x_wconf 82' lang='lat' dir='ltr'><strong>extremam</strong></span> <span class='ocrx_word' id='word_1_92' title='bbox 348 1782 434 1843; x_wconf 88' lang='lat' dir='ltr'><strong>illam</strong></span> <span class='ocrx_word' id='word_1_93' title='bbox 443 1799 563 1845; x_wconf 80' lang='lat' dir='ltr'><strong>aetatem</strong></span> <span class='ocrx_word' id='word_1_94' title='bbox 571 1797 726 1845; x_wconf 85' lang='lat' dir='ltr'><strong>cantatam</strong></span> <span class='ocrx_word' id='word_1_95' title='bbox 734 1780 774 1841; x_wconf 91' lang='lat' dir='ltr'><strong>ab</strong></span> <span class='ocrx_word' id='word_1_96' title='bbox 785 1781 910 1864; x_wconf 74' lang='lat' dir='ltr'><strong>Sibylla</strong></span> <span class='ocrx_word' id='word_1_97' title='bbox 921 1782 1054 1842; x_wconf 84' lang='lat' dir='ltr'><strong>Cumaeae</strong></span> <span class='ocrx_word' id='word_1_98' title='bbox 1064 1786 1217 1860; x_wconf 78' lang='lat' dir='ltr'><strong>carmine3</strong></span> 
     </span>
     <span class='ocr_line' id='line_1_15' title="bbox 171 1871 1217 1956; baseline 0.006 -28"><span class='ocrx_word' id='word_1_99' title='bbox 171 1871 206 1929; x_wconf 89' lang='lat' dir='ltr'><strong>in</strong></span> <span class='ocrx_word' id='word_1_100' title='bbox 225 1891 289 1952; x_wconf 86' lang='lat' dir='ltr'><strong>qua</strong></span> <span class='ocrx_word' id='word_1_101' title='bbox 304 1885 393 1932; x_wconf 78' lang='lat' dir='ltr'><strong>aetnte</strong></span> <span class='ocrx_word' id='word_1_102' title='bbox 410 1875 546 1934; x_wconf 88' lang='lat' dir='ltr'><strong>nascitur</strong></span> <span class='ocrx_word' id='word_1_103' title='bbox 562 1872 641 1934; x_wconf 93' lang='lat' dir='ltr'><strong>ordo</strong></span> <span class='ocrx_word' id='word_1_104' title='bbox 658 1872 787 1954; x_wconf 88' lang='lat' dir='ltr'><strong>quidam</strong></span> <span class='ocrx_word' id='word_1_105' title='bbox 804 1891 961 1932; x_wconf 86' lang='lat' dir='ltr'><strong>annorum</strong></span> <span class='ocrx_word' id='word_1_106' title='bbox 977 1873 1110 1933; x_wconf 79' lang='lat' dir='ltr'><strong>eximius</strong></span> <span class='ocrx_word' id='word_1_107' title='bbox 1126 1887 1217 1956; x_wconf 83' lang='lat' dir='ltr'><strong>atque</strong></span> 
     </span>
     <span class='ocr_line' id='line_1_16' title="bbox 172 1959 1094 2046; baseline 0.002 -24"><span class='ocrx_word' id='word_1_108' title='bbox 172 1959 331 2022; x_wconf 80' lang='lat' dir='ltr'><strong>excellens.</strong></span> <span class='ocrx_word' id='word_1_109' title='bbox 346 1963 403 2024; x_wconf 86' lang='lat' dir='ltr'><strong>Sed</strong></span> <span class='ocrx_word' id='word_1_110' title='bbox 418 1965 487 2046; x_wconf 88' lang='lat' dir='ltr'><strong>quis</strong></span> <span class='ocrx_word' id='word_1_111' title='bbox 501 1963 551 2024; x_wconf 87' lang='lat' dir='ltr'><strong>hic</strong></span> <span class='ocrx_word' id='word_1_112' title='bbox 563 1964 641 2026; x_wconf 91' lang='lat' dir='ltr'><strong>ordo</strong></span> <span class='ocrx_word' id='word_1_113' title='bbox 656 1981 789 2044; x_wconf 76' lang='lat' dir='ltr'><strong>maguus</strong></span> <span class='ocrx_word' id='word_1_114' title='bbox 804 1960 996 2023; x_wconf 83' lang='lat' dir='ltr'><strong>seculorum?</strong></span> <span class='ocrx_word' id='word_1_115' title='bbox 1009 1961 1094 2024; x_wconf 87' lang='lat' dir='ltr'><strong>audi.</strong></span> 
     </span>
    </p>
   </div>
   <div class='ocr_carea' id='block_1_4' title="bbox 625 2142 760 2204">
    <p class='ocr_par' dir='ltr' id='par_1_6' title="bbox 625 2142 760 2204">
     <span class='ocr_line' id='line_1_17' title="bbox 625 2142 760 2204; baseline -0.015 0"><span class='ocrx_word' id='word_1_116' title='bbox 625 2143 652 2204; x_wconf 91' lang='lat' dir='ltr'>N</span> <span class='ocrx_word' id='word_1_117' title='bbox 658 2142 760 2204; x_wconf 81' lang='lat' dir='ltr'><strong>OTAE.</strong></span> 
     </span>
    </p>
   </div>
   <div class='ocr_carea' id='block_1_5' title="bbox 173 2297 1228 4200">
    <p class='ocr_par' dir='ltr' id='par_1_7' title="bbox 173 2297 1225 3645">
     <span class='ocr_line' id='line_1_18' title="bbox 212 2297 1220 2372; baseline 0.004 -22"><span class='ocrx_word' id='word_1_118' title='bbox 212 2315 235 2350; x_wconf 88' lang='grc' dir='ltr'><strong>ι,</strong></span> <span class='ocrx_word' id='word_1_119' title='bbox 247 2297 371 2354; x_wconf 79' lang='lat' dir='ltr'><strong>Sicelides</strong></span> <span class='ocrx_word' id='word_1_120' title='bbox 382 2303 474 2357; x_wconf 75' lang='lat' dir='ltr'><strong>Musa.</strong></span> <span class='ocrx_word' id='word_1_121' title='bbox 487 2302 614 2358; x_wconf 79' lang='lat' dir='ltr'><strong>Sicelides</strong></span> <span class='ocrx_word' id='word_1_122' title='bbox 629 2321 675 2356; x_wconf 81' lang='lat' dir='ltr'><strong>au·</strong></span> <span class='ocrx_word' id='word_1_123' title='bbox 717 2319 866 2372; x_wconf 85' lang='lat' dir='ltr'><strong>nunquam,</strong></span> <span class='ocrx_word' id='word_1_124' title='bbox 875 2311 976 2352; x_wconf 85' lang='lat' dir='ltr'><strong>certum</strong></span> <span class='ocrx_word' id='word_1_125' title='bbox 985 2311 1033 2352; x_wconf 83' lang='lat' dir='ltr'><strong>est.</strong></span> <span class='ocrx_word' id='word_1_126' title='bbox 1045 2299 1097 2354; x_wconf 84' lang='lat' dir='ltr'><strong>Sed</strong></span> <span class='ocrx_word' id='word_1_127' title='bbox 1103 2299 1157 2354; x_wconf 90' lang='lat' dir='ltr'><strong>hoc</strong></span> <span class='ocrx_word' id='word_1_128' title='bbox 1164 2317 1220 2354; x_wconf 82' lang='lat' dir='ltr'><strong>non</strong></span> 
     </span>
     <span class='ocr_line' id='line_1_19' title="bbox 173 2377 1221 2437; baseline 0.003 -8"><span class='ocrx_word' id='word_1_129' title='bbox 173 2389 227 2432; x_wconf 78' lang='lat' dir='ltr'><strong>tem</strong></span> <span class='ocrx_word' id='word_1_130' title='bbox 241 2379 362 2432; x_wconf 73' lang='lat' dir='ltr'><strong>Gracum</strong></span> <span class='ocrx_word' id='word_1_131' title='bbox 376 2395 424 2434; x_wconf 79' lang='lat' dir='ltr'><strong>est.</strong></span> <span class='ocrx_word' id='word_1_132' title='bbox 443 2384 536 2437; x_wconf 67' lang='lat' dir='ltr'><strong>Latine</strong></span> <span class='ocrx_word' id='word_1_133' title='bbox 549 2385 620 2436; x_wconf 76' lang='lat' dir='ltr'><strong>enim</strong></span> <span class='ocrx_word' id='word_1_134' title='bbox 636 2384 675 2436; x_wconf 85' lang='lat' dir='ltr'><strong>Si·</strong></span> <span class='ocrx_word' id='word_1_135' title='bbox 716 2378 824 2432; x_wconf 86' lang='lat' dir='ltr'><strong>videtur</strong></span> <span class='ocrx_word' id='word_1_136' title='bbox 840 2383 950 2430; x_wconf 88' lang='lat' dir='ltr'><strong>innuere</strong></span> <span class='ocrx_word' id='word_1_137' title='bbox 963 2379 1048 2430; x_wconf 85' lang='lat' dir='ltr'><strong>Maro.</strong></span> <span class='ocrx_word' id='word_1_138' title='bbox 1069 2377 1145 2430; x_wconf 73' lang='lat' dir='ltr'><strong>Cure</strong></span> <span class='ocrx_word' id='word_1_139' title='bbox 1163 2379 1221 2432; x_wconf 79' lang='lat' dir='ltr'><strong>vult</strong></span> 
     </span>
     <span class='ocr_line' id='line_1_20' title="bbox 175 2456 1221 2528; baseline 0.003 -19"><span class='ocrx_word' id='word_1_140' title='bbox 175 2457 297 2510; x_wconf 78' lang='lat' dir='ltr'><strong>tilienses</strong></span> <span class='ocrx_word' id='word_1_141' title='bbox 311 2459 389 2526; x_wconf 80' lang='lat' dir='ltr'><strong>facit,</strong></span> <span class='ocrx_word' id='word_1_142' title='bbox 402 2460 430 2511; x_wconf 93' lang='lat' dir='ltr'><strong>id</strong></span> <span class='ocrx_word' id='word_1_143' title='bbox 441 2475 495 2528; x_wconf 82' lang='lat' dir='ltr'><strong>est,</strong></span> <span class='ocrx_word' id='word_1_144' title='bbox 505 2461 673 2514; x_wconf 75' lang='lat' dir='ltr'><strong>Theocritiae,</strong></span> <span class='ocrx_word' id='word_1_145' title='bbox 718 2476 792 2522; x_wconf 84' lang='lat' dir='ltr'><strong>esse,</strong></span> <span class='ocrx_word' id='word_1_146' title='bbox 807 2475 840 2508; x_wconf 87' lang='lat' dir='ltr'><strong>ne</strong></span> <span class='ocrx_word' id='word_1_147' title='bbox 854 2456 951 2526; x_wconf 82' lang='lat' dir='ltr'><strong>abjecti</strong></span> <span class='ocrx_word' id='word_1_148' title='bbox 968 2456 1130 2509; x_wconf 80' lang='lat' dir='ltr'><strong>characteris</strong></span> <span class='ocrx_word' id='word_1_149' title='bbox 1147 2461 1181 2511; x_wconf 87' lang='lat' dir='ltr'><strong>sit</strong></span> <span class='ocrx_word' id='word_1_150' title='bbox 1193 2471 1221 2512; x_wconf 88' lang='lat' dir='ltr'><strong>et</strong></span> 
     </span>
     <span class='ocr_line' id='line_1_21' title="bbox 174 2533 1224 2612; baseline 0.006 -26"><span class='ocrx_word' id='word_1_151' title='bbox 174 2534 672 2612; x_wconf 71' lang='lat' dir='ltr'><strong>hlamThcocritnsSyracusanusiuit;</strong></span> <span class='ocrx_word' id='word_1_152' title='bbox 718 2533 1224 2609; x_wconf 57' lang='lat' dir='ltr'><strong>infraConsularemdignitatemque</strong></span> 
     </span>
     <span class='ocr_line' id='line_1_22' title="bbox 174 2613 1223 2692; baseline 0.002 -24"><span class='ocrx_word' id='word_1_153' title='bbox 174 2633 254 2688; x_wconf 86' lang='lat' dir='ltr'><strong>quem</strong></span> <span class='ocrx_word' id='word_1_154' title='bbox 270 2617 297 2669; x_wconf 86' lang='lat' dir='ltr'><strong>in</strong></span> <span class='ocrx_word' id='word_1_155' title='bbox 313 2617 366 2671; x_wconf 91' lang='lat' dir='ltr'><strong>hoc</strong></span> <span class='ocrx_word' id='word_1_156' title='bbox 383 2637 465 2690; x_wconf 86' lang='lat' dir='ltr'><strong>opere</strong></span> <span class='ocrx_word' id='word_1_157' title='bbox 476 2619 603 2692; x_wconf 75' lang='lat' dir='ltr'><strong>Virgilius</strong></span> <span class='ocrx_word' id='word_1_158' title='bbox 618 2621 675 2673; x_wconf 86' lang='lat' dir='ltr'><strong>inri-</strong></span> <span class='ocrx_word' id='word_1_159' title='bbox 719 2614 785 2688; x_wconf 92' lang='lat' dir='ltr'><strong>quid</strong></span> <span class='ocrx_word' id='word_1_160' title='bbox 796 2627 908 2668; x_wconf 84' lang='lat' dir='ltr'><strong>cauetur</strong></span> <span class='ocrx_word' id='word_1_161' title='bbox 920 2613 953 2667; x_wconf 86' lang='lat' dir='ltr'><strong>de</strong></span> <span class='ocrx_word' id='word_1_162' title='bbox 966 2633 1069 2669; x_wconf 86' lang='lat' dir='ltr'><strong>summo</strong></span> <span class='ocrx_word' id='word_1_163' title='bbox 1082 2617 1154 2686; x_wconf 85' lang='lat' dir='ltr'><strong>viro,</strong></span> <span class='ocrx_word' id='word_1_164' title='bbox 1167 2637 1223 2672; x_wconf 84' lang='lat' dir='ltr'><strong>car·</strong></span> 
     </span>
     <span class='ocr_line' id='line_1_23' title="bbox 173 2693 942 2772; baseline -0.003 -24"><span class='ocrx_word' id='word_1_165' title='bbox 173 2709 254 2749; x_wconf 84' lang='lat' dir='ltr'><strong>tatur.</strong></span> <span class='ocrx_word' id='word_1_166' title='bbox 270 2698 352 2765; x_wconf 84' lang='lat' dir='ltr'><strong>Sunt,</strong></span> <span class='ocrx_word' id='word_1_167' title='bbox 369 2702 416 2770; x_wconf 89' lang='lat' dir='ltr'><strong>qui</strong></span> <span class='ocrx_word' id='word_1_168' title='bbox 431 2713 544 2772; x_wconf 69' lang='lat' dir='ltr'><strong>negant,</strong></span> <span class='ocrx_word' id='word_1_169' title='bbox 562 2701 675 2753; x_wconf 86' lang='lat' dir='ltr'><strong>carmini</strong></span> <span class='ocrx_word' id='word_1_170' title='bbox 718 2697 791 2749; x_wconf 82' lang='lat' dir='ltr'><strong>mine</strong></span> <span class='ocrx_word' id='word_1_171' title='bbox 802 2693 942 2766; x_wconf 79' lang='lat' dir='ltr'><strong>pastorali.</strong></span> 
     </span>
     <span class='ocr_line' id='line_1_24' title="bbox 173 2773 1222 2851; baseline 0.005 -24"><span class='ocrx_word' id='word_1_172' title='bbox 173 2776 304 2848; x_wconf 84' lang='lat' dir='ltr'><strong>pastorali</strong></span> <span class='ocrx_word' id='word_1_173' title='bbox 321 2779 503 2831; x_wconf 77' lang='lat' dir='ltr'><strong>invocationes</strong></span> <span class='ocrx_word' id='word_1_174' title='bbox 514 2781 674 2846; x_wconf 86' lang='lat' dir='ltr'><strong>convenire,</strong></span> <span class='ocrx_word' id='word_1_175' title='bbox 790 2775 815 2844; x_wconf 72' lang='lat' dir='ltr'><strong>d</strong></span> <span class='ocrx_word' id='word_1_176' title='bbox 840 2773 940 2828; x_wconf 81' lang='lat' dir='ltr'><strong>Ultima</strong></span> <span class='ocrx_word' id='word_1_177' title='bbox 959 2776 1059 2829; x_wconf 80' lang='lat' dir='ltr'><strong>Cumoei</strong></span> <span class='ocrx_word' id='word_1_178' title='bbox 1078 2778 1222 2851; x_wconf 74' lang='lat' dir='ltr'><strong>vertitjam</strong></span> 
     </span>
     <span class='ocr_line' id='line_1_25' title="bbox 174 2853 1221 2931; baseline 0.003 -22"><span class='ocrx_word' id='word_1_179' title='bbox 174 2875 243 2929; x_wconf 86' lang='lat' dir='ltr'><strong>qnos</strong></span> <span class='ocrx_word' id='word_1_180' title='bbox 257 2855 403 2929; x_wconf 87' lang='lat' dir='ltr'><strong>prudenter</strong></span> <span class='ocrx_word' id='word_1_181' title='bbox 419 2873 446 2912; x_wconf 90' lang='lat' dir='ltr'><strong>et</strong></span> <span class='ocrx_word' id='word_1_182' title='bbox 461 2857 564 2912; x_wconf 88' lang='lat' dir='ltr'><strong>erudite</strong></span> <span class='ocrx_word' id='word_1_183' title='bbox 577 2859 676 2913; x_wconf 77' lang='lat' dir='ltr'><strong>refellit</strong></span> <span class='ocrx_word' id='word_1_184' title='bbox 719 2855 845 2909; x_wconf 80' lang='lat' dir='ltr'><strong>caminis</strong></span> <span class='ocrx_word' id='word_1_185' title='bbox 856 2866 925 2908; x_wconf 68' lang='lat' dir='ltr'><strong>ctas,</strong></span> <span class='ocrx_word' id='word_1_186' title='bbox 940 2853 970 2906; x_wconf 96' lang='lat' dir='ltr'><strong>ld</strong></span> <span class='ocrx_word' id='word_1_187' title='bbox 982 2856 1150 2931; x_wconf 67' lang='lat' dir='ltr'><strong>est‚Sileloe,</strong></span> <span class='ocrx_word' id='word_1_188' title='bbox 1162 2877 1221 2931; x_wconf 83' lang='lat' dir='ltr'><strong>quae</strong></span> 
     </span>
     <span class='ocr_line' id='line_1_26' title="bbox 174 2935 1223 3012; baseline 0.001 -21"><span class='ocrx_word' id='word_1_189' title='bbox 174 2939 240 2991; x_wconf 82' lang='lat' dir='ltr'><strong>lien.</strong></span> <span class='ocrx_word' id='word_1_190' title='bbox 252 2938 386 3008; x_wconf 84' lang='lat' dir='ltr'><strong>llepinue,</strong></span> <span class='ocrx_word' id='word_1_191' title='bbox 398 2940 426 2992; x_wconf 87' lang='lat' dir='ltr'><strong>in</strong></span> <span class='ocrx_word' id='word_1_192' title='bbox 438 2939 530 2992; x_wconf 91' lang='lat' dir='ltr'><strong>libello</strong></span> <span class='ocrx_word' id='word_1_193' title='bbox 541 2938 575 2993; x_wconf 91' lang='lat' dir='ltr'><strong>de</strong></span> <span class='ocrx_word' id='word_1_194' title='bbox 586 2952 676 3012; x_wconf 85' lang='lat' dir='ltr'><strong>pasto·</strong></span> <span class='ocrx_word' id='word_1_195' title='bbox 719 2935 913 3002; x_wconf 61' lang='lat' dir='ltr'><strong>Gennanates,</strong></span> <span class='ocrx_word' id='word_1_196' title='bbox 924 2949 950 2988; x_wconf 85' lang='lat' dir='ltr'><strong>et</strong></span> <span class='ocrx_word' id='word_1_197' title='bbox 959 2935 1049 2990; x_wconf 85' lang='lat' dir='ltr'><strong>secula</strong></span> <span class='ocrx_word' id='word_1_198' title='bbox 1057 2939 1223 3010; x_wconf 78' lang='lat' dir='ltr'><strong>permetella</strong></span> 
     </span>
     <span class='ocr_line' id='line_1_27' title="bbox 175 3008 1222 3089; baseline 0.001 -19"><span class='ocrx_word' id='word_1_199' title='bbox 175 3015 226 3070; x_wconf 76' lang='lat' dir='ltr'><strong>tali</strong></span> <span class='ocrx_word' id='word_1_200' title='bbox 238 3014 370 3068; x_wconf 83' lang='lat' dir='ltr'><strong>Carmine.</strong></span> <span class='ocrx_word' id='word_1_201' title='bbox 382 3036 410 3089; x_wconf 93' lang='lat' dir='ltr'><strong>p.</strong></span> <span class='ocrx_word' id='word_1_202' title='bbox 431 3019 493 3085; x_wconf 70' lang='lat' dir='ltr'><strong>ida,</strong></span> <span class='ocrx_word' id='word_1_203' title='bbox 504 3018 576 3088; x_wconf 87' lang='lat' dir='ltr'><strong>quod</strong></span> <span class='ocrx_word' id='word_1_204' title='bbox 590 3037 676 3071; x_wconf 84' lang='lat' dir='ltr'><strong>assur·</strong></span> <span class='ocrx_word' id='word_1_205' title='bbox 720 3015 824 3076; x_wconf 86' lang='lat' dir='ltr'><strong>divisit;</strong></span> <span class='ocrx_word' id='word_1_206' title='bbox 837 3013 904 3067; x_wconf 83' lang='lat' dir='ltr'><strong>dixit</strong></span> <span class='ocrx_word' id='word_1_207' title='bbox 915 3015 996 3067; x_wconf 87' lang='lat' dir='ltr'><strong>etiem</strong></span> <span class='ocrx_word' id='word_1_208' title='bbox 1009 3018 1068 3087; x_wconf 83' lang='lat' dir='ltr'><strong>quis</strong></span> <span class='ocrx_word' id='word_1_209' title='bbox 1082 3008 1136 3089; x_wconf 63' lang='lat' dir='ltr'><strong>ouo</strong></span> <span class='ocrx_word' id='word_1_210' title='bbox 1149 3034 1222 3071; x_wconf 80' lang='lat' dir='ltr'><strong>teca·</strong></span> 
     </span>
     <span class='ocr_line' id='line_1_28' title="bbox 177 3092 1222 3166; baseline 0.006 -23"><span class='ocrx_word' id='word_1_211' title='bbox 177 3095 216 3166; x_wconf 70' lang='lat' dir='ltr'><strong>git</strong></span> <span class='ocrx_word' id='word_1_212' title='bbox 227 3092 383 3164; x_wconf 87' lang='lat' dir='ltr'><strong>aliquando,</strong></span> <span class='ocrx_word' id='word_1_213' title='bbox 391 3108 421 3147; x_wconf 86' lang='lat' dir='ltr'><strong>ut</strong></span> <span class='ocrx_word' id='word_1_214' title='bbox 432 3097 509 3148; x_wconf 81' lang='lat' dir='ltr'><strong>Voss.</strong></span> <span class='ocrx_word' id='word_1_215' title='bbox 518 3095 552 3149; x_wconf 90' lang='lat' dir='ltr'><strong>de</strong></span> <span class='ocrx_word' id='word_1_216' title='bbox 561 3098 674 3150; x_wconf 88' lang='lat' dir='ltr'><strong>institut.</strong></span> <span class='ocrx_word' id='word_1_217' title='bbox 718 3094 747 3148; x_wconf 92' lang='lat' dir='ltr'><strong>lo</strong></span> <span class='ocrx_word' id='word_1_218' title='bbox 761 3097 922 3166; x_wconf 80' lang='lat' dir='ltr'><strong>imperaret:</strong></span> <span class='ocrx_word' id='word_1_219' title='bbox 936 3107 962 3146; x_wconf 91' lang='lat' dir='ltr'><strong>et</strong></span> <span class='ocrx_word' id='word_1_220' title='bbox 975 3094 1064 3148; x_wconf 85' lang='lat' dir='ltr'><strong>Solem</strong></span> <span class='ocrx_word' id='word_1_221' title='bbox 1081 3097 1222 3166; x_wconf 87' lang='lat' dir='ltr'><strong>ultimum,</strong></span> 
     </span>
     <span class='ocr_line' id='line_1_29' title="bbox 176 3171 1222 3247; baseline 0.009 -24"><span class='ocrx_word' id='word_1_222' title='bbox 176 3173 229 3238; x_wconf 92' lang='lat' dir='ltr'><strong>lll,</strong></span> <span class='ocrx_word' id='word_1_223' title='bbox 246 3171 316 3224; x_wconf 82' lang='lat'><strong>8.-</strong></span> <span class='ocrx_word' id='word_1_224' title='bbox 328 3171 415 3225; x_wconf 82' lang='lat' dir='ltr'><strong>Paulo</strong></span> <span class='ocrx_word' id='word_1_225' title='bbox 428 3177 528 3247; x_wconf 81' lang='lat' dir='ltr'><strong>majora</strong></span> <span class='ocrx_word' id='word_1_226' title='bbox 541 3193 675 3230; x_wconf 75' lang='lat' dir='ltr'><strong>commus.</strong></span> <span class='ocrx_word' id='word_1_227' title='bbox 721 3174 749 3227; x_wconf 94' lang='lat' dir='ltr'><strong>id</strong></span> <span class='ocrx_word' id='word_1_228' title='bbox 768 3187 808 3228; x_wconf 87' lang='lat' dir='ltr'><strong>est</strong></span> <span class='ocrx_word' id='word_1_229' title='bbox 826 3175 960 3227; x_wconf 86' lang='lat' dir='ltr'><strong>decimum</strong></span> <span class='ocrx_word' id='word_1_230' title='bbox 979 3175 1073 3227; x_wconf 90' lang='lat' dir='ltr'><strong>voluit.</strong></span> <span class='ocrx_word' id='word_1_231' title='bbox 1092 3177 1222 3232; x_wconf 77' lang='lat' dir='ltr'><strong>Novimus</strong></span> 
     </span>
     <span class='ocr_line' id='line_1_30' title="bbox 178 3249 1222 3326; baseline 0.004 -21"><span class='ocrx_word' id='word_1_232' title='bbox 178 3249 341 3320; x_wconf 82' lang='lat' dir='ltr'><strong>Benepattlo</strong></span> <span class='ocrx_word' id='word_1_233' title='bbox 355 3251 421 3304; x_wconf 88' lang='lat' dir='ltr'><strong>dicit</strong></span> <span class='ocrx_word' id='word_1_234' title='bbox 436 3275 443 3304; x_wconf 73' lang='grc' dir='ltr'>ι</span> <span class='ocrx_word' id='word_1_235' title='bbox 460 3271 523 3305; x_wconf 89' lang='lat' dir='ltr'><strong>uam</strong></span> <span class='ocrx_word' id='word_1_236' title='bbox 539 3252 601 3306; x_wconf 86' lang='lat' dir='ltr'><strong>licet</strong></span> <span class='ocrx_word' id='word_1_237' title='bbox 619 3253 676 3306; x_wconf 80' lang='lat' dir='ltr'><strong>haec</strong></span> <span class='ocrx_word' id='word_1_238' title='bbox 723 3266 812 3306; x_wconf 84' lang='lat' dir='ltr'><strong>autem</strong></span> <span class='ocrx_word' id='word_1_239' title='bbox 840 3251 954 3304; x_wconf 85' lang='lat' dir='ltr'><strong>eundem</strong></span> <span class='ocrx_word' id='word_1_240' title='bbox 980 3271 1037 3306; x_wconf 85' lang='lat' dir='ltr'><strong>esse</strong></span> <span class='ocrx_word' id='word_1_241' title='bbox 1062 3255 1222 3326; x_wconf 82' lang='lat' dir='ltr'><strong>Apollinem.</strong></span> 
     </span>
     <span class='ocr_line' id='line_1_31' title="bbox 179 3329 1225 3409; baseline 0.003 -23"><span class='ocrx_word' id='word_1_242' title='bbox 179 3332 273 3404; x_wconf 69' lang='lat' dir='ltr'><strong>ecloga</strong></span> <span class='ocrx_word' id='word_1_243' title='bbox 284 3329 405 3384; x_wconf 82' lang='lat' dir='ltr'><strong>discedat</strong></span> <span class='ocrx_word' id='word_1_244' title='bbox 417 3351 433 3384; x_wconf 85' lang='lat' dir='ltr'><strong>a</strong></span> <span class='ocrx_word' id='word_1_245' title='bbox 449 3331 574 3408; x_wconf 63' lang='lat' dir='ltr'><strong>bucolico</strong></span> <span class='ocrx_word' id='word_1_246' title='bbox 584 3334 679 3384; x_wconf 85' lang='lat' dir='ltr'><strong>carmi·</strong></span> <span class='ocrx_word' id='word_1_247' title='bbox 723 3331 801 3384; x_wconf 89' lang='lat' dir='ltr'><strong>Unde</strong></span> <span class='ocrx_word' id='word_1_248' title='bbox 811 3331 890 3399; x_wconf 83' lang='lat' dir='ltr'><strong>dicit,</strong></span> <span class='ocrx_word' id='word_1_249' title='bbox 903 3332 1033 3404; x_wconf 79' lang='lat' dir='ltr'><strong>Tuusjam</strong></span> <span class='ocrx_word' id='word_1_250' title='bbox 1045 3346 1137 3407; x_wconf 66' lang='lat' dir='ltr'><strong>repam</strong></span> <span class='ocrx_word' id='word_1_251' title='bbox 1145 3335 1225 3409; x_wconf 83' lang='lat' dir='ltr'><strong>Apol·</strong></span> 
     </span>
     <span class='ocr_line' id='line_1_32' title="bbox 178 3410 1225 3483; baseline 0.003 -17"><span class='ocrx_word' id='word_1_252' title='bbox 178 3432 230 3480; x_wconf 86' lang='lat' dir='ltr'><strong>ne,</strong></span> <span class='ocrx_word' id='word_1_253' title='bbox 247 3425 336 3466; x_wconf 66' lang='lat' dir='ltr'><strong>umen</strong></span> <span class='ocrx_word' id='word_1_254' title='bbox 354 3413 448 3464; x_wconf 87' lang='lat' dir='ltr'><strong>inserit</strong></span> <span class='ocrx_word' id='word_1_255' title='bbox 466 3411 558 3483; x_wconf 84' lang='lat' dir='ltr'><strong>aliqua</strong></span> <span class='ocrx_word' id='word_1_256' title='bbox 574 3423 638 3482; x_wconf 88' lang='lat' dir='ltr'><strong>apta</strong></span> <span class='ocrx_word' id='word_1_257' title='bbox 653 3411 679 3463; x_wconf 94' lang='lat' dir='ltr'><strong>ei</strong></span> <span class='ocrx_word' id='word_1_258' title='bbox 724 3410 760 3464; x_wconf 85' lang='lat' dir='ltr'><strong>lo.</strong></span> <span class='ocrx_word' id='word_1_259' title='bbox 770 3412 842 3462; x_wconf 84' lang='lat' dir='ltr'><strong>Dixit</strong></span> <span class='ocrx_word' id='word_1_260' title='bbox 852 3413 949 3477; x_wconf 87' lang='lat' dir='ltr'><strong>etiam,</strong></span> <span class='ocrx_word' id='word_1_261' title='bbox 961 3411 1041 3463; x_wconf 85' lang='lat' dir='ltr'><strong>linitis</strong></span> <span class='ocrx_word' id='word_1_262' title='bbox 1053 3414 1225 3469; x_wconf 81' lang='lat' dir='ltr'><strong>omnibussc·</strong></span> 
     </span>
     <span class='ocr_line' id='line_1_33' title="bbox 178 3488 1222 3566; baseline 0.003 -20"><span class='ocrx_word' id='word_1_263' title='bbox 178 3494 347 3566; x_wconf 70' lang='lat' dir='ltr'><strong>operi;ergo</strong></span> <span class='ocrx_word' id='word_1_264' title='bbox 359 3488 586 3561; x_wconf 57' lang='lat' dir='ltr'><strong>nonmajorueed</strong></span> <span class='ocrx_word' id='word_1_265' title='bbox 598 3489 679 3562; x_wconf 86' lang='lat' dir='ltr'><strong>paulo</strong></span> <span class='ocrx_word' id='word_1_266' title='bbox 724 3490 809 3555; x_wconf 83' lang='lat' dir='ltr'><strong>culis,</strong></span> <span class='ocrx_word' id='word_1_267' title='bbox 836 3506 927 3542; x_wconf 86' lang='lat' dir='ltr'><strong>rursus</strong></span> <span class='ocrx_word' id='word_1_268' title='bbox 955 3489 1049 3543; x_wconf 86' lang='lat' dir='ltr'><strong>eadem</strong></span> <span class='ocrx_word' id='word_1_269' title='bbox 1077 3497 1222 3549; x_wconf 83' lang='lat' dir='ltr'><strong>renovarit</strong></span> 
     </span>
     <span class='ocr_line' id='line_1_34' title="bbox 178 3569 1224 3645; baseline 0.002 -20"><span class='ocrx_word' id='word_1_270' title='bbox 178 3575 292 3645; x_wconf 85' lang='lat' dir='ltr'><strong>majora.</strong></span> <span class='ocrx_word' id='word_1_271' title='bbox 726 3587 807 3642; x_wconf 89' lang='lat' dir='ltr'><strong>quarn</strong></span> <span class='ocrx_word' id='word_1_272' title='bbox 825 3587 880 3621; x_wconf 86' lang='lat' dir='ltr'><strong>rem</strong></span> <span class='ocrx_word' id='word_1_273' title='bbox 900 3570 980 3621; x_wconf 85' lang='lat' dir='ltr'><strong>etiam</strong></span> <span class='ocrx_word' id='word_1_274' title='bbox 999 3569 1155 3644; x_wconf 81' lang='lat' dir='ltr'><strong>philosophi</strong></span> <span class='ocrx_word' id='word_1_275' title='bbox 1172 3574 1224 3628; x_wconf 85' lang='lat' dir='ltr'><strong>hac</strong></span> 
     </span>
    </p>

    <p class='ocr_par' dir='ltr' id='par_1_8' title="bbox 178 3648 1226 3879">
     <span class='ocr_line' id='line_1_35' title="bbox 216 3648 1225 3724; baseline 0.004 -20"><span class='ocrx_word' id='word_1_276' title='bbox 216 3672 241 3708; x_wconf 67' lang='grc' dir='ltr'><strong>π.</strong></span> <span class='ocrx_word' id='word_1_277' title='bbox 255 3652 373 3724; x_wconf 82' lang='lat' dir='ltr'><strong>Myricoe.</strong></span> <span class='ocrx_word' id='word_1_278' title='bbox 385 3648 508 3720; x_wconf 80' lang='lat' dir='ltr'><strong>virgulta</strong></span> <span class='ocrx_word' id='word_1_279' title='bbox 519 3663 580 3702; x_wconf 86' lang='lat' dir='ltr'><strong>sunt</strong></span> <span class='ocrx_word' id='word_1_280' title='bbox 597 3649 682 3702; x_wconf 89' lang='lat' dir='ltr'><strong>humi·</strong></span> <span class='ocrx_word' id='word_1_281' title='bbox 725 3651 908 3721; x_wconf 85' lang='lat' dir='ltr'><strong>disputatione</strong></span> <span class='ocrx_word' id='word_1_282' title='bbox 933 3649 1082 3723; x_wconf 74' lang='lat' dir='ltr'><strong>colligunt,</strong></span> <span class='ocrx_word' id='word_1_283' title='bbox 1106 3653 1225 3708; x_wconf 84' lang='lat' dir='ltr'><strong>dicentes</strong></span> 
     </span>
     <span class='ocr_line' id='line_1_36' title="bbox 178 3728 1226 3802; baseline 0 -14"><span class='ocrx_word' id='word_1_284' title='bbox 178 3733 216 3788; x_wconf 89' lang='lat' dir='ltr'><strong>lia</strong></span> <span class='ocrx_word' id='word_1_285' title='bbox 228 3746 254 3787; x_wconf 90' lang='lat' dir='ltr'><strong>et</strong></span> <span class='ocrx_word' id='word_1_286' title='bbox 266 3732 382 3796; x_wconf 81' lang='lat' dir='ltr'><strong>sterilia,</strong></span> <span class='ocrx_word' id='word_1_287' title='bbox 395 3728 469 3800; x_wconf 86' lang='lat' dir='ltr'><strong>quod</strong></span> <span class='ocrx_word' id='word_1_288' title='bbox 482 3729 561 3802; x_wconf 69' lang='lat' dir='ltr'><strong>vulgo</strong></span> <span class='ocrx_word' id='word_1_289' title='bbox 574 3731 683 3783; x_wconf 85' lang='lat' dir='ltr'><strong>tamari·</strong></span> <span class='ocrx_word' id='word_1_290' title='bbox 726 3729 863 3801; x_wconf 82' lang='lat' dir='ltr'><strong>completo</strong></span> <span class='ocrx_word' id='word_1_291' title='bbox 875 3749 972 3802; x_wconf 69' lang='lat' dir='ltr'><strong>magno</strong></span> <span class='ocrx_word' id='word_1_292' title='bbox 986 3748 1073 3796; x_wconf 83' lang='lat' dir='ltr'><strong>anno,</strong></span> <span class='ocrx_word' id='word_1_293' title='bbox 1090 3735 1179 3787; x_wconf 89' lang='lat' dir='ltr'><strong>omnia</strong></span> <span class='ocrx_word' id='word_1_294' title='bbox 1191 3739 1226 3788; x_wconf 86' lang='lat' dir='ltr'><strong>si·</strong></span> 
     </span>
     <span class='ocr_line' id='line_1_37' title="bbox 178 3809 1225 3879; baseline -0.004 -13"><span class='ocrx_word' id='word_1_295' title='bbox 178 3817 246 3868; x_wconf 90' lang='lat' dir='ltr'><strong>tiurn</strong></span> <span class='ocrx_word' id='word_1_296' title='bbox 257 3814 363 3865; x_wconf 87' lang='lat' dir='ltr'><strong>dicitur.</strong></span> <span class='ocrx_word' id='word_1_297' title='bbox 376 3810 447 3863; x_wconf 80' lang='lat' dir='ltr'><strong>Serv.</strong></span> <span class='ocrx_word' id='word_1_298' title='bbox 727 3809 793 3864; x_wconf 85' lang='lat' dir='ltr'><strong>dere</strong></span> <span class='ocrx_word' id='word_1_299' title='bbox 806 3811 833 3863; x_wconf 88' lang='lat' dir='ltr'><strong>in</strong></span> <span class='ocrx_word' id='word_1_300' title='bbox 850 3824 924 3862; x_wconf 84' lang='lat' dir='ltr'><strong>ortus</strong></span> <span class='ocrx_word' id='word_1_301' title='bbox 941 3829 1004 3864; x_wconf 84' lang='lat' dir='ltr'><strong>suos</strong></span> <span class='ocrx_word' id='word_1_302' title='bbox 1021 3811 1122 3879; x_wconf 85' lang='lat' dir='ltr'><strong>redire,</strong></span> <span class='ocrx_word' id='word_1_303' title='bbox 1139 3829 1165 3868; x_wconf 88' lang='lat' dir='ltr'><strong>et</strong></span> <span class='ocrx_word' id='word_1_304' title='bbox 1182 3835 1225 3870; x_wconf 75' lang='lat' dir='ltr'><strong>re.</strong></span> 
     </span>
    </p>

    <p class='ocr_par' dir='ltr' id='par_1_9' title="bbox 180 3887 1228 4200">
     <span class='ocr_line' id='line_1_38' title="bbox 218 3887 1225 3963; baseline 0.005 -17"><span class='ocrx_word' id='word_1_305' title='bbox 218 3895 243 3946; x_wconf 85' lang='lat'><strong>3.</strong></span> <span class='ocrx_word' id='word_1_306' title='bbox 255 3891 395 3947; x_wconf 81' lang='lat' dir='ltr'><strong>Silooesint</strong></span> <span class='ocrx_word' id='word_1_307' title='bbox 405 3887 514 3943; x_wconf 77' lang='lat' dir='ltr'><strong>Consule</strong></span> <span class='ocrx_word' id='word_1_308' title='bbox 526 3888 620 3963; x_wconf 72' lang='lat' dir='ltr'><strong>dipnoe.</strong></span> <span class='ocrx_word' id='word_1_309' title='bbox 630 3889 682 3942; x_wconf 86' lang='lat' dir='ltr'><strong>Mi·</strong></span> <span class='ocrx_word' id='word_1_310' title='bbox 726 3891 791 3943; x_wconf 78' lang='lat' dir='ltr'><strong>ferri</strong></span> <span class='ocrx_word' id='word_1_311' title='bbox 804 3909 895 3943; x_wconf 85' lang='lat' dir='ltr'><strong>rursus</strong></span> <span class='ocrx_word' id='word_1_312' title='bbox 910 3890 1004 3945; x_wconf 86' lang='lat' dir='ltr'><strong>eodem</strong></span> <span class='ocrx_word' id='word_1_313' title='bbox 1017 3905 1099 3944; x_wconf 88' lang='lat' dir='ltr'><strong>motu.</strong></span> <span class='ocrx_word' id='word_1_314' title='bbox 1112 3894 1225 3961; x_wconf 82' lang='lat' dir='ltr'><strong>Quodsi</strong></span> 
     </span>
     <span class='ocr_line' id='line_1_39' title="bbox 181 3970 1225 4045; baseline 0.006 -19"><span class='ocrx_word' id='word_1_315' title='bbox 181 3991 233 4026; x_wconf 79' lang='lat' dir='ltr'><strong>nus</strong></span> <span class='ocrx_word' id='word_1_316' title='bbox 244 3973 333 4045; x_wconf 89' lang='lat' dir='ltr'><strong>placet</strong></span> <span class='ocrx_word' id='word_1_317' title='bbox 348 3970 440 4023; x_wconf 80' lang='lat' dir='ltr'><strong>Gerdae</strong></span> <span class='ocrx_word' id='word_1_318' title='bbox 452 3970 637 4042; x_wconf 85' lang='lat' dir='ltr'><strong>interpretatio</strong></span> <span class='ocrx_word' id='word_1_319' title='bbox 649 3987 681 4022; x_wconf 84' lang='lat' dir='ltr'><strong>ex</strong></span> <span class='ocrx_word' id='word_1_320' title='bbox 726 3970 849 4028; x_wconf 83' lang='lat' dir='ltr'><strong>attidem</strong></span> <span class='ocrx_word' id='word_1_321' title='bbox 863 3971 980 4026; x_wconf 85' lang='lat' dir='ltr'><strong>siderum</strong></span> <span class='ocrx_word' id='word_1_322' title='bbox 994 3985 1095 4040; x_wconf 84' lang='lat' dir='ltr'><strong>motus,</strong></span> <span class='ocrx_word' id='word_1_323' title='bbox 1117 3995 1225 4033; x_wconf 82' lang='lat' dir='ltr'><strong>necesse</strong></span> 
     </span>
     <span class='ocr_line' id='line_1_40' title="bbox 180 4049 1228 4126; baseline -0.002 -20"><span class='ocrx_word' id='word_1_324' title='bbox 180 4053 254 4106; x_wconf 85' lang='lat' dir='ltr'><strong>Suet.</strong></span> <span class='ocrx_word' id='word_1_325' title='bbox 267 4053 388 4105; x_wconf 75' lang='lat' dir='ltr'><strong>indole.</strong></span> <span class='ocrx_word' id='word_1_326' title='bbox 400 4067 440 4123; x_wconf 82' lang='lat'><strong>19.</strong></span> <span class='ocrx_word' id='word_1_327' title='bbox 450 4050 534 4104; x_wconf 84' lang='lat' dir='ltr'><strong>Silvas</strong></span> <span class='ocrx_word' id='word_1_328' title='bbox 546 4049 681 4121; x_wconf 83' lang='lat' dir='ltr'><strong>callesque</strong></span> <span class='ocrx_word' id='word_1_329' title='bbox 725 4065 782 4116; x_wconf 84' lang='lat' dir='ltr'><strong>est,</strong></span> <span class='ocrx_word' id='word_1_330' title='bbox 799 4063 829 4102; x_wconf 88' lang='lat' dir='ltr'><strong>nt</strong></span> <span class='ocrx_word' id='word_1_331' title='bbox 844 4055 950 4118; x_wconf 82' lang='lat' dir='ltr'><strong>omnia,</strong></span> <span class='ocrx_word' id='word_1_332' title='bbox 966 4071 1024 4126; x_wconf 74' lang='lat' dir='ltr'><strong>qua</strong></span> <span class='ocrx_word' id='word_1_333' title='bbox 1039 4055 1164 4121; x_wconf 81' lang='lat' dir='ltr'><strong>fuerunt,</strong></span> <span class='ocrx_word' id='word_1_334' title='bbox 1179 4057 1228 4112; x_wconf 78' lang='lat' dir='ltr'><strong>ha.</strong></span> 
     </span>
     <span class='ocr_line' id='line_1_41' title="bbox 183 4131 1225 4200; baseline 0.005 -15"><span class='ocrx_word' id='word_1_335' title='bbox 183 4133 302 4188; x_wconf 76' lang='lat' dir='ltr'><strong>decretu</strong></span> <span class='ocrx_word' id='word_1_336' title='bbox 321 4133 411 4192; x_wconf 77' lang='lat' dir='ltr'><strong>fuitse-</strong></span> <span class='ocrx_word' id='word_1_337' title='bbox 429 4131 590 4195; x_wconf 65' lang='lat' dir='ltr'><strong>Qnuuhbus</strong></span> <span class='ocrx_word' id='word_1_338' title='bbox 611 4149 680 4188; x_wconf 81' lang='lat' dir='ltr'><strong>nou·</strong></span> <span class='ocrx_word' id='word_1_339' title='bbox 724 4131 806 4196; x_wconf 73' lang='lat' dir='ltr'><strong>beant</strong></span> <span class='ocrx_word' id='word_1_340' title='bbox 818 4133 993 4190; x_wconf 69' lang='lat' dir='ltr'><strong>iterationem.</strong></span> <span class='ocrx_word' id='word_1_341' title='bbox 1009 4135 1139 4188; x_wconf 76' lang='lat' dir='ltr'><strong>Universa</strong></span> <span class='ocrx_word' id='word_1_342' title='bbox 1154 4139 1225 4200; x_wconf 73' lang='lat' dir='ltr'><strong>enim</strong></span> 
     </span>
    </p>
   </div>
   <div class='ocr_carea' id='block_1_6' title="bbox 0 0 1519 4674">
    <p class='ocr_par' dir='ltr' id='par_1_10' title="bbox 0 0 1519 4674">
     <span class='ocr_line' id='line_1_42' title="bbox 0 0 1519 4674; baseline 0 0"><span class='ocrx_word' id='word_1_343' title='bbox 0 0 1519 4674; x_wconf 95' lang='lat' dir='ltr'><strong> </strong></span> 
     </span>
    </p>
   </div>
  </div>
 </body>
</html>
