2970 4714
398 723 977 854 PROOEMIUM

522 1081 598 1170 IN
636 1079 847 1170 CIRIN.

164 1652 323 1758 Cttttett
340 1685 419 1768 hoc,
437 1687 499 1752 etsi
515 1687 790 1775 interVirgiliana
807 1687 965 1778 opuscula
982 1688 1082 1778 vulgo
1093 1685 1212 1754 referri

164 1795 263 1876 solet,
276 1818 319 1860 an
331 1794 503 1884 Virgilium
517 1811 627 1860 tamen
639 1812 809 1860 auctorem
821 1794 954 1874 habeat,
966 1794 1048 1862 fides
1061 1820 1122 1863 nos
1134 1798 1211 1864 satis

164 1919 253 1968 certa
270 1900 391 1968 deficit.
412 1902 494 1968 Sunt
510 1900 647 1992 quidem
663 1900 782 1984 multa,
801 1924 876 1992 quae
893 1901 1064 1992 probabile
1082 1902 1147 1970 hoc
1165 1903 1212 1968 fa·

163 2007 265 2074 ciant:
277 2031 339 2074 nec
347 2006 561 2073 dubitationis
569 2025 679 2073 tamen
688 2007 938 2074 caussaedesunt
946 2025 1084 2098 exparte
1092 2010 1210 2090 altera;

162 2114 276 2205 itaque
294 2137 379 2203 aegre
401 2113 577 2179 ferendum
595 2137 664 2180 non
686 2131 750 2194 est,
773 2114 800 2179 si
818 2115 853 2179 in
872 2112 1016 2180 diversas
1036 2116 1210 2206 opiniones

163 2218 351 2287 discessisse
365 2220 454 2286 viros
466 2219 582 2285 doctos
593 2219 716 2286 videas.
731 2219 862 2286 Scilicet
873 2218 915 2285 de
928 2221 1123 2302 rationibus,
1138 2221 1210 2311 qui·

161 2325 225 2394 bus
234 2324 479 2393 contenderunt
488 2327 634 2402 interse,
644 2323 827 2391 videndum
839 2343 923 2407 erat;
937 2327 1023 2391 inter
1033 2349 1086 2392 eas
1095 2343 1207 2392 autom

162 2431 284 2498 multas
295 2453 365 2497 esse
375 2431 465 2496 leves
474 2454 512 2497 ac
521 2431 633 2496 futiles
644 2431 755 2520 negari
768 2432 894 2522 nequit.
906 2433 952 2496 Ea
962 2447 1072 2495 tarnen
1082 2432 1207 2512 omnia,

162 2561 238 2629 quae
251 2537 354 2603 dehis
365 2536 552 2618 dictasunt,
565 2554 601 2602 ut
613 2538 733 2602 iterum
743 2553 872 2604 recocta
881 2560 1047 2628 apponam
1057 2559 1207 2620 necesse,

161 2662 260 2735 puto,
276 2668 344 2712 non
359 2663 423 2726 est3
439 2663 477 2711 ut
491 2645 618 2737 potiora
633 2647 821 2712 summatim
836 2669 898 2735 pro
913 2668 1005 2711 more
1019 2669 1095 2711 meo
1111 2669 1209 2736 expo-

161 2775 253 2832 narn,
268 2750 397 2843 judicio
409 2776 484 2818 meo
499 2752 722 2842 qualicunque
735 2753 946 2844 interposito,
961 2751 1026 2819 hoc
1039 2753 1126 2818 forte
1142 2769 1206 2834 est,

161 2856 253 2949 quod
265 2857 398 2925 lectura
410 2882 465 2924 me
480 2875 656 2950 exspectet.

204 2965 268 3048 Qui
285 2963 422 3058 Virgilio
433 2988 566 3031 carmen
579 2963 760 3044 vindicant,
773 2964 974 3052 argumentis
987 2963 1057 3030 fere
1069 2980 1209 3031 utuntur

159 3070 215 3150 iis,
235 3069 356 3160 quibus
374 3093 507 3136 cannen
526 3070 590 3136 hoc
608 3070 856 3159 politissimum,
879 3069 1061 3159 praestantis
1083 3069 1205 3158 ingenii

159 3194 273 3267 poeta,
288 3179 427 3267 ipsoque
439 3181 592 3259 Marone,
606 3201 675 3244 non
688 3177 862 3266 indignum
874 3175 1051 3242 declarent.
1066 3177 1115 3241 lta
1126 3199 1206 3242 vern

159 3306 229 3348 non
244 3283 387 3348 evictum
405 3297 468 3364 est,
488 3281 680 3368 habendum
695 3306 830 3374 quoque
845 3304 916 3348 esse
931 3280 1102 3370 virgiliani
1118 3282 1207 3372 inge-

159 3389 208 3454 nii
222 3389 342 3469 fetum,
364 3389 391 3454 si
404 3386 495 3478 quod
507 3411 640 3454 cannen
660 3408 723 3470 est,
746 3387 930 3478 quodcum
948 3409 1015 3452 non
1035 3385 1203 3454 dedeceat.

158 3497 263 3560 Vetus
272 3494 382 3585 aliqua
393 3517 499 3584 eaque
509 3491 628 3560 idonea
637 3495 814 3562 auctoritas
825 3493 921 3558 allata
933 3493 967 3558 in
978 3492 1125 3560 medium
1137 3518 1206 3561 non

160 3619 218 3667 est.
232 3603 331 3682 Nam,
345 3598 436 3690 quod
449 3623 488 3665 ex
500 3601 622 3668 Seneca
633 3600 732 3690 vulgo
741 3597 894 3664 laudatur
904 3601 964 3690 Ep.
976 3621 1018 3688 92
1028 3603 1122 3667 utat't
1132 3600 1171 3668 V
1165 3606 1206 3666 ir-

157 3709 255 3798 gilius
269 3722 377 3773 noster
386 3709 420 3772 irt
433 3701 566 3797 Scylla,
576 3730 644 3773 non
657 3706 813 3773 viderunt
824 3707 885 3770 viri
898 3703 986 3773 docti
998 3704 1041 3771 ad
1053 3709 1124 3772 AEn.
1139 3709 1202 3788 ΙΙΙ,

159 3815 225 3898 426
237 3837 286 3905 sq.
297 3831 461 3904 spectare,
473 3831 506 3880 et
517 3819 551 3880 in
561 3811 677 3906 Scylla
685 3865 697 3890 ,
706 3837 777 3880 esse
790 3813 824 3879 in
833 3813 908 3880 loeo
919 3811 962 3880 de
971 3813 1085 3904 Scylla.
1097 3814 1204 3898 Quid?

161 3920 251 4012 quod
271 3944 333 3988 nec
350 3945 369 3988 a
388 3922 657 4004 Pseudodonato,
678 3923 735 4015 qui
755 3922 883 4014 reliqua
903 3922 1048 3987 camnine
1066 3921 1203 4009 Virgilio

159 4025 281 4092 tributa
298 4045 466 4110 recenset,
489 4052 565 4109 nec,
588 4047 750 4120 quantum
768 4029 918 4108 memini,
942 4025 984 4090 ab
1006 4025 1071 4091 alio
1092 4042 1204 4090 vetere

162 4133 388 4220 grammatico,
410 4135 443 4199 in
460 4135 559 4202 simili
575 4137 739 4217 instituto,
759 4135 842 4202 Ciris
858 4133 983 4198 mentio
1001 4129 1048 4196 fit.
1076 4129 1203 4197 lndocti

1000 4239 1026 4288 li.
