2986 4694
262 356 304 442 94
506 347 541 410 P.
565 345 799 410 VIRGlLll
823 347 1056 416 MARONIS

260 475 432 562 Inriteque
444 485 615 558 expertum
627 468 750 534 fallacis
758 470 897 558 praemio
907 470 1013 559 vulgi,

259 579 439 668 Cecropius
452 577 559 642 suevis
572 575 738 665 exspirans
750 575 902 641 hortulus
914 581 1009 642 sums

233 683 238 689 ’
259 686 423 754 Florentis
435 682 532 749 viridi
543 682 674 772 Sophiae
686 683 908 771 conplectitur
919 681 1050 763 umbra,

258 797 347 860 Num
360 813 432 856 meo
446 806 571 880 quaeret
583 811 623 853 eo
636 786 773 877 dignum
785 789 848 854 sibi
860 810 1010 878 quaerere
1021 789 1173 853 carmen?
1294 803 1309 848 ⁵

258 903 373 990 Longe
384 895 473 963 aliud
486 894 633 962 studium
645 911 745 985 atque
756 895 838 960 alios
849 894 999 962 adcincta
1010 893 1154 974 labores,

259 1094 382 1161 efioudem
393 1092 495 1140 inducit:
507 1093 566 1138 unde
577 1099 600 1138 et
613 1089 708 1138 allicere
717 1099 740 1136 et
750 1089 877 1148 lacensere,
892 1091 943 1137 ritde
954 1090 1036 1148 lactat,
1048 1089 1149 1148 illectat,
1161 1088 1270 1138 delectet.
1282 1103 1307 1139 et

260 1191 271 1212 ι
281 1168 381 1232 mucor.
392 1163 523 1232 Symmach.
542 1163 583 1210 lib.
601 1164 667 1218 vul,
680 1179 718 1226 ep.
732 1165 759 1226 57
772 1166 794 1208 si
803 1177 827 1208 se
840 1179 904 1210 amor
920 1171 1024 1226 speratus
1043 1171 1066 1208 et
1083 1179 1112 1208 ex
1126 1171 1204 1210 mutuo
1219 1162 1308 1209 debitus

259 1263 270 1285 a
281 1241 362 1288 lectum
377 1237 443 1284 leude
452 1244 584 1299 potentum·
596 1233 637 1282 ubi
650 1248 721 1298 puto,
735 1251 800 1282 umor
810 1243 931 1300 spectatus.
950 1233 1010 1282 Vide
1026 1236 1120 1298 Sciopp.
1135 1235 1243 1280 Verisim.
1258 1235 1307 1292 lv,

260 1333 271 1356 ι
283 1315 309 1360 15
320 1323 343 1358 et
355 1312 422 1374 Susp.
433 1307 497 1354 Lect.
509 1307 539 1362 V,
549 1323 586 1368 cp.
600 1309 739 1368 19reonuii
751 1305 834 1353 Plauto
843 1323 907 1353 amor
916 1305 997 1362 hotot,
1010 1301 1088 1352 usuri
1095 1315 1206 1351 amenum
1215 1306 1307 1351 Teren-

257 1407 271 1429 ι
281 1387 327 1440 tio;
336 1382 399 1428 idem
408 1376 558 1444 Symmachus
570 1375 626 1422 alibi
637 1391 643 1422 t
656 1391 728 1440 neque
740 1393 774 1422 me
779 1376 917 1441 juvotfolso
929 1375 1026 1422 lactatio.
1036 1395 1047 1417 ι
1060 1373 1227 1422 hlitschcrlicb.
1238 1373 1267 1420 V.
1278 1375 1305 1420 G.

214 1443 221 1456 Ι
255 1455 320 1502 Lect.
333 1453 359 1498 in
370 1447 454 1496 Catuli.
466 1462 491 1508 p.
503 1445 531 1510 78
544 1445 650 1494 defendit
659 1449 735 1503 nuno,
747 1450 801 1510 quio
812 1449 923 1511 jactorum
940 1461 964 1493 se
982 1445 1054 1503 dixit,
1071 1461 1119 1511 quo
1131 1447 1220 1503 innuit,
1235 1447 1307 1492 variis

255 1526 333 1575 modis
348 1537 373 1569 se
387 1519 481 1568 laudem
499 1520 639 1580 quesivisse.
649 1542 681 1554 -
689 1518 711 1576 4.
729 1520 827 1565 Veteres
839 1519 893 1565 edd.
906 1517 1023 1565 Florentes
1035 1520 1114 1564 viridis
1124 1517 1241 1582 Sophiae.
1254 1530 1307 1564 uns-

256 1597 317 1644 hree.
332 1595 369 1639 Sic
381 1592 430 1638 lere
444 1589 495 1634 lint.
510 1589 563 1634 cod.
579 1587 702 1635 Meliorem
719 1587 844 1638 lectionem
863 1588 974 1636 Florentio
989 1591 1116 1649 (amoenre)
1134 1591 1203 1636 uiridi
1216 1587 1307 1652 Sophite

256 1664 405 1727 conplectitur
414 1658 495 1705 umbro
507 1657 591 1706 Aldina
607 1661 663 1723 ¹⁵¹7
678 1657 791 1708 exhibuit.
802 1659 905 1722 Scaliger
921 1672 1011 1706 mutato
1026 1660 1123 1708 ordine:
1136 1660 1247 1708 Florentio
1264 1660 1306 1706 So-

254 1737 316 1804 phioe
326 1733 393 1780 viridi
402 1731 476 1778 dedit.
487 1731 622 1778 Turochum
633 1733 705 1778 mirm
721 1731 737 1777 l.
750 1747 771 1778 c.
787 1731 913 1783 maluisse:
928 1731 1030 1780 Florenti
1043 1733 1120 1778 viridis
1131 1733 1155 1778 S.
1164 1757 1195 1769 --
1208 1734 1230 1779 ὃ.
1243 1733 1307 1778 Itum

255 1825 306 1856 meo
317 1814 404 1872 prroerct
414 1819 440 1849 eo
452 1804 543 1868 :inpetunt
555 1803 598 1849 sthi
610 1819 711 1869 quoerene
722 1819 821 1850 cannen.
833 1805 935 1852 Pessime
951 1803 1057 1852 habitum
1072 1819 1164 1852 vertum
1180 1803 1248 1851 lacile
1264 1820 1306 1865 sg-

255 1892 346 1926 noscas.
359 1873 428 1921 Nulla
438 1875 536 1920 varietas
547 1886 603 1920 vett.
614 1875 669 1921 edd.
681 1887 704 1921 et
714 1875 797 1932 codd,
808 1891 878 1939 quam
888 1875 953 1938 quod
966 1879 1012 1932 Tu,
1029 1880 1085 1922 Tum
1097 1888 1121 1922 et
1134 1877 1209 1940 quint
1220 1891 1303 1921 occur·

254 1951 295 1996 rit.
305 1949 334 1992 Δι
346 1961 375 1992 es
388 1955 444 1990 vett.
458 1942 515 1990 edit.
532 1945 557 1989 P.
573 1944 688 2007 leopardi
697 1947 719 1990 t.
732 1947 782 1992 Nic.
795 1947 891 1992 Ioensis
902 1945 1020 2011 Epiphyll.
1033 1947 1099 2003 vill,
1117 1946 1146 1993 23
1164 1947 1216 1992 Non
1231 1959 1266 1991 me
1277 1961 1305 1990 ca

253 2027 321 2066 curat
333 2033 360 2063 eo
370 2017 461 2079 dipnm
472 2017 588 2062 recudere
599 2032 702 2073 cor-men,
715 2020 810 2074 recitat,
823 2029 846 2064 et
865 2018 895 2064 ad
912 2017 1021 2081 Sophiam
1038 2018 1128 2066 relect:
1142 2033 1223 2080 parum
1236 2032 1302 2062 com-

179 2083 182 2088 ’
253 2089 333 2138 mode.
348 2087 472 2134 Turnebus
490 2085 585 2133 Advers.
606 2087 712 2145 xxviii,
730 2089 758 2136 25
773 2091 836 2138 varie
855 2101 941 2146 tentat3
959 2088 1013 2136 rel:
1032 2091 1101 2134 Musa
1116 2103 1206 2154 quoque
1223 2088 1304 2134 Actoeo

254 2162 347 2226 dipsium
357 2174 377 2204 s.
389 2174 427 2221 cp,
438 2156 477 2203 vel
491 2159 604 2221 illusoque
613 2156 750 2215 Erechtheo,
762 2157 814 2205 sel:
827 2161 941 2223 Musaque
954 2160 1039 2206 Aruteo
1048 2174 1108 2205 sene.
1120 2161 1194 2204 Docta
1208 2158 1304 2219 conjec-

254 2234 327 2278 tatio:
340 2228 381 2276 sed
391 2229 502 2274 orationis
513 2227 606 2275 vincula
617 2227 683 2274 nulls
692 2228 771 2276 video.
782 2230 872 2276 Nomen
883 2232 961 2275 menois
973 2228 1010 2276 vel
1020 2231 1095 2275 Musio
1107 2229 1132 2275 in
1143 2229 1220 2275 verbis
1229 2227 1302 2274 latere

255 2302 351 2349 obvium
364 2311 410 2354 est,
420 2313 473 2345 nam
483 2315 509 2344 ca
521 2299 637 2360 suspendit
649 2312 672 2363 ct
681 2315 738 2346 auso
750 2309 795 2355 est,
808 2300 850 2346 sed
862 2299 953 2364 reliqua
966 2315 1036 2346 nemo
1047 2302 1097 2345 sine
1107 2297 1172 2344 libris
1184 2297 1301 2362 expediat.

253 2371 357 2435 Scaliger
365 2373 469 2433 reposuit
478 2385 484 2416 z
493 2385 534 2416 nic
543 2386 591 2416 oreo
598 2373 648 2434 quit
656 2371 728 2418 nmo
737 2371 828 2434 dipsium
837 2387 862 2417 se
871 2385 975 2437 quarere
982 2383 1088 2416 comm:
1098 2379 1136 2426 ut,
1146 2370 1188 2432 qui
1199 2381 1304 2432 sequun-

252 2455 304 2498 tur,
315 2455 360 2489 tres
371 2453 451 2488 versus
462 2443 487 2485 in
500 2439 634 2502 parenthesi
648 2439 786 2487 habeantur.
800 2442 898 2488 Versum
909 2441 1048 2487 scabriorem
1061 2439 1191 2501 procudere
1203 2440 1252 2501 ipse
1263 2441 1302 2484 rix

252 2525 353 2578 poterut.
366 2511 465 2557 llei'snxit
476 2527 530 2557 cum
545 2512 623 2557 lleins.
639 2513 707 2558 Nunc
719 2512 822 2575 meofert
833 2513 904 2558 Ereto
912 2512 1005 2576 digpnum
1021 2509 1061 2556 obt
1074 2525 1175 2575 quarere
1189 2524 1300 2556 carmen:

253 2585 297 2629 etsi
309 2597 362 2628 cunt
374 2581 458 2626 ceteris
467 2596 549 2642 parum
561 2578 669 2627 cohaeret.
683 2582 783 2629 Jacobs:
802 2585 872 2628 Musa
885 2592 959 2628 tomos
973 2591 1039 2628 curat
1054 2581 1145 2646 diqnum
1165 2589 1185 2626 te
1200 2594 1302 2646 querere

252 2651 349 2713 (saltem
362 2652 475 2714 paupere)
486 2665 584 2696 cumton.
597 2653 703 2698 Greene:
716 2655 778 2698 Num
787 2669 822 2699 me
835 2662 922 2718 quoeret
932 2669 959 2700 eu
968 2653 1075 2719 dipnum?
1087 2651 1131 2698 sibi
1139 2667 1240 2718 qrioerere
1249 2665 1301 2697 cor-

252 2725 323 2770 men?
333 2721 397 2784 (unii
406 2723 499 2768 wisdonr
509 2721 589 2768 smoth
601 2723 661 2786 ofler
671 2740 719 2782 me,
730 2741 755 2771 os
766 2723 853 2787 wordiy
867 2724 959 2789 osher?
969 2729 977 2786 i
986 2725 1030 2772 hoc
1042 2735 1115 2772 estet:
1127 2725 1187 2769 Num
1196 2739 1233 2770 me
1241 2737 1303 2787 que·

252 2808 290 2842 ret
303 2809 327 2841 se
339 2792 467 2856 dignumi)
478 2796 497 2837 is
509 2795 526 2838 it
535 2791 585 2838 hers
600 2801 621 2840 to
632 2793 684 2840 secie
696 2799 808 2859 ροοιιγὲ)
823 2796 903 2844 Malim
915 2812 1018 2843 resecare
1031 2807 1105 2841 totum
1117 2808 1209 2841 versum
1224 2794 1236 2840 5
1249 2805 1302 2838 tan-

251 2879 322 2928 quam
331 2864 404 2926 inepti
412 2863 585 2920 versificatoris,
593 2866 633 2927 qui
644 2867 743 2913 innuere
752 2866 857 2913 volebat:
866 2869 939 2930 queri
948 2879 1023 2930 poetae
1032 2865 1077 2912 hoc
1085 2867 1136 2927 ipso
1145 2861 1299 2926 philosophie

250 2933 330 2980 studio
339 2947 423 2979 noram
434 2933 561 2978 carminum
571 2937 705 2992 materiam,
714 2949 737 2982 et
747 2937 890 2998 conjungere
899 2937 969 2984 verba
980 2937 1029 2982 sic:
1087 2935 1178 2992 umbro,
1190 2935 1300 2996 literisque

251 3004 319 3052 aliud
332 3011 375 3061 rt,
391 3005 446 3062 etsi,
458 3005 478 3050 si
489 3003 616 3052 dicendum
629 3018 675 3064 est,
687 3009 752 3072 quod
765 3010 854 3066 sentio,
866 3023 947 3056 omnes
957 3007 1000 3054 bos
1014 3021 1084 3055 veros.
1095 3007 1145 3055 5...
1159 3005 1174 3052 ti
1185 3004 1215 3051 ab
1226 3003 1299 3052 ultera

252 3174 498 3246 ootemipsnlnms
516 3187 542 3228 et
558 3175 752 3249 glorio,quem
796 3189 823 3230 et
838 3178 949 3248 iabores,
964 3180 990 3233 h.
1005 3197 1129 3252 aggresso
1148 3175 1221 3231 aliud
1240 3188 1296 3247 stu·
1354 3231 1356 3238 ,

252 3258 370 3310 carmine
392 3258 521 3327 consequi
545 3258 655 3309 studuit.
673 3289 706 3302 -·
725 3261 750 3312 3.
796 3259 888 3328 dium,
912 3260 1091 3334 philosophiae
1117 3258 1219 3310 seilicet
1244 3256 1296 3326 (ut

253 3337 390 3408 Cecropius
398 3334 523 3389 hortulus.
533 3337 641 3409 Epicuri
652 3353 752 3393 sectum
795 3343 855 3393 AErt.
867 3343 911 3408 IV,
926 3341 978 3413 Ᾰ493
991 3340 1106 3412 mopicas
1125 3337 1234 3389 invitum
1251 3353 1297 3386 ac-

252 3433 284 3466 ac
302 3414 471 3485 disciplinam
489 3435 540 3486 per
556 3415 664 3469 hortum
677 3421 751 3490 ejus,
796 3421 999 3495 cinpiersrtes),
1012 3415 1295 3490 suspendit(velse,h.

252 3505 332 3564 quem
345 3493 457 3545 Athenis
472 3493 582 3560 hebuit,
598 3497 625 3550 in
638 3515 692 3568 quo
705 3499 752 3551 do-
796 3518 926 3572 suspensa
934 3511 987 3563 est,
998 3514 1127 3569 suspenso
1135 3499 1225 3549 animo
1233 3511 1298 3548 con-

251 3570 749 3640 cerosolebat,declsrnrinotissimum.
796 3581 953 3652 templator,
969 3577 1010 3630 vel
1028 3595 1085 3644 me,
1105 3591 1135 3629 ot
1153 3576 1239 3628 Julius
1253 3575 1298 3651 Sn-

251 3650 465 3705 illustrationum
474 3653 562 3704 barth.
573 3653 750 3723 Advrrnlili,
795 3659 875 3712 binus
892 3657 993 3729 explet,
1013 3659 1072 3724 etit,
1092 3657 1166 3728 quod
1184 3657 1295 3722 melius,

252 3749 301 3795 no,
317 3740 343 3782 et
354 3730 396 3780 Jo.
410 3729 549 3784 Schrader.
567 3732 705 3786 Emendat.
721 3753 748 3806 p.
795 3738 943 3806 subtendit)
954 3735 1035 3790 citius
1052 3738 1088 3789 od
1104 3737 1195 3810 maqni
1211 3737 1295 3789 sidero

249 3811 281 3864 31
296 3826 337 3880 sq.
794 3815 1175 3882 muudi,eiaoroert,Coilem
1185 3815 1296 3888 snpien-

286 3887 341 3941 5...
355 3885 380 3939 8.
400 3886 494 3952 Musa,
514 3889 590 3958 cujus
609 3905 706 3942 nomen
723 3893 750 3944 in
795 3898 850 3962 tio,
860 3894 893 3948 ad
906 3913 985 3967 quem
994 3898 1074 3968 penei
1085 3908 1237 3968 ornergunt,
1250 3895 1296 3949 od·

251 3971 383 4039 corruptis
400 3984 439 4020 vs.
461 3969 548 4040 quarti
564 3969 652 4021 verbis
668 3969 750 4026 lutere
795 3975 1295 4048 corrodere:absolvamtamenroeptum

251 4067 358 4102 necesse
367 4049 542 4116 est,ocor'nctu
550 4048 629 4103 aliud
633 4052 747 4106 studium
795 4073 912 4108 carmen.
925 4056 1038 4111 Videtur
1050 4073 1156 4110 cosmon
1164 4059 1220 4126 jem
1230 4056 1295 4109 olitn
