2918 4682
284 413 348 495 aaa
614 388 995 473 coataraaraara

281 540 426 606 Austros,
449 551 549 612 neque
569 529 683 590 imbres
703 532 829 604 metuit,
851 551 930 612 quos
950 533 1082 591 excitare
1102 531 1185 592 solet
1205 531 1356 615 Aquilo;

282 630 347 686 imo
360 641 482 683 securus
492 621 558 701 jam
571 619 708 680 extrudit
720 620 804 680 foras
820 641 956 700 gemmas
969 641 1091 697 omnes,
1105 643 1141 682 ac
1156 643 1190 682 se
1204 643 1354 682 conves-

280 719 317 776 tit
331 709 510 773 frondibus.
525 713 639 791 Roges,
653 711 729 792 quid
743 711 782 770 de
794 712 884 770 tertio
897 710 968 786 ilio,
981 713 1063 792 quod
1078 714 1242 793 positum,
1257 713 1355 771 vide·
1419 743 1420 756 .

280 804 352 863 lieet
366 801 404 861 de
419 813 500 860 terra
516 801 756 882 concupiscente
773 798 908 858 semina?
927 801 1169 860 Consultissime
1185 799 1252 860 boc
1270 801 1352 860 reli-

280 894 363 975 quit,
383 911 422 950 ne
437 901 569 972 repetat,
589 909 658 968 quae
673 890 811 948 dixerat:
826 889 947 948 dixerat
961 891 1043 948 enim
1060 909 1194 948 vernum
1211 903 1351 970 tempus

219 1052 220 1058 ἵ
280 997 387 1063 aptum
403 999 465 1038 esse
480 979 666 1038 sationibus.

320 1067 387 1129 336.
411 1069 583 1128 Occasione
608 1068 688 1124 veris
710 1067 870 1146 descripti,
894 1064 1044 1146 conjectat
1066 1067 1186 1147 primos
1212 1067 1349 1126 natales

280 1157 391 1219 mundi
413 1155 557 1215 incidisse
575 1156 616 1233 in·
629 1167 752 1236 tempus
771 1173 902 1214 vernum
921 1177 927 1211 :
948 1175 1019 1214 nam
1043 1154 1180 1213 mundns
1202 1154 1347 1235 quando

279 1251 363 1309 nasci
380 1245 490 1306 melius
507 1245 625 1326 potuit,
646 1265 741 1326 quarn
759 1243 792 1303 in
812 1246 989 1304 amoenitate
1002 1243 1096 1317 veris,
1117 1258 1213 1324 atque
1229 1243 1347 1304 indul-

279 1339 397 1418 gentia,
418 1355 516 1416 quum
530 1335 605 1392 Euri
624 1331 826 1393 abstinebant
840 1335 879 1393 ab
895 1331 1044 1415 hybernis
1059 1331 1204 1392 flatibus?
1227 1335 1346 1414 itaque

278 1511 350 1572 gant.
371 1499 429 1549 Hoc
447 1495 531 1550 dixit:
546 1515 601 1548 non
621 1498 728 1561 metuit,
747 1515 780 1548 ne

278 1589 436 1648 tempestate
449 1578 626 1648 opprimetur.
641 1575 761 1648 Pbilorp.

314 1659 374 1710 336.
395 1659 457 1709 Noa
473 1656 539 1708 alios
553 1657 648 1730 prima.
667 1657 724 1708 Hoc
741 1674 781 1706 se·

278 1737 395 1789 cundum
408 1737 542 1788 licenciam
553 1738 686 1807 poetieam
697 1736 778 1788 dixit:

277 1837 340 1870 nam
348 1816 445 1868 falsum
454 1827 493 1867 est
503 1837 509 1866 z
523 1829 628 1868 constat
637 1817 708 1868 enirn
718 1827 780 1888 post

276 1899 378 1949 lactant
393 1895 522 1946 mundum
535 1915 567 1948 ex
580 1896 709 1967 qualitate
722 1915 780 1948 curd

276 1993 329 2038 sus,
338 1974 401 2026 solis
409 1988 530 2046 tempora
539 1994 596 2027 esse
605 1975 698 2027 divisa.
708 1977 777 2028 Serv.

275 2053 423 2105 -Lucret
444 2055 492 2104 lib.
515 2057 570 2105 Vl:
597 2057 652 2104 «At
675 2057 778 2107 novitas

279 2133 393 2186 «mundi
410 2153 460 2186 nec
477 2137 577 2208 frigora
594 2136 662 2194 dura
677 2136 777 2203 ciebat,

278 2215 355 2265 «Nec
374 2216 471 2267 nimios
491 2229 582 2281 aestus,
605 2233 654 2267 nec
674 2217 777 2287 magnis

277 2317 289 2340 a
298 2293 400 2345 viribus
414 2312 501 2346 auras.
513 2319 524 2343 n
535 2298 637 2347 -Non
651 2293 716 2346 alios
726 2297 778 2367 pri·

274 2391 332 2438 ma,
345 2387 391 2427 etc.
408 2376 503 2428 Gravis
518 2391 558 2427 cst
572 2377 723 2428 dissertatio
736 2378 777 2428 in-

273 2467 315 2507 ter
324 2455 490 2528 Tbeologos,
503 2475 557 2528 quo
569 2470 690 2527 tempore
699 2475 776 2508 mun·

274 2534 324 2586 dus
339 2537 420 2586 fuerit
436 2534 573 2598 conditus,
592 2551 724 2601 vernone,
740 2553 774 2587 an

274 2614 437 2665 autumnali?
448 2613 518 2662 Nam
531 2612 563 2664 de
576 2613 684 2684 hyeme,
696 2627 720 2665 et
731 2632 775 2664 aes-

273 2706 328 2744 tate
346 2711 436 2742 omnes
452 2692 539 2742 silent.
556 2694 706 2762 Autumnus
721 2711 773 2764 pa-

272 2785 365 2823 tronos
377 2771 459 2822 habet
471 2787 579 2840 graves,
595 2769 642 2821 sed
657 2789 701 2822 rer
713 2791 774 2844 gra-

271 2852 403 2902 vissimos.
415 2851 507 2912 Ratio,
519 2852 708 2920 qniepetitura
721 2871 775 2904 rna-

272 2932 379 2982 tnritate
389 2931 537 2989 fructuum,
549 2941 676 2980 autumno
687 2934 772 2983 lavet:

272 3013 342 3070 veri,
363 3027 421 3079 quse
442 3027 457 3059 a
476 3007 692 3061 commodissima
711 3014 772 3062 anni

272 3092 410 3168 temperie.
422 3091 450 3138 ln
464 3087 533 3142 banc
545 3089 700 3158 opinionem
708 3109 773 3144 tron-

272 3172 376 3241 spirant
388 3170 444 3219 fere
458 3180 549 3220 omnes
561 3181 656 3238 poetae.
668 3179 701 3208 -“-
710 3173 772 3222 Vir·

271 3251 364 3322 gilius,
378 3263 408 3299 nt
426 3250 471 3318 qui
483 3247 596 3299 meliora
609 3247 719 3300 edoctus
733 3269 773 3302 es·

271 3347 324 3395 set,
336 3331 407 3381 bane
414 3329 522 3400 Epicuri
533 3329 699 3401 aliorumque
710 3329 773 3382 doc-

270 3415 366 3463 trinam
392 3411 479 3462 obiter
500 3423 670 3475 tantnm,et
695 3414 772 3481 qnasi

270 3491 435 3544 transeundo
459 3503 610 3553 memorat,
635 3493 771 3562 utiturque

269 3589 335 3622 voce
352 3569 509 3620 crediderim.
529 3570 706 3620 Mancinellus
720 3575 770 3637 ait,

268 3649 413 3710 mundam,
424 3647 570 3698 secundnm
581 3662 677 3698 nostrte
688 3651 771 3703 eccle-

268 3730 313 3779 sia›¹
337 3727 505 3789 doctrinam,
535 3727 592 3776 XV*
610 3725 661 3777 ital.
689 3727 768 3782 Mart.

267 3819 386 3859 creatum
399 3807 495 3865 fuisse;
517 3803 597 3875 idque
617 3803 660 3857 die
677 3807 770 3860 Domi·

265 3889 344 3937 nicar
359 3889 395 3936 ita
409 3899 436 3936 ut
450 3886 564 3954 primurn
578 3883 719 3939 sabbatum
732 3891 768 3940 IX

265 3979 328 4018 ante
340 3965 392 4016 kal.
405 3955 483 4015 Mart.
497 3963 585 4014 fuerit.
602 3965 633 4018 V.
649 3969 680 4018 G.

301 4045 361 4114 337.
372 4044 505 4094 Terrorem.
515 4042 641 4107 Duorum,
651 4043 695 4097 bic
703 4063 766 4098 con-

264 4125 440 4178 tinuationem
463 4125 605 4194 temporis,
624 4143 673 4197 per
692 4125 765 4197 quod

824 1495 997 1548 adolescebat
1008 1497 1124 1550 muudus
1136 1509 1270 1550 remutet·
1281 1498 1344 1548 for-

825 1589 921 1636 matus.
1044 1620 1046 1631 .

861 1658 921 1710 338.
932 1659 984 1712 Ver
990 1659 1058 1710 illud
1064 1670 1126 1710 erat.
1133 1657 1276 1709 Absoluta
1284 1658 1345 1708 eio-

826 1737 897 1786 eutio
917 1761 923 1790 :
949 1737 1077 1809 quicquid
1104 1735 1172 1788 illud
1194 1737 1270 1803 fuir,
1292 1755 1343 1787 ver

824 1817 883 1867 tuit.
903 1817 973 1870 Sena.
994 1818 1086 1868 -His
1105 1817 1195 1869 verbis
1215 1833 1343 1868 consen·

825 1896 892 1946 tiunt
906 1899 956 1948 ista
970 1909 1088 1948 veterum
1102 1895 1342 1966 Philosophorum

825 1977 895 2048 apud
905 1977 1025 2030 Lactaat.
1035 1980 1072 2043 ii,
1088 1995 1134 2030 ta:
1149 1979 1236 2028 allon
1246 1991 1342 2040 erant,

827 2058 992 2127 «ineptiunt,
1021 2058 1047 2108 in
1071 2059 1208 2129 principio
1237 2057 1340 2108 mundi

827 2133 947 2200 «biems,
965 2151 991 2187 et
1010 2151 1104 2188 restas:
1127 2136 1174 2187 sed
1195 2150 1339 2206 perpetua

826 2217 1005 2286 «temperies,
1016 2229 1042 2268 et
1055 2235 1100 2268 ver
1112 2215 1260 2286 aequabile.
1273 2239 1286 2262 ι
1421 2199 1422 2214 ’

857 2295 917 2364 339·-
938 2296 1180 2372 Hibemisjiatibas.
1202 2295 1338 2366 Asperis,

821 2377 905 2425 saevis.
919 2403 954 2415 —
964 2377 1115 2427 Parecbartt.
1124 2371 1175 2426 tric
1185 2376 1339 2445 parcebant

821 2471 871 2524 pro
883 2455 1065 2508 abstinebant.
1079 2443 1198 2527 Plrilarpss

856 2535 915 2599 341.
931 2535 1074 2608 Vir-umque
1083 2535 1172 2587 Ferrea
1180 2536 1335 2605 propenies.

819 2613 1336 2685 Prooreataexlapidibusadlaborem.

815 2695 890 2746 Alibi
906 2718 913 2747 ε
933 2696 1006 2746 Unde
1023 2696 1139 2747 homines
1154 2696 1213 2745 natt'
1229 2695 1331 2746 durum

817 2791 906 2846 penus.
921 2805 954 2813 -
967 2776 1122 2850 Lactantius
1134 2773 1205 2826 libro
1219 2775 1243 2825 ll
1251 2813 1261 2842 ,
1277 2775 1332 2827 lec-

820 2855 919 2904 tionem
934 2857 1054 2925 agnoscit
1069 2866 1163 2915 terrea5
1180 2855 1228 2906 ubi
1241 2853 1332 2916 dicit;

819 2933 888 2983 iilud
903 2932 1030 2984 hocloco
1045 2935 1180 3005 preterire
1193 2951 1249 2984 non
1264 2953 1334 3005 pos·

820 3029 894 3076 sum,
910 3013 983 3083 quod
1001 3023 1119 3065 errantes
1137 3011 1248 3084 quidam
1268 3014 1331 3083 pbi-

818 3091 926 3162 losopbi
947 3095 1037 3160 aiunt,
1055 3093 1195 3156 homines,
1216 3106 1330 3146 caetera-

819 3189 870 3242 que
882 3171 1008 3223 animalia
1020 3175 1076 3224 sine
1086 3172 1141 3224 ullo
1153 3170 1256 3223 artifice
1266 3188 1329 3226 orta

819 3269 875 3302 esse
889 3251 922 3302 de
935 3251 1022 3316 terra,
1035 3251 1107 3304 unde
1119 3249 1185 3302 illud
1198 3249 1328 3323 Virgilia-

819 3349 882 3381 num
896 3353 902 3381 ι
917 3343 995 3382 tenea
1011 3333 1144 3405 prope-nitu
1157 3331 1229 3382 duris
1244 3343 1327 3404 caput

817 3411 910 3461 extulit
925 3413 1001 3463 arvis:
1012 3441 1045 3451 -
1057 3411 1157 3463 Terrea.
1174 3413 1246 3478 Quia
1267 3431 1325 3465 cre-

817 3489 902 3542 ditum
916 3503 955 3542 est
970 3493 1058 3562 primo
1077 3491 1199 3543 homines
1218 3511 1232 3542 e
1251 3504 1323 3545 terra

816 3583 908 3636 natos,
920 3589 935 3622 a
946 3589 998 3641 qua
1007 3569 1090 3622 humo
1099 3571 1222 3623 homines
1233 3574 1321 3624 existi-

815 3651 926 3702 mabant
950 3651 1045 3702 dictos.
1070 3649 1122 3703 Sed
1143 3651 1237 3703 melius
1263 3665 1320 3716 est,

814 3729 918 3781 Ferrea.-
931 3743 960 3781 ut
972 3733 1117 3802 respexerit
1132 3727 1197 3778 iilud
1207 3728 1318 3783 Hesiod.

814 3809 861 3860 Νὓι
870 3806 918 3874 peip
929 3805 957 3862 lii
965 3808 1029 3876 pisse
1040 3809 1088 3858 tort
1098 3802 1202 3873 orlit'pttr.
1210 3835 1245 3845 —
1254 3809 1320 3861 Nul-

813 3887 840 3938 lo
853 3889 934 3938 modo
948 3885 1090 3958 probanda
1107 3899 1147 3938 est
1165 3887 1318 3941 immutatio

812 3967 934 4018 lectionis
946 3979 1034 4030 terrea,
1047 3985 1128 4038 quam
1137 3981 1245 4018 servant
1254 3970 1317 4021 Lac·

813 4049 912 4098 cantius
921 4059 947 4098 et
956 4046 1148 4120 Philargyrius,
1159 4059 1209 4118 pro
1211 4047 1314 4120 fenea.-

811 4142 899 4199 neque
921 4127 992 4178 enim
1007 4123 1052 4178 hic
1071 4128 1157 4198 agitur
1173 4125 1206 4178 de
1224 4125 1314 4180 ferrea
