2918 4682
350 377 399 440 ru
425 353 814 438 oaouoiconuu
837 371 931 435 nra.
956 374 1005 436 11.
1139 379 1202 468 449

157 507 256 564 riant:
271 497 347 560 huic
362 494 583 556 infecunditati
595 491 786 552 medicinam
799 491 979 570 adhibebis,
991 497 1016 555 si
1029 497 1145 559 inseras
1158 523 1164 558 :
1178 501 1207 560 si

157 604 260 650 mutes
274 590 307 646 in
322 584 401 646 alios
414 583 537 643 scrobes
551 581 650 664 probe
665 580 810 640 subactos
822 594 853 640 et
865 597 1008 664 paratos:
1023 585 1110 666 quod
1122 601 1208 669 post·

157 699 252 759 quarn
266 676 389 746 feceris,
401 671 467 732 cole
480 671 551 730 illas
563 670 759 752 frequenter,
772 671 807 729 ac
820 669 877 728 tibi
891 684 964 730 tunc
974 671 1131 753 parebunt
1141 697 1207 737 non

158 767 274 826 invite.
294 765 400 840 Quum
415 761 495 835 dixi,
517 757 575 818 has
593 757 721 818 arbores
738 756 907 818 mutandas
923 761 955 818 in
972 759 1049 820 alios
1064 763 1207 840 scrobes,

157 875 197 914 ne
210 853 314 935 capias
325 851 364 910 de
377 850 523 931 integris,
537 848 590 908 sed
604 848 643 908 de
657 847 782 908 surculo
795 847 903 928 aliquo
916 847 1052 908 illarum.

199 943 246 1002 53.
259 939 384 999 Transit
397 937 436 998 ad
449 937 591 1011 arbores,
604 956 673 1018 quae
685 933 845 1017 pullulant
857 957 891 994 ex
904 935 1020 1011 radice,
1031 958 1100 1018 quae
1113 941 1209 1000 etiam

159 1029 276 1092 steriles
288 1043 378 1105 sunt,
393 1026 447 1087 sed
462 1029 487 1088 si
507 1025 750 1101 transferantur,
771 1025 1017 1107 digerantnrque
1034 1028 1065 1086 in
1082 1049 1210 1111 campos

157 1115 289 1194 vacuos,
302 1132 396 1198 atque
408 1114 468 1177 soli
483 1118 656 1198 expositos,
668 1113 786 1187 facient
797 1116 896 1190 idern,
909 1114 994 1197 quod
1005 1119 1131 1197 primae3
1142 1120 1210 1178 red-

159 1208 274 1268 dentur
285 1205 458 1286 frugiferae,
469 1218 562 1286 atque
572 1204 715 1278 urbanae,
727 1203 949 1286 parebuntque
960 1204 1029 1263 tibi.
1039 1205 1153 1266 Reddit
1163 1228 1212 1267 ra·

157 1300 294 1371 tionem,
307 1317 364 1356 cur
375 1294 552 1375 digerendae
565 1296 597 1352 in
611 1313 726 1353 vacuos
738 1313 869 1375 campos
882 1316 888 1352 :
903 1296 976 1373 quia
991 1315 1073 1353 nune
1083 1295 1212 1356 frondes

157 1389 234 1468 ipse
248 1385 454 1458 luxuriantes,
467 1395 498 1442 et
512 1385 591 1442 rami
605 1384 770 1465 ipsiusmet
784 1385 910 1456 matris,
927 1381 1061 1458 arboris,
1077 1401 1214 1467 opacant

159 1473 408 1553 inumbrantque
417 1471 521 1548 foetus,
532 1473 739 1553 adimuntque
749 1470 822 1532 illos
832 1473 926 1532 matri
937 1493 1050 1553 magna
1061 1471 1213 1534 foliorum

160 1565 362 1626 exuberantia
374 1563 538 1638 crescenti,
555 1583 590 1622 ac
602 1561 730 1622 demum
743 1579 854 1636 urunt,
874 1578 904 1622 et
919 1579 1112 1622 consumunt
1124 1562 1212 1624 illam

161 1653 322 1714 volentem
336 1650 430 1712 foetus
445 1649 535 1711 ferre.

201 1743 249 1825 57.
262 1745 368 1803 Restat
382 1743 421 1802 de
433 1740 498 1816 his,
510 1761 579 1822 quaa
593 1742 786 1823 proveniunt
800 1761 836 1800 ex
851 1742 981 1800 semine.
994 1743 1215 1824 lstae,'inquit,

161 1833 345 1894 tardissimas
357 1833 474 1892 suntin
487 1829 631 1903 ferendo,
643 1845 739 1912 atque
749 1830 876 1891 illarum
887 1827 999 1890 umbra
1013 1833 1065 1890 vix
1078 1852 1110 1891 se
1123 1854 1217 1915 nepo-

161 1934 207 1981 tes
217 1918 298 2002 ejus,
309 1921 364 2002 qui
375 1939 481 1980 semen
488 1919 582 1999 jecit,
593 1919 804 1979 oblectabant.
816 1921 984 1995 Praeterea,
996 1939 1091 2000 poma
1102 1919 1216 1980 barum

162 2009 313 2069 arborum
332 2007 424 2067 facile
443 2005 652 2088 degenerant,
674 2007 771 2067 veluti
794 2005 894 2068 oblita
916 2028 1005 2068 suam
1027 2021 1172 2068 naturam
1188 2023 1219 2068 et

163 2116 280 2156 succos.
298 2099 341 2156 Ac
356 2097 382 2156 si
394 2095 535 2156 fortassis
549 2097 623 2155 vitis
638 2094 745 2178 aliqua
759 2108 835 2156 nata
850 2117 886 2155 ex
902 2097 1022 2156 semine
1035 2097 1217 2178 proveniat,

164 2188 242 2248 adeo
254 2201 375 2269 turpes,
395 2185 618 2268 neglectasque
633 2185 693 2246 fert
706 2206 860 2260 racemos,
882 2197 917 2245 ut
932 2187 1068 2245 serviant
1082 2185 1121 2245 ad
1137 2207 1218 2267 prae-

164 2274 238 2335 dam
251 2277 375 2350 avibus,
395 2297 460 2337 non
474 2276 613 2336 adesum
628 2273 824 2335 hominibus
842 2274 919 2334 Inde
934 2273 1049 2334 desinit
1063 2276 1097 2333 in
1111 2273 1219 2335 horta·

164 2365 370 2446 tionetn,qua
379 2379 497 2438 monet,
506 2361 1064 2446 impendendumlaboremincoram
1073 2363 1219 2422 omnium

165 2448 331 2511 arborum:
343 2451 501 2531 cogendas
512 2450 583 2510 illas
594 2453 627 2510 in
639 2450 777 2526 sulcum,
788 2471 827 2509 ne
835 2464 991 2530 vagentur
1000 2471 1059 2531 pro
1070 2446 1218 2525 libidine,

164 2538 340 2600 domandas
355 2540 461 2600 multis
475 2539 688 2617 mercedibus,
706 2556 737 2602 et
750 2541 967 2615 mercenariis,
985 2553 1019 2599 ut
1030 2555 1146 2599 exuant
1157 2540 1219 2621 syl-

163 2642 296 2689 vestrem
309 2630 467 2705 animum,
483 2630 619 2688 induant
634 2630 804 2690 urbanum.

201 2815 242 2868 50.
254 2815 385 2868 Scrobibus
392 2817 607 2869 mandetmutnta
617 2819 672 2871 sub-
715 2819 805 2894 aliqua
815 2820 874 2872 dote
884 2819 1065 2872 umbrarumve
1074 2815 1163 2891 officio
1174 2817 1220 2870 bu-

165 2897 237 2948 actis.
255 2896 310 2946 Nos
327 2897 421 2947 sember
441 2916 538 2969 genere
558 2897 671 2950 dicimus
716 2903 918 2972 manosjuvnnt.
932 2899 1045 2950 Taubm.

166 2974 332 3037 masculin03
350 2974 413 3027 lieet
432 2975 556 3029 Lucanus
576 2977 672 3030 dixerit
753 2979 795 3046 54.
814 2979 872 3030 Hoc
882 2979 974 3050 faciet.
990 2977 1021 3029 ld
1039 2991 1094 3042 cst,
1112 2979 1162 3030 erit
1181 2980 1221 3029 fe·

166 3068 261 3108 contra
269 3067 351 3106 artem
359 3075 365 3104 :
374 3055 478 3127 Exiqua
486 3057 670 3127 posuitserobe.
717 3057 820 3122 cunda,
831 3059 854 3108 si
861 3057 924 3109 inde
934 3059 1159 3109 transferetur.—
1168 3057 1222 3109 Va·

167 3136 240 3189 Serv.
250 3163 285 3173 —
293 3133 331 3185 At
340 3151 391 3204 pro
401 3145 439 3195 et‚·
452 3153 501 3187 nec
516 3149 617 3188 rectura
628 3157 672 3189 ex·

166 3215 242 3267 bibet
254 3231 360 3266 sensum
372 3213 452 3265 lectio
463 3226 526 3276 aut;
539 3233 601 3268 narn
613 3216 672 3268 sola

166 3295 293 3348 insitione
307 3294 417 3366 agrestis
428 3306 538 3346 truncus
553 3296 580 3346 in
594 3293 671 3346 salic·

168 3387 215 3440 to,
235 3373 365 3446 frugifera
386 3373 467 3424 arbor
487 3373 544 3425 lieri
563 3387 669 3444 potest;

169 3454 217 3508 sed
226 3456 362 3525 queritur,
370 3454 507 3524 quomodo
515 3453 543 3505 id
551 3454 608 3506 sola
617 3447 672 3506 rnu-

168 3537 271 3588 tatione
283 3534 337 3586 loci
348 3533 405 3586 fieri
417 3536 510 3606 pos'sit.
524 3535 555 3588 V.
568 3537 600 3586 G.

205 3613 247 3668 51.
256 3614 385 3666 Exuerint
394 3612 532 3666 silvestrem
543 3615 671 3666 animum.

716 3155 778 3189 euos
787 3138 809 3190 si
817 3139 851 3189 sit
861 3136 958 3210 dipesta
968 3155 1016 3207 per
1027 3153 1109 3208 apros.
1124 3135 1155 3186 ld
1167 3149 1222 3201 est,

718 3219 740 3267 si
753 3219 786 3268 sit
798 3216 941 3282 translata,
952 3214 1076 3266 ordinata
1084 3229 1158 3266 extra
1167 3233 1223 3267 um-

715 3297 791 3348 bram
810 3298 838 3347 in
859 3296 949 3347 locum
969 3297 1106 3367 apricum,
1127 3310 1153 3348 ct
1172 3297 1223 3348 soli

716 3377 874 3446 expositum.

754 3455 796 3525 59.
810 3455 945 3527 Pomaque
960 3454 1124 3528 depenerent.
1137 3456 1221 3509 Modo

717 3535 891 3608 depenerent,
911 3536 939 3587 in
962 3537 1039 3605 pejus
1059 3550 1221 3590 vertuntur:

719 3616 784 3668 alias
799 3617 826 3668 in
841 3615 945 3667 melius.
965 3617 1046 3667 Poma
1061 3635 1126 3668 vero
1144 3619 1223 3670 arbo-

167 3695 326 3750 lfaturalem
336 3696 506 3768 asperitatem
517 3707 543 3747 et
555 3697 675 3748 infecun.
719 3713 778 3746 rum
798 3713 829 3747 ex
846 3696 946 3747 semine
962 3709 1165 3766 procreatarurn
1182 3698 1224 3750 di·

170 3777 282 3830 ditatem
304 3795 311 3828 τ
338 3772 366 3828 td
394 3775 471 3843 ἱγριοι
499 3777 673 3845 ι’ξημιροῧτιι,
720 3778 771 3839 eit;
785 3794 851 3847 quas
864 3789 986 3841 constat,
1003 3777 1055 3827 nisi
1072 3778 1222 3847 translatae,

169 3855 306 3928 Theophr.
318 3857 358 3908 lta
367 3855 564 3923 Plinius‚llVl,
578 3873 616 3924 ¹9·
627 3856 675 3907 Ar·
720 3871 767 3910 aut
778 3857 862 3908 insita
872 3857 985 3922 fuerint,
993 3875 1048 3907 non
1059 3857 1223 3928 respondere

172 3937 240 3989 bores
251 3935 390 4009 distinguit
406 3938 434 3988 in
449 3934 571 3988 silvestres
587 3947 613 3988 et
629 3955 675 3988 ur·
721 3935 844 4008 qualitati
857 3938 963 3988 seminis
976 3935 1106 3990 suitfero.

173 4018 306 4070 baniores:
326 4031 354 4071 et
372 4020 481 4070 urbam
497 4019 534 4070 ait
552 4036 607 4070 non
626 4020 676 4069 im·
756 4017 798 4070 60.
816 4017 921 4090 Turpes.
934 4017 1087 4081 silvestres,
1100 4017 1180 4082 viles,
1198 4033 1226 4071 et

175 4097 259 4167 probe
274 4097 327 4150 dici
339 4099 425 4165 mins,
438 4115 496 4171 quoe
506 4098 614 4169 fructu,
630 4107 678 4149 aut
722 4097 815 4151 avibus
823 4097 997 4170 diripiendos.
1009 4097 1226 4150 Paulam-Fert

248 4183 272 4238 5.
664 4251 667 4264 ,
906 4183 909 4188 ’
1015 4203 1047 4254 ²9
