2964 4690
363 403 413 468 lu
436 399 826 469 onoaorcouou
848 402 942 470 utu.
967 405 993 472 1.
1137 395 1202 496 469

201 523 268 585 311.
289 523 421 600 Quiane
435 545 540 599 reare,
559 545 629 606 quie
647 535 713 586 tota
728 537 776 584 eat
794 521 834 584 tle
855 525 1047 609 astrologia,
1064 531 1204 590 annectit

159 623 388 694 tempestatem,
400 635 470 697 quae
482 612 608 674 duobus
618 615 775 696 precipue
787 614 982 696 temporibus
995 619 1070 678 anui
1080 619 1202 679 contin·

156 701 204 779 git
216 723 222 758 :
235 703 373 782 primum
385 715 430 762 eet
441 703 532 762 initio
543 703 710 777 Autumni,
723 715 756 762 et
766 699 829 761 line
840 702 980 764 AEstatie:
995 703 1128 766 alterum
1140 705 1204 765 fine

156 786 258 862 Veris,
272 790 364 848 initio
376 791 498 850 AEetatis
508 812 516 849 ι
528 791 635 873 itaque
647 788 786 850 confinia
796 791 863 872 ipsa
873 803 1052 874 temporum
1064 796 1204 876 exposita

155 891 230 938 eunt
245 879 496 961 tempestatibue3
512 901 586 941 nam
599 879 710 964 hyems
721 894 752 939 et
767 893 853 942 testae
870 880 990 942 torrida
1008 903 1074 944 non
1088 885 1132 943 ita
1144 884 1201 950 ob-¹

152 967 249 1026 noxia
262 966 339 1030 huic
350 969 435 1030 malo
446 983 574 1053 propter
584 990 742 1031 summum
752 970 869 1052 frigus,
881 991 1040 1032 summum
1052 971 1201 1035 calorem.

154 1053 244 1116 lianc
256 1058 360 1140 itaque
372 1061 555 1122 sententiam
569 1063 611 1120 ita
626 1058 779 1135 elucidat,
796 1071 832 1120 ut
844 1072 1044 1144 tempestates
1057 1075 1087 1121 et
1100 1059 1204 1121 sidera

155 1148 300 1205 autumni
310 1148 491 1229 incipientia
501 1147 656 1230 significet
665 1149 749 1209 notia
758 1146 897 1224 duabus,
909 1147 1056 1210 videlicet
1067 1169 1125 1231 per
1136 1147 1204 1210 diee

154 1228 327 1310 breviores,
345 1237 400 1316 qui
418 1249 492 1296 eunt
510 1250 582 1319 post
599 1235 845 1319 aequinoctium:
865 1248 898 1296 et
914 1255 971 1318 per
986 1249 1125 1297 aretatem
1136 1236 1204 1316 jam

155 1318 393 1384 mollescentem
411 1337 441 1384 et
456 1325 632 1387 labentem:
647 1324 725 1408 quid
741 1324 859 1401 dicem,
879 1343 948 1406 qnae
963 1322 1158 1407 providenda
1174 1337 1205 1386 et

154 1405 327 1472 laborando
347 1426 421 1474 eunt
438 1415 514 1474 viria
532 1413 695 1498 agricolis?
713 1434 769 1475 ver
786 1433 896 1490 ruene,
916 1411 949 1472 id
961 1427 1024 1490 εει,
1045 1411 1205 1490 desinens,

156 1497 314 1578 significat
325 1499 448 1562 duabus
459 1501 528 1563 aliie
542 1505 638 1579 notia,
650 1503 798 1564 videlicet
808 1523 865 1586 per
876 1503 977 1586 apicas
988 1499 1163 1578 horrentes,
1175 1515 1206 1564 et

69 1661 74 1672 ι
157 1606 216 1668 per
229 1587 424 1650 frumentum
439 1589 619 1670 lactescens,
632 1613 729 1676 quum
739 1606 863 1675 turgere
873 1592 986 1673 incipit
996 1592 1030 1651 in
1044 1589 1138 1652 viridi
1152 1589 1207 1651 ad·

159 1671 224 1736 huc
238 1689 270 1736 et
283 1691 388 1739 tenera
400 1680 527 1762 stipula.
957 1753 982 1792 ι

155 1875 257 1944 funda,
269 1893 300 1932 nt
309 1883 383 1935 aiunt
393 1881 499 1939 Serrine
509 1897 534 1939 et
546 1885 656 1960 Phylar·
700 1883 787 1958 Atque
804 1883 848 1936 uiri
857 1885 918 1956 jam
932 1880 1080 1954 breviorque
1094 1877 1162 1944 dies,
1179 1888 1208 1931 et

155 1957 259 2028 pyr-iun
273 1979 334 2013 nam
346 1960 425 2033 hujus
440 1965 590 2019 inventores
606 1964 657 2018 Pli·
701 1963 809 2017 mollior
819 1973 905 2016 estas:
919 1962 953 2015 de
965 1980 1027 2014 rere
1039 1960 1099 2012 hic:
1113 1957 1204 2032 Spicea

155 2036 216 2088 niue
223 2035 425 2110 Syrophoenicen
433 2057 577 2106 memoret,
588 2043 658 2098 Stra·
695 2046 756 2116 jam
769 2042 867 2115 campie
878 2059 959 2114 quum
972 2040 1056 2092 mettis
1067 2033 1202 2090 inlermit.

154 2115 192 2168 bo
203 2135 267 2170 vero
277 2120 385 2175 AEtoioe.
399 2123 495 2176 Preter
509 2125 656 2178 insularum
699 2123 775 2188 Ruit,
787 2122 815 2175 id
829 2134 870 2174 eet
881 2141 888 2173 r
900 2121 1099 2193 praecipitatum
1115 2121 1143 2170 in
1151 2116 1204 2172 fine

155 2193 362 2268 descriptionem
370 2199 440 2254 idem
448 2201 544 2256 Strabo
552 2204 655 2269 lib.lll,
700 2215 740 2255 eet
755 2226 761 2253 :
779 2214 805 2254 et
823 2203 851 2252 in
873 2199 926 2253 hoc
947 2199 1007 2252 talis
1031 2211 1071 2250 εει
1093 2213 1203 2250 eenauer

155 2274 304 2330 funditores
325 2280 441 2349 optimos
456 2300 513 2334 εεεε
532 2283 655 2336 Baleares
701 2279 766 2350 quid
777 2279 865 2331 dicam
876 2290 1007 2349 quantum
1018 2273 1205 2346 oporteateol-

156 2351 253 2406 docete
270 2358 415 2416 neutericus
433 2361 520 2427 ciperet
537 2357 654 2426 aiprrrer.
700 2360 803 2411 licitum
818 2369 844 2410 ct
863 2357 1012 2409 studiosum
1030 2374 1087 2408 esee
1104 2357 1207 2428 agrico-

139 2431 196 2484 ’καὶ
206 2433 269 2486 τοῦτ’
284 2436 384 2490 ἔσεισεν
400 2437 559 2508 inueniretur,
573 2437 655 2508 ε’ξᾶτεε
699 2437 880 2508 lamtempore
889 2435 1204 2488 autumnietreriuiSero.

155 2501 427 2580 eotnmmtaxneie
437 2513 523 2574 rietur.
533 2519 590 2570 Nec
602 2532 655 2584 eet,
736 2517 797 2584 314.
814 2517 904 2588 Spicea
915 2519 975 2588 jam
991 2515 1096 2586 campis.
1112 2513 1205 2586 Spicea

156 2592 375 2665 quodquiepiam
386 2598 657 2662 miretur,teetel‘'lo-
701 2593 994 2668 dematurislrupibue
1012 2593 1123 2646 abusive
1139 2592 1206 2646 ‹liei-
1290 2649 1293 2654 ,

155 2692 185 2725 ro
201 2674 251 2741 lll,
268 2677 302 2728 8:
317 2687 396 2728 certor
409 2677 488 2742 ἰιιιεε,
507 2695 588 2750 quum
603 2679 656 2732 lroee
700 2694 775 2728 mne:
786 2695 849 2728 nem
856 2676 966 2746 proprie
974 2673 1112 2744 eetepicus,
1122 2691 1205 2744 quum

154 2752 208 2804 sola
224 2755 297 2826 penti
312 2774 385 2806 anne
400 2757 468 2818 eint‚·
485 2757 513 2808 id
528 2775 611 2810 unum
625 2761 656 2811 ab
699 2775 749 2826 per
763 2756 844 2808 culmi
860 2753 1029 2820 folliculum,
1045 2752 1074 2805 id
1089 2766 1205 2821 eat,·ex·

156 2832 399 2905 infantiertudium.
409 2837 497 2890 Cibum
502 2853 655 2909 pueramu·
700 2846 815 2888 tremum
833 2848 982 2898 tumorem,
1004 2833 1092 2886 ariete
1116 2831 1204 2885 adhuc

156 2923 193 2963 tre
216 2932 269 2966 non
289 2917 400 2987 accipit,
426 2917 476 2970 niti
498 2937 574 2992 quem
600 2921 655 2992 ipsa
699 2927 792 2968 tenuee
804 2917 832 2968 in
845 2913 955 2966 modum
968 2912 1066 2984 spiculi
1076 2914 1202 2966 eminent.

156 3002 327 3058 monstrante,
350 2997 478 3064 perclusit.
492 3025 528 3036 --
541 2999 655 3070 Stuppee
698 2996 1094 3050 Seru.-1nitormit.llorrere
1110 2992 1204 3046 dicun·

150 3072 263 3122 'uerbera
280 3074 366 3124 Funes
383 3093 398 3124 ε
409 3086 509 3146 stuppa
523 3079 655 3144 contexti,
699 3089 743 3128 tur
760 3078 847 3129 ariette
865 3075 1070 3128 maturescentia
1086 3073 1204 3124 frumen·

156 3151 210 3201 eive
220 3148 292 3214 lora,
302 3151 398 3220 quibus
408 3152 547 3222 plumbum
559 3167 607 3206 aut
617 3155 657 3208 la·
701 3158 721 3208 ti
733 3178 741 3218 ;
758 3157 853 3209 eodem
870 3153 951 3206 modo
970 3152 1077 3206 carduis
1093 3153 1204 3206 horrere

155 3228 231 3300 pidet
241 3230 436 3300 intorquentur·
700 3233 799 3288 elicitur
808 3253 873 3306 ager
884 3233 1005 3285 desertus
1014 3253 1022 3294 ς
1039 3231 1122 3284 haeris
1133 3250 1206 3283 exer·

190 3309 250 3360 311.
267 3310 336 3380 Quid
352 3321 509 3382 tempestates
526 3312 655 3370 outtemni.
702 3315 787 3374 citus3
800 3314 864 3366 aetia
876 3312 959 3363 verrin
972 3311 1089 3362 doraum.
1103 3311 1134 3363 V.
1149 3311 1181 3362 G.

154 3389 243 3440 Verno
256 3401 283 3440 et
295 3389 443 3440 autumnali
458 3403 577 3460 tempore
592 3390 657 3444 fiunt
738 3393 799 3448 315.
811 3394 952 3445 Frumento
966 3390 1096 3442 lactentia.
1108 3388 1204 3442 Adhuc

155 3481 336 3539 tempestates,
345 3469 453 3540 quando
463 3489 513 3522 nec
523 3471 604 3541 plena
612 3489 658 3524 ae·
702 3475 807 3538 tenuia,
816 3484 842 3524 et
850 3471 926 3524 lectio
936 3469 1017 3541 plena
1028 3489 1034 3520 ε
1046 3487 1110 3521 eane
1122 3470 1205 3521 scien-

156 3562 197 3600 tae
216 3561 271 3612 est,
290 3567 340 3600 nec
359 3549 441 3618 plena
458 3548 565 3601 hieme:
587 3549 657 3603 unde
703 3553 930 3618 dum,Varronem
939 3553 965 3602 in
973 3548 1204 3602 libriedirinarum

154 3628 272 3680 medium
284 3640 311 3680 et
323 3629 427 3681 conline
440 3629 579 3700 utriueque
593 3643 657 3682 tem·
702 3651 791 3684 rernm
801 3630 1066 3694 dicere,Lactentem
1075 3628 1156 3682 deum
1164 3647 1207 3682 ee·

153 3711 244 3780 poris,
256 3726 288 3760 ex
302 3710 490 3778 conjunctione
506 3711 656 3763 contrarie·
702 3728 747 3778 ee,
766 3713 812 3782 qui
828 3729 856 3762 ee
876 3707 994 3786 infundit
1010 3707 1160 3780 segetibus,
1180 3719 1206 3762 et

153 3809 213 3841 rum
236 3807 344 3853 rerum,
368 3801 540 3860 tempestates
563 3789 654 3842 cilicii.
701 3809 746 3844 eas
761 3793 827 3844 iacit
842 3789 987 3842 lactescere
1002 3806 1009 3840 ι
1026 3801 1052 3842 ει
1066 3789 1204 3842 sciendum

153 3869 222 3922 Sane
244 3867 399 3934 sciendum,
421 3869 527 3922 ultimae
546 3881 655 3940 parter,
700 3865 770 3923 inter
792 3869 930 3921 lactantem
950 3879 976 3920 et
997 3865 1134 3920 lactentem
1151 3867 1205 3920 hoe

154 3960 209 4002 turn
224 3952 360 4018 autumni,
378 3967 458 4021 quam
471 3951 541 4004 veria
558 3949 656 4023 signiti-
701 3952 844 4011 inteream
862 3947 933 4020 quod
951 3947 1050 4001 Ιαειειιε
1069 3961 1125 4012 εει,
1146 3967 1206 4018 quie

154 4047 229 4092 care,
240 4029 337 4099 quibua
349 4029 415 4082 fiunt
427 4029 551 4102 procellae
563 4051 569 4082 z
583 4029 657 4101 quod
700 4029 743 4082 lae
757 4028 874 4100 prebet3
891 4027 1000 4094 lacteo,
1016 4029 1059 4080 eni
1075 4027 1117 4081 lae
1135 4045 1205 4100 prte-

155 4105 188 4159 de
205 4121 351 4175 eutumno,
366 4109 411 4164 hic
428 4109 532 4164 indicat
544 4127 654 4165 versas:
700 4109 789 4164 betur.
800 4109 870 4162 Seru.

422 4323 436 4352 ἱ
