2970 4714
245 374 287 440 70
682 351 855 418 CULEX

284 475 415 551 Omnia,
427 473 558 536 luxuriae
570 475 693 555 pretiis,
707 475 883 556 incognita,
894 476 980 538 euris

283 564 362 641 Qua
374 563 512 626 lacerant
523 563 630 624 avidas
643 565 772 626 inimico
783 581 912 648 pectore
925 579 1057 628 mentes.

283 655 312 714 Si
326 675 390 714 non
404 656 529 736 Assyrio
542 653 659 715 fuerint
671 655 720 716 bis
732 655 949 732 ientaculum,

282 743 422 804 Attalicis
435 747 549 828 opibus
561 745 649 822 data,
661 745 792 820 sallara3
805 749 830 806 ai
843 749 929 807 nitor
940 749 1010 808 anri

281 831 344 892 Sub
356 832 500 916 laqueare
512 836 626 896 domus
639 839 781 896 animum
793 858 859 896 non
872 840 973 916 tangit
985 855 1116 900 avarum

176 971 179 978 .
281 921 477 1006 Picturaeque
490 925 599 1000 decus3
611 924 755 1007 lapidum
767 946 824 985 nec
837 923 942 1006 fulgor
952 925 991 985 ab
1003 923 1068 985 ulla

281 1007 434 1091 Cognitus
448 1013 583 1074 utilitate
593 1027 704 1087 movet,·
718 1035 776 1073 nec
789 1012 906 1095 pocula
919 1015 1044 1074 Graium

281 1098 408 1162 Alconis
420 1101 560 1170 referunt
571 1101 744 1184 Boethique
756 1117 914 1177 toreuma3
927 1123 983 1162 nec
995 1101 1066 1162 Indi

280 1191 427 1256 Conchea
440 1192 536 1254 bacca
550 1196 646 1254 maris
658 1195 760 1274 pretio
772 1206 836 1253 est:
850 1207 882 1252 at
894 1205 1022 1274 pectore
1033 1211 1116 1276 puro

279 1283 364 1363 Saepe
376 1304 469 1367 super
482 1300 590 1344 tenero
601 1286 775 1366 prosternit
786 1285 927 1364 gramine
939 1303 1068 1366 corpus3

277 1372 404 1434 Florida
417 1396 515 1457 quum
529 1373 623 1434 tellus
636 1389 830 1454 gemmantes
842 1376 928 1455 picta
940 1394 998 1455 par
1009 1373 1124 1436 barbas

277 1465 358 1523 Vere
370 1478 458 1524 nouat
470 1462 554 1522 dulci
568 1460 715 1522 distincta
726 1460 886 1524 coloribus
897 1483 988 1536 aran

276 1555 380 1634 Atque
392 1553 483 1612 illum
497 1552 618 1612 calamo
631 1551 738 1613 laetum
751 1553 910 1614 recinente
921 1550 1070 1634 palustri,

277 1641 413 1720 Otiaque
426 1639 545 1700 invidia
557 1639 723 1722 degentem
735 1655 765 1701 et
774 1639 885 1704 bande
897 1651 1035 1712 remota,

278 1727 518 1813 Pollentemque
528 1733 587 1804 sai,
600 1730 694 1790 viridi
706 1751 783 1792 oum
793 1729 924 1813 palmite
936 1725 1050 1786 ludens

274 1815 399 1877 Tmolia
411 1821 580 1901 pampineo
593 1821 701 1880 subter
712 1839 801 1879 coma
814 1816 898 1877 velat
909 1817 1036 1875 amictu.

277 1904 328 1966 llli
342 1921 417 1966 aunt
427 1907 554 1988 grauidae
566 1912 676 1971 roranti
688 1907 771 1968 lacte
783 1905 924 1988 capellas,

277 1997 318 2055 Et
330 2017 457 2072 nemus,
470 2013 501 2057 et
513 1997 647 2059 fecunda
661 1997 766 2072 Pales,
779 2010 811 2056 at
822 1993 898 2054 valle
909 1991 962 2054 rub
974 1995 1034 2055 ima

276 2086 406 2166 Semper
417 2107 514 2168 opaca
527 2091 618 2150 novis
633 2088 795 2146 manantia
808 2081 950 2142 lontibus
962 2096 1063 2143 antra.

276 2173 355 2248 Quis
368 2177 467 2256 magis
480 2192 590 2257 optato
603 2190 699 2258 quant
710 2194 776 2234 esso
788 2171 1003 2244 beatiorem,

276 2261 379 2337 Quam
391 2266 446 2346 qui
459 2280 564 2325 menta
576 2263 686 2347 procul
700 2283 779 2343 pura
792 2277 949 2340 sensuque
960 2257 1126 2340 probando

274 2353 346 2411 Non
358 2351 464 2412 avidas
478 2341 601 2413 initiavit
613 2371 703 2432 opes3
715 2370 779 2408 non
793 2350 894 2408 tristia
906 2345 990 2406 balla

274 2442 338 2500 Nec
349 2440 475 2502 funesta
489 2444 579 2502 timet
590 2438 703 2500 salida
716 2439 889 2503 certamina
901 2434 1022 2510 classis3

274 2531 359 2606 Non,
374 2531 484 2613 spoliis
497 2547 530 2594 ut
540 2543 649 2592 sancta
661 2529 756 2588 deum
769 2527 964 2608 fulgentibus
975 2539 1069 2587 ornat

274 2618 420 2700 Templa,
433 2619 481 2680 vel
496 2631 621 2680 evectus
634 2617 729 2676 linem
744 2616 945 2678 transcendat
956 2614 1110 2693 habendi,

275 2707 447 2768 Adversum
461 2713 549 2770 stavia
562 2707 647 2771 ultro
659 2721 754 2789 caput
765 2707 909 2772 boatlbus
921 2704 1029 2766 offerti

275 2797 325 2858 llli
338 2797 419 2858 falce
432 2799 509 2859 daus
523 2797 654 2871 colitur,
666 2817 732 2856 non
746 2812 825 2873 arte,
837 2796 957 2880 politus
970 2817 977 2854 τ

274 2885 331 2945 llle
343 2886 421 2946 colit
432 2885 537 2960 lucos3
550 2885 597 2944 illi
611 2883 767 2944 Panchaia
780 2905 862 2958 rum,

273 2972 420 3034 Floribus
434 2987 571 3055 agrestes
584 2972 690 3033 herbae
701 2973 912 3047 variantibus,
924 2971 1055 3048 adsunt;

273 3061 324 3122 llli
338 3060 440 3122 dulcis
453 3060 542 3122 adest
553 3062 694 3142 requies,
707 3075 737 3121 et
749 3081 828 3144 pura
841 3061 1003 3143 voluptas,

273 3152 400 3224 Libara3
414 3147 611 3230 simplicibus
624 3151 726 3213 ouria:
740 3148 809 3212 huic
820 3152 980 3227 imminet,
991 3169 1103 3210 omnes

273 3241 391 3318 Dirigit
404 3238 465 3297 huc
478 3258 600 3314 sensus,
613 3237 679 3300 latae
692 3261 767 3305 eura
779 3255 826 3300 ost
838 3239 964 3301 subdita
977 3239 1082 3316 cordi,
1253 3263 1284 3311 9⁰

274 3325 410 3412 Qualibet
420 3340 454 3384 ut
468 3328 546 3386 tenui
558 3329 642 3387 victu
656 3341 823 3389 contentus
837 3329 990 3405 abundet,

273 3412 484 3495 Jucuudoque
496 3411 573 3494 liget
585 3415 765 3497 languentia
780 3417 895 3478 lumina
904 3437 1028 3479 somno.

272 3504 300 3562 0
313 3501 463 3584 pecudes,
475 3525 494 3563 o
507 3505 621 3582 Panos,
634 3521 665 3567 et
677 3529 696 3567 o
709 3510 886 3588 gratissima
899 3511 1031 3588 Tempe,

272 3589 383 3651 Naides
393 3611 429 3649 ao
441 3591 590 3674 Dryades:
603 3615 738 3677 quarum
750 3617 814 3657 non
829 3595 925 3658 divite
937 3595 1023 3656 cultu

272 3675 411 3739 AEmulus
424 3681 544 3742 Ascraeo
555 3697 663 3764 pastor
676 3687 736 3746 sibi
750 3688 882 3766 quisque
894 3697 997 3764 poeta
1252 3693 1281 3754 95

271 3769 416 3828 Securam
429 3769 556 3850 placido
569 3773 705 3835 traducit
717 3791 843 3856 pectore
856 3775 966 3833 vitam!

270 3855 399 3918 Talibus
412 3861 444 3919 in
457 3861 570 3923 studiis
582 3864 698 3925 baculo
711 3863 787 3923 dunt
801 3866 893 3924 nixus
905 3864 1009 3944 agresti

247 4016 296 4134 3Ab
307 4031 328 4062 v.
340 4015 369 4079 78
384 4019 438 4070 inde
449 4023 644 4088 'antemolationca
653 4025 783 4080 variorum
796 4022 878 4070 saltem
892 4037 958 4070 nota
972 4033 1026 4070 sunt
1040 4023 1185 4070 accessiones
1198 4039 1220 4069 s.
1239 4023 1281 4076 85,

231 4105 246 4146 9
271 4102 294 4135 et
304 4105 332 4152 97
343 4105 378 4154 sq.
