2970 4714
585 399 764 464 CULEX.

159 525 300 612 Scrupca
313 519 450 587 desertae
462 538 643 610 perrepunt
654 521 695 588 ad
708 545 786 588 cava
798 525 898 612 rupis.

158 630 356 697 Tondentur
366 647 481 696 tenero
493 629 667 696 viridantia
679 633 824 720 gramina
836 653 963 712 morsu,

158 735 304 800 Pendula
315 735 470 826 projectis
482 753 662 826 carpuntur
674 753 708 801 et
718 736 834 802 arbuta
845 739 957 818 ramis,

158 843 334 932 Densaquc
347 843 495 932 virgultis
507 842 602 908 avide
614 842 763 908 labrusca
774 859 943 932 petuntur.

158 949 236 1013 Haec
249 970 406 1036 suspensa
418 950 503 1036 rapit
514 966 669 1038 carpente
681 949 851 1014 cacumina
863 971 976 1019 morsu

157 1053 218 1117 Vel
231 1053 336 1120 salicis
349 1054 460 1134 lentte,
474 1054 527 1120 vel
539 1077 614 1145 quae
626 1078 712 1120 nova
724 1055 870 1120 nascitur
879 1055 989 1135 ulnus;

138 1221 141 1226 .
159 1160 237 1224 Haec
250 1176 378 1226 teneras
391 1161 548 1225 fruticum
560 1177 670 1226 sentes
682 1162 834 1241 rimatur3
847 1177 880 1224 at
892 1161 946 1224 illa

158 1267 301 1331 Inminet
314 1266 348 1331 in
360 1267 420 1330 rivi
433 1267 617 1354 praestantis
630 1267 780 1354 imaginis
793 1265 927 1330 undam.

201 1372 231 1438 Ο
243 1371 331 1437 bona
342 1373 496 1460 pastoris,
510 1372 537 1434 si
551 1372 625 1460 quis
637 1395 704 1436 non
716 1373 871 1462 pauperis
883 1393 981 1437 usum

187 1570 226 1632 49.
244 1572 343 1634 Scrnpeu
354 1571 448 1616 deserta
462 1580 586 1633 perrepunt
601 1572 633 1616 od
647 1587 704 1618 cmre
717 1575 787 1634 rupis.
805 1573 843 1618 Ειι
859 1571 908 1618 hec
922 1571 1033 1618 Bembina
1049 1568 1126 1618 lectio.
1142 1569 1204 1616 Edd.

156 1652 212 1690 vett.
227 1653 280 1686 ante
290 1641 402 1688 Bemhum
417 1657 470 1686 cum
485 1641 550 1688 Voss.
564 1641 695 1688 habebant:
712 1643 811 1688 duertes
825 1641 942 1692 madunt
955 1641 986 1686 od
998 1656 1054 1686 euno
1069 1656 1143 1704 rupee.
1157 1641 1205 1686 lla.

156 1711 243 1760 lioeler.
259 1713 351 1758 desertis
367 1711 477 1767 laniat,
495 1725 518 1759 et
532 1716 557 1759 in
575 1729 647 1776 marg.
659 1713 772 1760 errabant.
787 1713 889 1776 Scaliger
901 1731 914 1762 e
926 1729 967 1760 ιιιι.
980 1715 1058 1760 Conui
1074 1713 1203 1776 probabat:

157 1784 249 1828 desertis
261 1780 376 1828 hoerehcnt
383 1783 476 1828 odem
486 1786 556 1846 rupis.
566 1784 658 1830 linere
670 1787 733 1830 enim
743 1796 766 1830 et
775 1785 879 1846 pendere
892 1799 980 1847 caprae.
991 1785 1039 1830 Nec
1049 1783 1116 1830 aliter
1125 1783 1206 1828 liartlr.

156 1855 210 1911 llll,
226 1869 260 1914 ¹9·
270 1853 317 1900 Sed
327 1865 349 1900 et
361 1869 450 1916 repere,
462 1871 488 1900 ac
499 1869 618 1918 perrepere
633 1858 728 1918 propria
741 1872 863 1918 caprarum
875 1868 938 1902 sunt.
950 1855 980 1904 ei.
993 1855 1035 1900 inf.
1051 1854 1101 1902 103.
1114 1871 1138 1919 p.
1153 1871 1204 1900 avio

157 1929 220 1988 rupis
230 1927 293 1986 conj.
307 1926 401 1980 Heius..
414 1928 482 1972 etiam
497 1928 522 1972 in
534 1925 655 1974 Adversar.
667 1941 691 1989 p.
709 1929 746 1973 5ι.
758 1929 796 1974 lo.
808 1927 932 1974 Schrader.
946 1927 1032 1982 ardum
1043 1928 1115 1972 denia.
1124 1951 1156 1962 -
1166 1929 1204 1973 5ο.

160 1995 292 2042 Tondebent
302 1994 356 2042 edd.
367 2007 425 2044 rett-
438 1996 529 2042 Eedem
539 2012 593 2042 cum
604 1995 673 2044 codd.
689 1998 757 2044 Vota.
770 2008 794 2044 et
805 1999 883 2044 Peter.
896 1997 960 2045 hunc
971 2013 1062 2044 reratun
1076 2011 1128 2044 ante
1140 2014 1162 2043 r.
1173 1997 1204 2057 49

157 2067 317 2115 collocabant:
332 2071 408 2114 minna
422 2070 487 2114 scite.
504 2067 559 2114 Mor
578 2077 689 2116 tenero...
708 2085 792 2116 morsu.
813 2069 932 2125 Offendit‚
948 2069 1012 2133 quod
1028 2083 1107 2114 versus
1119 2066 1204 2112 abhinc

157 2141 238 2186 tertias
250 2142 334 2186 iterum
347 2143 373 2186 in
385 2156 460 2186 mrsu
475 2143 530 2186 erit.
547 2141 667 2188 Promtttm
681 2153 731 2188 erat
744 2150 819 2188 tenuo
833 2141 898 2188 dente
913 2142 1060 2190 substituere.
1074 2139 1205 2204 Erythraeua

157 2209 220 2272 apud
230 2211 375 2257 Taubmann.
385 2226 465 2257 ιιιιιιιιιι
475 2210 544 2274 legit,
554 2211 618 2274 qnod
627 2227 639 2257 a
648 2211 773 2258 mandendo
784 2211 858 2258 finxit.
869 2237 901 2248 -
911 2214 948 2260 Sa.
959 2211 1069 2258 labrusce.
1082 2211 1142 2256 Mire
1152 2225 1205 2256 cor·

155 2295 224 2344 rupta
240 2283 285 2329 tuit
301 2283 350 2328 ltatc
367 2299 412 2330 vox
423 2285 448 2329 itt
460 2281 520 2328 tulit
536 2282 659 2346 Pomponii
674 2281 754 2330 libris:
769 2281 806 2330 vet
823 2283 908 2330 briasto.
921 2283 994 2338 Addit
1008 2283 1047 2330 ille
1056 2299 1061 2328 :
1071 2293 1086 2322 ἰ
1095 2283 1203 2328 limatum

158 2373 168 2392 ι
178 2353 247 2398 arbor
257 2365 303 2408 eat,
312 2369 364 2416 qure
376 2353 406 2400 ad
415 2365 578 2400 ornamentum
588 2369 720 2401 mentatum
730 2367 834 2401 secatur:
845 2356 952 2401 meminit
963 2353 1024 2400 Pliu.
1037 2352 1077 2399 lib.
1095 2351 1129 2397 16.
1140 2350 1202 2397 Alibi

159 2443 169 2462 ι
180 2425 274 2470 invenio
287 2421 449 2470 lrorenmeaae
458 2437 531 2484 penus
541 2423 637 2470 arboria.
648 2425 714 2472 ιδιά
725 2438 749 2471 et
757 2425 821 2487 apud
833 2425 893 2472 Plin.
903 2427 967 2482 llVl,
978 2425 1020 2480 ιδ,
1031 2439 1048 2470 ι.
1060 2439 1087 2485 ²7
1098 2422 1203 2467 briocum

156 2506 190 2539 eat
200 2493 269 2540 tuber
278 2495 350 2539 aceris
361 2509 367 2539 :
381 2493 484 2540 alienum
496 2494 524 2540 ab
536 2493 560 2540 h.
574 2491 590 2538 l.
599 2496 651 2540 Jam
663 2493 769 2541 labrusce
782 2499 854 2558 petita
867 2505 914 2542 est:
931 2510 972 2542 ma.
985 2493 1081 2542 llelmat.
1096 2491 1127 2538 ad
1140 2494 1203 2538 vocis

156 2565 339 2610 communiorem
350 2563 465 2610 formam:
477 2578 504 2610 ιιι
515 2564 563 2610 net.
577 2566 606 2621 V,
618 2582 640 2628 7.
653 2567 682 2612 Δι
693 2565 785 2629 vulgata
798 2567 933 2614 deieuditur
948 2583 962 2612 a
980 2565 1069 2619 Nonio,
1083 2564 1124 2626 qni
1139 2561 1203 2608 hunc

157 2651 248 2682 versum
257 2635 368 2682 laudarit.
379 2635 426 2682 rid.
436 2651 488 2698 rnp.
501 2636 609 2682 Prooemit
621 2652 657 2700 pr.
670 2661 702 2674 -
712 2637 750 2685 53.
760 2639 817 2684 Hoec
826 2653 935 2702 sospem
944 2650 1007 2685 recte
1016 2638 1095 2700 jungit
1105 2633 1202 2680 ‘lauhm-

155 2710 204 2770 ipsa
216 2710 307 2770 erigens
315 2723 340 2754 ae
352 2706 450 2770 capella.
463 2707 525 2754 Olim
536 2706 612 2754 male:
624 2711 673 2756 Nec
681 2725 700 2756 s.
714 2710 761 2756 Sed
774 2709 882 2772 displicet
893 2719 998 2774 carpente
1009 2719 1062 2772 post
1078 2715 1204 2768 carpuntur

157 2791 180 2822 et
194 2793 269 2824 morsu
285 2789 338 2839 poat
350 2793 373 2823 r.
387 2777 424 2823 ⁵⁰.
438 2779 475 2824 Jo.
491 2777 614 2824 Schrader.
629 2781 693 2842 conj.
706 2780 798 2826 rodente
814 2797 844 2826 m.
862 2779 956 2827 Watet.
973 2779 1029 2826 Silv.
1046 2780 1098 2824 crit.
1115 2779 1140 2822 Ρ.
1156 2778 1203 2832 lll,

157 2867 180 2912 p.
203 2865 245 2911 ¹¹9
255 2853 364 2912 cupiente.
379 2849 445 2914 qnod
456 2864 504 2896 non
516 2849 645 2912 praeferam.
656 2875 687 2886 -
698 2850 735 2908 54.
748 2852 827 2898 licina.
845 2851 960 2898 malebat:
972 2849 1075 2914 veiqne;
1087 2861 1141 2894 ant:
1153 2846 1190 2892 vel
1197 2882 1203 2900 ,

155 2935 207 2984 quae
220 2935 243 2964 ιι,
259 2923 373 2980 pscium,
381 2919 437 2966 alrti.
448 2921 514 2966 Vuae.
532 2921 589 2966 Hoee
599 2935 619 2966 ι.
629 2933 653 2968 et
660 2925 763 2983 pascitur
775 2939 797 2968 u.
807 2945 840 2958 -·
849 2923 885 2969 55.
902 2930 987 2976 rentem
1000 2920 1083 2984 quidni
1089 2917 1204 2980 frondes?

156 2993 235 3038 lleins.
243 2993 306 3054 conj.
316 2992 510 3054 teneroefmticem
517 2995 599 3048 sentis,¹
609 2993 657 3040 rid.
667 2992 780 3056 Calpur-n.
790 2992 838 3039 ttcl.
850 2995 870 3038 V
882 2995 984 3052 (vertum
996 3008 1066 3055 quein
1078 2993 1186 3052 respiciat
1196 3025 1201 3041 ‚

156 3079 203 3110 noo
218 3065 333 3124 reperio).
348 3071 421 3108 rentes
432 3067 559 3110 ruminatur
575 3079 617 3110 ms.
632 3064 720 3111 lioeler.
732 3091 764 3102 -·
777 3065 813 3112 56.
827 3067 899 3112 Nimie
909 3064 989 3110 horret
1005 3079 1096 3118 verena,
1110 3061 1202 3107 sinodo

158 3136 201 3178 rivi
212 3135 342 3194 proeatentir
352 3135 452 3195 irmpinir
466 3134 528 3181 dicta
541 3150 590 3182 esre
605 3135 690 3182 debet:
703 3137 782 3200 itaque
795 3151 848 3182 eum
862 3148 997 3197 corruptum
1009 3149 1058 3182 etse
1066 3131 1147 3178 nullus
1158 3131 1203 3176 du-

157 3205 214 3249 bito.
234 3203 267 3248 lta
285 3217 381 3266 quoque
398 3203 515 3265 scaligero
526 3209 613 3262 visum,
632 3208 673 3270 qui
688 3207 794 3270 legebat:
811 3209 914 3252 Imminet
931 3209 1009 3269 im'pui
1022 3205 1150 3268 proestuntir
1166 3201 1204 3246 ἘΙ

154 3275 285 3336 properanti
296 3274 401 3335 marpinis
412 3273 492 3318 unda:
503 3275 527 3319 in
539 3291 587 3337 qno
598 3275 733 3324 facilitatem
743 3278 832 3338 ingenii
843 3289 866 3322 et
876 3291 956 3322 rereua
965 3289 1012 3320 non
1024 3276 1100 3319 minus
1110 3271 1203 3317 deride·

156 3360 201 3392 res.
212 3343 358 3406 Relinperem
370 3341 451 3390 saltem
465 3345 512 3390 aie:
523 3351 630 3407 praetenti
639 3347 677 3395 vel
686 3353 792 3411 proetexti
799 3350 912 3410 murpinir.
922 3345 970 3392 Sed
980 3347 1071 3391 suavior
1082 3341 1157 3388 multo
1169 3354 1203 3388 est

156 3415 257 3478 vulparia
269 3412 354 3469 lectio,
366 3413 437 3460 modo
446 3415 465 3460 si
476 3417 578 3480 inopinis
588 3417 691 3464 umbram
700 3419 762 3481 legar
774 3419 866 3480 poetice
878 3432 921 3478 pro
933 3414 1032 3476 imapine
1044 3416 1069 3460 in
1081 3413 1131 3458 rivo
1140 3413 1202 3458 risa:

155 3489 180 3532 in
194 3485 254 3530 hanc
267 3483 307 3530 illa
317 3484 417 3548 desuper
429 3500 441 3530 e
453 3487 503 3548 ripa
515 3489 634 3542 imminet,
650 3488 829 3552 prospectando.
844 3489 871 3531 ln
882 3488 1011 3549 prestantia
1025 3484 1118 3530 ridetur
1129 3481 1201 3528 latere

155 3567 260 3620 prostans
276 3569 315 3603 aut
332 3557 380 3618 ipsa
396 3568 436 3602 aut
447 3559 506 3618 ripa.
525 3559 581 3604 Nam
595 3568 700 3621 prostans
711 3561 859 3622 prominent,
873 3571 899 3604 ut
911 3567 1015 3620 prostans
1029 3553 1125 3618 ιιιιςιιὶιιι
1138 3555 1202 3616 apud

155 3631 300 3683 Lucretium,
309 3637 413 3689 prostans
425 3643 499 3690 rupes.
510 3630 561 3675 Jam
570 3645 600 3675 ex
611 3633 653 3676 rivi
661 3631 722 3676 undo
732 3645 774 3676 ma.
784 3628 879 3676 llelmtt.
890 3631 1003 3676 Posaitaic
1013 3627 1095 3690 relinpi
1104 3642 1110 3671 :
1120 3627 1201 3672 Immi-

155 3709 213 3746 nete
222 3704 272 3762 ripe
279 3707 394 3762 prostrate
409 3702 433 3745 in
447 3703 549 3765 imaqinis
565 3701 682 3748 ambrum:
693 3704 737 3748 niti
749 3700 815 3748 malie
823 3711 928 3765 prostans
944 3705 994 3747 ini.
1012 3702 1091 3746 lleins.
1102 3699 1164 3760 conj.
1179 3713 1203 3742 ut

155 3775 210 3826 viui,
220 3771 258 3816 vel
268 3774 357 3835 im'pui,
369 3781 503 3835 prestantes
512 3777 632 3839 marpt'nis,
643 3774 680 3822 rel
689 3777 809 3840 promittis,
819 3775 898 3820 tendas.
908 3775 936 3819 ln
946 3773 1017 3820 altera
1025 3769 1123 3818 scheda:
1135 3790 1145 3809 ι
1156 3770 1202 3813 lm·

158 3863 167 3882 ι
178 3847 245 3888 minet
254 3847 333 3908 irripni
339 3849 467 3906 prestantia
480 3845 532 3904 (rel
543 3849 683 3909 properantis
692 3850 700 3906 l
710 3851 810 3912 rirsuqinir
820 3846 905 3892 umbre.
914 3847 940 3891 ln
950 3843 1072 3891 Catalectis
1082 3843 1159 3904 lipigr.
1171 3840 1201 3886 ‹lc

157 3933 167 3952 ι
178 3913 336 3959 Narcisso
353 3915 429 3960 Cernis
439 3915 467 3961 ud
478 3919 560 3981 irripuo
570 3927 702 3981 repetentem
712 3924 812 3982 premiere
822 3923 898 3982 ripas,
912 3918 944 3964 Ut
950 3933 992 3980 per
1000 3929 1057 3980 quus
1064 3915 1131 3976 periit
1139 3925 1201 3957 crcs-

158 4003 168 4022 ·
178 3999 227 4027 rere
237 3988 309 4046 possit
316 4001 388 4048 aquas
393 4004 402 4040 ‚¹
412 4007 421 4026 ι
434 4000 545 4032 memorat
555 4005 650 4052 quoque
659 3992 756 4036 Pontan.
766 3991 795 4036 ad
804 3989 907 4036 Macrob.
919 3990 952 4043 ll,
962 4005 985 4050 9.
1000 3983 1091 4031 Walei.
1102 3983 1118 4028 l.
1129 3982 1144 4027 l.
1155 3999 1199 4029 ern.

159 4053 262 4098 imminet
271 4057 294 4098 in
303 4057 374 4098 rivum
384 4059 543 4122 prustrinqens
560 4063 666 4124 mnryinis
675 4059 785 4106 umbram.
800 4075 852 4124 qua·
863 4075 910 4104 non
925 4061 978 4104 satia
992 4068 1109 4117 artequor.
1120 4075 1152 4086 -
1164 4053 1200 4110 57·

155 4121 213 4167 Cum
229 4123 302 4170 nobili
315 4121 367 4170 loco
379 4125 421 4172 Ge.
434 4127 466 4182 ll,
481 4127 527 4183 lid
547 4143 597 4194 tqq.
616 4147 657 4188 ca,
669 4146 720 4195 qua
737 4144 880 4195 sequuntur,
893 4129 1031 4184 convenire,
1048 4127 1085 4170 rix
1103 4135 1199 4168 monere
