2918 4682
256 339 318 424 na
584 333 967 402 continuarum

255 477 306 523 tur
317 459 432 541 signari
445 457 585 532 initium,
601 471 636 518 ut
650 457 763 518 deinde
776 459 926 518 lllaecenas
939 455 1056 518 favoris
1069 457 1138 518 vela
1151 459 1316 542 explicet,

258 552 397 632 aspirans
410 549 442 608 in
457 549 579 629 patenti
592 545 702 628 pelago
715 549 811 606 totius
823 549 933 628 operis.

295 637 344 714 45.
364 639 433 698 lam
451 637 545 712 mibi,
565 639 685 716 inquit,
708 651 796 696 terrae
815 638 937 696 suntin
954 637 1028 717 ipsis
1050 635 1197 696 manibus
1212 641 1315 712 (nam

257 724 402 784 videlicet
414 724 545 806 paucula
557 726 623 805 jam
636 723 785 784 delibavit
799 725 958 806 superiore
972 724 1126 783 divisione
1138 723 1315 799 arborum,

257 835 328 897 quae
338 829 483 874 creantur
493 817 608 895 partim
619 813 817 887 naturaliter,
829 817 942 895 partim
955 835 989 873 ex
1000 813 1141 874 humano
1153 837 1178 874 a·
1190 815 1314 891 tifirio)

258 902 334 966 nolo
348 919 377 963 tc
390 902 492 984 longis
504 902 690 984 ambagibus
702 921 820 976 tenere,
834 904 937 983 longis
947 904 1092 964 exordiis.
1105 907 1159 964 Est
1170 923 1246 962 vero
1257 903 1315 963 hic

258 990 345 1051 locus
359 990 544 1066 docilitatis,
564 995 716 1073 quianon
733 991 806 1052 ficta
823 989 974 1051 dicturus.
995 993 1102 1071 ltaque
1119 1005 1246 1072 captata
1261 1003 1314 1050 est

259 1077 494 1154 benevolentia,
510 1080 590 1142 facta
604 1084 753 1156 attentio,
766 1083 924 1162 proposita
939 1081 1093 1140 docilitas.

299 1165 349 1250 47.
363 1169 557 1245 Memineris,
577 1173 695 1252 positas
711 1191 804 1251 supra
822 1189 881 1228 tres
897 1171 1030 1251 species,
1051 1169 1200 1229 arborum
1216 1181 1315 1226 natu-

260 1258 391 1334 ralium,
404 1260 522 1320 scilicet
534 1281 603 1341 quae
615 1273 725 1342 sponte
737 1261 945 1340 proveniunt,
957 1279 1026 1339 quae
1041 1281 1075 1318 ex
1089 1261 1222 1329 semine,
1238 1276 1315 1337 quae

261 1368 297 1408 ex
308 1346 430 1407 radice:
450 1346 573 1407 easdem
588 1351 618 1407 in
633 1348 693 1408 hoc
706 1363 838 1408 tractatu
852 1349 979 1428 repetit,
999 1363 1120 1408 tantum
1134 1357 1318 1406 commutat

263 1435 423 1510 ordinem,
438 1457 510 1496 nam
524 1439 661 1498 secundo
673 1437 743 1497 luco
755 1439 845 1519 punit
855 1435 1045 1517 pullulantes
1055 1459 1073 1496 a
1084 1436 1202 1509 radice,
1216 1434 1315 1492 tertio

263 1526 422 1584 asemine.
444 1526 541 1584 Docet
563 1541 667 1586 autem
686 1527 731 1585 uti
751 1527 816 1586 istae
835 1525 961 1584 arbores
981 1545 1044 1584 esse
1062 1523 1153 1584 utiles
1171 1521 1315 1603 possint:

263 1633 339 1672 nam
356 1635 452 1694 quum
471 1635 507 1673 ex
524 1636 586 1675 una
602 1630 690 1697 parte
707 1613 801 1676 fortes
818 1616 880 1674 sint
893 1637 927 1674 ac
941 1614 1053 1674 validae
1067 1635 1102 1672 ex
1115 1613 1253 1692 ingenita
1269 1609 1316 1669 fe·

263 1700 423 1761 canditate
436 1701 505 1776 soli,
516 1721 551 1761 ex
561 1700 658 1762 altera
669 1704 744 1785 ipsae
755 1701 942 1778 infecunda,
954 1715 988 1762 ut
999 1723 1068 1784 qnae
1078 1702 1213 1760 nimium
1223 1698 1316 1758 luxu-

266 1897 389 1948 nauticns
407 1913 494 1948 sermo
515 1912 570 1964 est,
590 1903 636 1970 qui
652 1920 724 1954 nunc
740 1916 767 1955 et
811 1904 883 1955 liutei
900 1903 1047 1964 sententia,
1066 1901 1112 1970 qui
1132 1911 1230 1948 temere
1249 1911 1317 1965 pro-

266 1975 301 2027 ad
317 1975 513 2047 navigandum,
531 1993 557 2031 et
574 1978 609 2031 ad
625 1980 766 2034 lectionem
812 1985 936 2048 nuntiat,
959 1979 1141 2053 reponendam
1166 1994 1223 2029 esse
1245 1973 1320 2027 banc

265 2065 354 2124 potest
367 2055 469 2106 referri.
482 2058 551 2109 Nam
563 2057 615 2110 hoc
626 2059 704 2122 dicit;
717 2061 768 2112 Fa·
812 2065 1007 2115 invocationem
1020 2073 1081 2131 post
1094 2075 1198 2110 versum
1209 2054 1318 2124 ilbujus

266 2145 327 2184 veto
340 2135 490 2206 principio,
502 2137 545 2190 vel
557 2138 701 2192 humilitati
713 2157 769 2192 car-
812 2143 889 2208 libri,
904 2143 964 2194 vide
980 2155 1069 2193 notam
1084 2141 1133 2208 39,
1147 2137 1201 2190 vol.
1215 2138 1239 2203 l,
1251 2154 1317 2208 pag.

266 2215 344 2265 minis
357 2216 417 2266 mei.
428 2217 498 2268 Serv.
815 2222 880 2288 343,
890 2221 967 2292 hujus
981 2220 1115 2273 editionis.

303 2293 345 2360 45.
359 2295 391 2345 1η
403 2297 520 2350 manibus
530 2308 608 2350 terroe.
619 2300 669 2353 Vel
681 2320 771 2372 perse·
850 2301 892 2371 47.
907 2303 1005 2372 Sponte
1020 2319 1066 2351 sua
1074 2327 1090 2361 ,·
1103 2311 1152 2350 etc.
1173 2295 1212 2347 Ad
1231 2293 1319 2359 illud,

268 2385 342 2425 verat
350 2375 377 2426 in
385 2373 477 2427 eadem
489 2376 633 2449 allegoria,
647 2383 693 2450 qui
701 2383 772 2434 enim
817 2379 888 2452 quod
901 2381 1035 2440 omiserat,
1045 2377 1130 2441 redit,
1143 2389 1169 2428 et
1178 2375 1320 2444 exequitur

269 2467 413 2508 extremam
432 2474 506 2508 oram
527 2456 614 2510 litoris
636 2460 771 2530 praeterle·
818 2458 974 2530 qualitatem
994 2459 1072 2509 trium
1094 2473 1236 2528 generum,
1260 2471 1322 2523 qun

269 2549 349 2606 gunt,
361 2555 411 2586 nec
428 2536 455 2586 in
473 2535 555 2588 altum
573 2538 684 2612 pelagus
702 2543 773 2592 inve·
818 2557 898 2609 supra
910 2538 1083 2588 memoravit:
1098 2533 1238 2597 arborum,
1248 2530 1323 2584 scili-

269 2611 387 2678 lmntur,
400 2616 527 2668 literram
540 2615 642 2669 habent
654 2621 681 2670 in
691 2620 773 2672 mani·
818 2630 859 2670 cet
868 2631 963 2688 sponte
972 2631 1108 2678 natarum,
1119 2623 1325 2685 procreatamm

270 2691 336 2756 bus,
349 2692 377 2744 id
390 2707 445 2760 est,
458 2695 484 2743 iu
498 2697 670 2766 propinquo,
685 2710 728 2760 ut;
745 2698 771 2747 in
817 2698 975 2760 exsemine,
992 2710 1018 2748 et
1035 2713 1142 2761 earum,
1160 2711 1218 2764 quar
1231 2691 1265 2742 de
1278 2708 1324 2742 ra-

270 2773 390 2824 manibus
409 2773 480 2824 Mars
501 2773 567 2844 ipsc,
591 2775 657 2836 viri,·
672 2777 713 2828 vel
733 2789 773 2828 est
818 2776 921 2829 dicibus
933 2775 1073 2847 pullulant.
1084 2775 1154 2826 Seru.

271 2850 368 2902 reditio
382 2850 414 2902 ad
428 2853 614 2922 propositum,
628 2857 690 2924 quia
704 2853 773 2907 dixe·
853 2856 895 2922 48.
908 2855 1054 2927 infecunda
1067 2853 1180 2926 quidem.
1189 2853 1264 2903 Foetn
1277 2869 1327 2904 ca-

273 2944 330 2994 rat3
343 2932 402 2984 Neu
413 2950 499 3004 sepner
500 2935 609 3003 jaccant
620 2944 707 2988 terrea:
721 2933 773 2986 boc
818 2937 921 2988 rentia:
936 2915 1022 3006 et⁸per
1035 2935 1174 2986 transitum
1188 2951 1241 2984 rem
1255 2931 1326 3004 phy·

273 3031 352 3064 sensu
358 3013 413 3080 jam
424 3010 459 3062 ad
468 3013 636 3082 propositum
645 3027 773 3079 revertor,
820 3017 902 3066 sicam
922 3015 1021 3086 tangit;
1042 3031 1102 3064 narn
1125 3031 1215 3065 semen
1232 3011 1324 3063 salicis

273 3105 300 3144 et
319 3109 486 3154 sermonem,
507 3093 553 3160 qui
572 3091 606 3144 de
629 3107 699 3146 terra
718 3108 775 3146 erat
821 3115 909 3162 esum,
922 3095 1021 3148 dicitur
1033 3093 1250 3148 infecunditatem
1264 3111 1326 3144 mu-

274 3171 419 3222 institutus.
430 3170 539 3222 -Vide
550 3171 637 3242 Apoll.
652 3176 678 3239 l,
695 3173 774 3238 1113,
822 3176 932 3228 lieribus
944 3177 1062 3248 pignere.
1074 3206 1105 3213 —
1116 3176 1186 3226 buta
1197 3173 1323 3245 erfonis.

275 3263 301 3304 et
312 3253 430 3322 Propert.
442 3249 518 3316 lll,3,
529 3249 574 3302 23:
591 3275 602 3299 ι
614 3252 681 3306 alter·
690 3271 777 3305 remus
822 3257 906 3324 Quasi
914 3256 967 3308 hoc
975 3258 1001 3306 in
1013 3256 1077 3326 ipsis
1089 3253 1229 3306 arboribus
1239 3269 1324 3325 genus

276 3349 375 3400 aquas,
399 3328 465 3382 alter
482 3331 530 3380 tibi
553 3331 630 3384 radat
649 3350 775 3386 arenas.»
822 3337 856 3388 sit
869 3334 1050 3387 fecunditatis.
1061 3335 1130 3386 Serv.

278 3410 309 3463 V.
323 3411 353 3461 G.
367 3439 400 3449 —
413 3410 474 3462 Non
487 3407 529 3460 ln'c
541 3409 776 3486 tecannt'neficto‚
858 3414 900 3486 49.
925 3413 1026 3486 Quippe
1047 3411 1100 3465 solo
1121 3423 1215 3464 natura
1235 3412 1324 3464 subest.

277 3489 362 3558 Atque
373 3507 422 3558 per
433 3487 550 3560 ambcpes
561 3501 587 3540 et
598 3490 677 3563 loupa
691 3510 778 3544 exorsa
823 3495 910 3562 Quia,
922 3505 952 3544 ut
964 3511 1044 3564 supra
1057 3491 1187 3556 diximus,
1199 3491 1326 3544 naturali·

276 3569 372 3618 tenebo.
386 3566 416 3617 ld
426 3580 479 3630 est,
490 3569 645 3640 simpliciter
654 3574 778 3624 universa
823 3589 959 3627 terrerum
970 3574 1089 3624 omnium
1099 3584 1230 3624 materest
1241 3585 1325 3642 terra,

277 3645 427 3698 describam
442 3668 447 3696 :
463 3665 551 3717 neque
564 3662 593 3699 ut
614 3651 640 3700 in
653 3651 778 3720 AEneide',
824 3666 851 3706 et
863 3654 986 3704 universa
998 3653 1067 3703 intra
1079 3669 1107 3701 se
1120 3652 1238 3702 continet
1250 3651 1327 3702 semi·

278 3725 412 3797 aliquibus
428 3727 572 3796 figmentis,
588 3743 633 3780 aut
645 3729 706 3782 ullis
718 3745 779 3783 utar
823 3751 866 3784 na.
885 3733 953 3782 llinc
969 3744 1024 3797 est,
1044 3731 1144 3802 Quippe
1158 3728 1212 3782 solo
1232 3739 1328 3782 natura

278 3806 434 3878 ambagibus
443 3806 521 3879 longe
529 3811 660 3880 repetitis;
670 3813 720 3864 nisi
728 3811 781 3864 for·
823 3812 910 3864 subest.
921 3811 989 3864 Nam
999 3825 1094 3866 natura
1104 3809 1176 3862 dicta
1186 3821 1226 3862 est
1237 3809 1272 3862 ab
1282 3827 1327 3876 eo,

278 3902 304 3940 tc
319 3887 411 3957 tangit
422 3885 585 3953 Hesiodum,
600 3890 663 3959 qui,
681 3892 707 3942 in
721 3890 780 3943 des·
825 3889 897 3962 quod
907 3893 982 3941 nasei
992 3889 1093 3960 aliquid
1105 3891 1195 3942 faciat.
1203 3890 1269 3941 Mire
1280 3907 1329 3941 au·

278 3965 406 4021 cribenda
417 3965 588 4038 agricultura,
594 3971 674 4021 variis
682 3970 780 4022 fabulis
825 3983 878 4022 tem
891 3972 928 4022 ait
939 3969 1034 4025 Subest.
1049 3971 1066 4021 i.
1080 3990 1104 4022 e.
1117 3972 1186 4026 ineat
1197 3970 1328 4031 latentera

270 4048 407 4101 *lectorem
425 4045 526 4099 detinet
544 4061 571 4101 et
586 4049 780 4122 fatigat—De
827 4053 955 4122 quianon
967 4063 1088 4121 apparet.
