2918 4682
282 321 345 390 520
367 323 370 332 ’
608 313 987 382 COMMENTARIA

278 444 393 526 palmae
403 450 433 502 et
443 441 583 501 rictoriae
592 440 783 524 Olympicus,
795 453 849 502 aut
859 443 912 522 qui
923 440 977 501 alit
984 439 1155 522 juvencos,
1169 440 1234 520 qui
1247 439 1367 501 fortes

279 531 400 594 suntad
409 545 508 591 aratra
519 555 527 605 ;
540 545 610 590 autc
623 533 731 590 omnia
743 529 855 590 debere
867 531 1049 592 incumbere
1060 532 1093 590 in
1102 529 1282 612 legendis,
1296 545 1364 589 aut

279 642 444 704 equarum,
457 634 685 686 autvaccarum
701 633 839 679 matrum
851 615 1046 703 corporibus.

320 709 367 768 51.
389 708 461 788 Agit
476 709 576 788 primo
592 705 661 768 loco
677 705 716 766 de
731 709 848 780 vaccis;
870 708 999 769 adhibet
1016 729 1089 769 vero
1110 709 1204 788 signa
1227 707 1359 767 docem

278 813 382 854 raccae
394 796 537 876 optimae,
548 815 617 876 quae
630 807 716 870 sunt3
728 795 839 856 formae
851 798 946 856 totius
958 797 1105 858 torvitas:
1119 797 1244 876 capitis
1259 815 1359 874 mag·

278 881 409 944 nitudo:
429 886 563 944 ¹cervicis
587 885 772 964 longitudo:
794 883 968 966 paleariam
992 873 1146 946 demissio
1164 904 1281 965 usque
1308 883 1354 942 ad

279 993 389 1032 crura:
411 972 515 1034 latoris
533 977 677 1034 vastitas:
701 996 771 1056 quae
789 976 896 1048 omniu
917 996 1031 1055 magna
1050 989 1132 1036 suut.
1157 975 1353 1045 Praene,

277 1059 394 1142 pedum
407 1064 593 1145 auriumque
608 1062 755 1124 hirsuties
766 1061 824 1124 sub
837 1065 970 1122 canturio
980 1076 1010 1123 et
1022 1063 1144 1123 inflexis
1155 1061 1351 1120 cornibus:

278 1149 409 1208 maculat
424 1171 554 1232 aspersae
571 1153 603 1210 in
623 1172 771 1232 corpore:
792 1151 941 1233 asperitas
957 1153 995 1230 in
1014 1147 1222 1210 detrectando
1237 1145 1348 1228 jugo,

267 1235 314 1316 ¹iu
327 1238 482 1296 movendo
496 1259 608 1312 coruu;
622 1237 716 1298 facies
735 1254 825 1298 tauro
838 1239 1000 1320 proxima:
1017 1235 1152 1296 altitudo
1167 1236 1349 1316 corporis,

279 1345 354 1384 uam
373 1339 417 1385 est
435 1325 546 1387 ardua:
564 1328 730 1410 prolixitas
745 1327 868 1406 caudae,
887 1327 966 1388 adeo
984 1341 1021 1388 ut
1038 1327 1118 1386 verri
1134 1325 1270 1407 possint
1283 1343 1347 1405 pe·

280 1411 357 1474 dum
370 1416 510 1496 vestigia.

314 1564 358 1634 49.
374 1567 424 1618 Seu
441 1567 511 1640 quis,
532 1568 699 1643 Obmpiucoe.
717 1569 780 1623 Dic·
822 1569 878 1622 mul
886 1581 912 1622 et
921 1566 1098 1621 inverecundo
1106 1563 1218 1638 quidum
1228 1563 1344 1636 legunt,

279 1655 354 1695 turus
367 1659 407 1698 est
419 1646 452 1698 dc
465 1651 591 1700 armentis
606 1662 632 1700 st
643 1649 777 1722 gregibus.
822 1650 884 1700 Jam
905 1651 1013 1701 Crurum
1033 1659 1105 1698 tortus
1120 1655 1249 1696 extantes.
1265 1645 1341 1694 Pier.

278 1721 404 1774 Armenta
422 1739 508 1778 autem
526 1740 587 1778 sunt
606 1747 737 1798 equorum
753 1740 780 1780 et
822 1757 857 1769 -
868 1728 996 1780 Palearia.
1007 1728 1073 1780 Sunt
1081 1723 1341 1797 pellesdepeuden-

238 1843 239 1848 .
280 1802 379 1868 boum,
401 1805 473 1876 quod
494 1807 550 1859 haeo
571 1809 697 1861 animalia
715 1821 779 1881 apta
824 1819 1016 1880 tesogutture.
1032 1803 1227 1858 Varr.Acollo
1241 1801 1341 1874 palm

280 1895 342 1934 sunt
355 1886 434 1935 armis
448 1906 454 1934 ι
469 1898 512 1950 ut,
525 1889 619 1954 scutis,
635 1887 718 1940 boum
736 1907 782 1939 co-
824 1887 892 1940 titus
910 1887 1030 1939 demissis.
1050 1886 1154 1937 Colum.
1177 1881 1339 1934 Pateariuu

280 1963 335 2021 νίας
349 1965 426 2032 aqui,
444 1965 544 2033 praelio.
558 1968 649 2038 Grupes
659 1985 723 2018 rero
739 1985 782 2017 cu·
825 1965 932 2036 amplis,
943 1976 969 2017 et
978 1984 1044 2037 pene
1052 1965 1086 2015 ud
1092 1981 1180 2036 pertua
1188 1962 1337 2034 promissis.

278 2039 411 2110 pallarum
419 2053 444 2091 ct
452 2044 541 2092 ovium
549 2056 618 2094 sunt.
627 2046 686 2114 lpse
698 2043 780 2116 paulo
826 2043 926 2096 Pallad.
941 2044 1090 2096 Poleatibus
1107 2042 1200 2114 lurpis,
1216 2051 1246 2091 et
1264 2041 1337 2090 cim

279 2131 364 2190 post:
386 2121 469 2172 «llaec
485 2123 548 2174 satis
570 2125 715 2190 armentis,
737 2142 781 2176 su·
823 2143 909 2196 pertua
931 2123 1083 2200 fluentibus.
1111 2123 1145 2172 Et
1176 2119 1336 2172 Palouribtu

283 2211 380 2270 sperat
396 2217 458 2270 pars
476 2201 559 2254 altera
572 2220 655 2270 curu,
671 2203 781 2274 Lanige-
824 2203 952 2254 maximis.
965 2202 1044 2254 Orid.
1058 2203 1166 2253 Metam.
1182 2201 1222 2250 ll:
1241 2197 1335 2250 Armis

283 2296 349 2344 «pos
362 2280 462 2350 agitare
478 2299 569 2354 greges
585 2281 723 2354 hirtasque
735 2301 780 2334 ou-
821 2283 939 2353 palearia
948 2283 1071 2354 pendent.

283 2357 399 2430 «pellas.
411 2383 421 2405 a
436 2360 498 2411 Huc
509 2373 614 2422 tamen,
630 2361 723 2427 idest,
735 2380 780 2413 ar·
860 2362 902 2414 55.
914 2365 949 2413 Et
957 2362 1068 2414 camuris
1076 2360 1202 2412 hirtoesttb
1210 2359 1333 2410 coraibus

280 2451 370 2490 mento
383 2451 408 2491 ct
420 2458 528 2511 greges,
542 2440 695 2507 sciendum,
707 2437 781 2513 quod
824 2459 904 2494 auius.
916 2441 947 2493 ld
961 2453 1016 2506 est,
1031 2441 1131 2492 curuis.-
1152 2437 1224 2490 undo
1239 2450 1267 2489 et
1284 2457 1331 2488 oa-

280 2519 439 2589 plerumque
462 2520 603 2572 confundit
625 2523 779 2574 auctoritas.
825 2539 895 2572 mera
910 2520 1088 2592 appellantur.
1105 2519 1225 2588 Praeoipit
1237 2529 1329 2568 autem

281 2598 483 2668 -Olyrupiucoe
491 2601 598 2653 miratus
604 2603 712 2671 prumia
719 2601 782 2674 pal·
826 2617 919 2666 aures,
933 2613 959 2653 et
971 2617 1081 2672 maguus
1091 2611 1118 2651 et
1135 2597 1253 2650 hirsutas
1267 2613 1326 2648 esso

279 2693 338 2727 mc.
353 2674 491 2726 Studiosus
503 2677 602 2729 curulis
614 2681 781 2746 certaminis,
826 2677 933 2732 debere.
946 2681 1016 2734 Serv.

281 2755 353 2826 quod
366 2756 466 2825 geritur
480 2757 553 2827 apud
569 2759 645 2809 Pisas·
655 2761 683 2810 in
695 2757 782 2812 hono·
862 2759 905 2812 58.
925 2759 1026 2812 Faciem
1042 2770 1116 2810 tauro
1129 2757 1244 2830 propior.
1256 2757 1325 2808 lma-

278 2856 335 2890 rem
347 2838 420 2888 Jovis
432 2837 571 2908 Olympici.
585 2839 654 2891 Serv.
825 2838 930 2908 pinum,
942 2837 1141 2890 similitudinem
1151 2849 1243 2887 totam.
1252 2836 1321 2888 Seru.

316 2915 357 2968 5¹.
384 2917 495 2986 Corpora
515 2917 645 2988 precipue
666 2929 780 2972 matmm
825 2918 1027 2989 -Propioulu
1041 2913 1323 2987 codiceLougobunli-

280 2996 357 3070 lepat.
378 2997 463 3068 Magis
485 3007 614 3058 matrum5
636 3017 685 3069 per
706 2989 780 3071 quod
824 3014 873 3063 co,
891 2997 1016 3070 Proprior
1027 2996 1132 3069 legitur.
1149 2995 1201 3048 sed
1216 2995 1320 3067 vulgatu

280 3075 443 3140 ostenditur,
456 3076 536 3128 etiam
546 3089 651 3147 patrum
663 3093 779 3150 corpora
823 3076 903 3130 lectio
914 3078 1036 3150 propior,
1047 3097 1062 3130 a
1069 3095 1159 3149 prope,
1167 3077 1264 3129 castior
1273 3086 1319 3126 est.

231 3177 236 3192 ·
281 3157 600 3229 esseroquironda.Scru.
823 3157 976 3209 Pierius-
990 3156 1081 3208 Ardua
1099 3166 1162 3207 totu.
1175 3151 1320 3207 Voccade·

316 3237 357 3288 53.
369 3241 477 3290 Crurum
491 3248 570 3290 tenus.
579 3239 670 3310 Usque
678 3237 712 3290 ad
720 3259 780 3292 cru·
823 3235 870 3288 bet
890 3253 947 3288 esse
967 3235 1143 3288 ardumum
1157 3231 1316 3284 Columellas

281 3337 319 3369 rs.
338 3319 423 3370 Tenus
437 3320 458 3370 si
473 3321 625 3390 praepositio
640 3321 688 3386 sit,
703 3321 779 3373 abla—
826 3316 853 3370 V
850 3333 917 3368 accoe
923 3316 1066 3388 probantur
1079 3313 1208 3368 altissime
1215 3312 1315 3384 forms

281 3398 335 3448 tivo
348 3415 412 3449 casu
429 3395 561 3450 coltaerero
578 3398 643 3450 dicit
658 3399 780 3466 Servius,
825 3395 968 3470 lonpoeque.
1087 3397 1091 3404 '

281 3493 392 3544 ossaque
400 3475 444 3526 hir
453 3475 616 3527 adverbium.
629 3474 680 3528 Sed
694 3481 780 3548 enim,
861 3477 903 3546 59.
921 3475 1045 3530 Grodieus
1061 3477 1116 3527 ima'
1130 3476 1206 3527 uenit
1219 3471 1315 3545 oestipio

227 3559 228 3564 ’
283 3555 383 3614 Tenus,
397 3571 457 3602 cum
466 3555 587 3612 nomino,
601 3554 673 3622 quod
686 3557 719 3606 sit
731 3576 781 3608 nu·
824 3556 914 3608 cauda.
927 3557 965 3608 De
978 3555 1129 3626 prolixitate
1142 3552 1315 3616 caudae‚tluc·

281 3647 356 3682 mero
378 3629 572 3696 multitudiuis,
593 3633 710 3700 genitivo
733 3652 780 3687 sae-
824 3647 867 3686 tor
876 3635 960 3706 Geop.
975 3631 1043 3703 ον’μὶι
1055 3627 1313 3703 inopinati-laiu-

183 3743 189 3754 ι
282 3711 344 3781 pius
352 3707 781 3778 junctumanimadverti.Quiuti-
824 3715 927 3766 cersuit
943 3715 1062 3782 arripitis:
1082 3713 1197 3766 &udum
1210 3708 1312 3782 prolon-

280 3790 393 3843 liunus:
422 3787 524 3837 aurium
555 3798 626 3840 tenus
653 3790 680 3840 in
706 3813 779 3848 usum
821 3788 1311 3868 pumetpertinpeutemcolcaueu.vsr·

281 3869 372 3942 linqua
380 3867 526 3939 perceperit.
546 3867 683 3922 Catullus:
699 3876 780 3926 nutri·
823 3893 854 3925 ro
872 3895 878 3924 z
902 3874 1014 3926 Cuudum
1033 3873 1167 3946 profusum
1189 3889 1262 3942 tuque
1281 3868 1312 3918 ad

284 3968 342 4002 cum
366 3959 436 3998 tenus
456 3957 585 4000 extantes:
609 3949 646 4000 its
668 3953 737 4005 enim
757 3957 779 4008 is
823 3953 911 4007 calces.
920 3954 981 4006 vid.
990 3955 1070 4006 Arist.
1081 3954 1127 4006 lib.
1137 3952 1248 4016 11‚Psrt.
1256 3949 1311 4000 lui·

284 4027 401 4100 appellat
414 4025 540 4098 papillas,
554 4028 626 4100 quod
639 4031 729 4104 inepte
745 4037 781 4086 si·
824 4035 886 4089 mal.
898 4036 942 4103 14:
952 4034 1055 4089 Colum.
1068 4032 1168 4088 Pullad.
1177 4043 1204 4086 et
1210 4029 1309 4083 Plinius.
