2970 4714
179 373 1220 402 mmmmmutmwv

411 644 990 774 PROOEMIUM

488 1001 560 1092 IN
593 998 919 1098 CULlcEM.

185 1555 314 1660 Fuisse
328 1592 505 1684 aliquando
517 1594 664 1660 Culicem
679 1593 873 1684 inscriptum
889 1616 1037 1673 carmen,
1052 1594 1150 1684 vulgo
1165 1617 1226 1682 pro

182 1699 367 1764 Masonisni
386 1701 507 1789 ingenii
517 1701 657 1792 juvenili
674 1703 745 1766 fetu
762 1699 925 1782 habitum,
942 1697 1085 1765 dubitari
1100 1701 1225 1788 nequit.

182 1805 312 1870 Docent
330 1804 364 1870 id
383 1805 454 1871 locs
479 1806 521 1870 sd
541 1807 650 1871 Vitam
667 1806 794 1894 Virgilii
815 1809 844 1889 5.
870 1805 910 1870 26
935 1806 1071 1870 excitata
1094 1805 1227 1870 Martia-

183 1907 223 1974 Iifl
234 1912 321 1988 XIV,
338 1933 389 1998 ep.
407 1912 481 1992 1853
497 1911 629 1995 Accipe
641 1909 786 1994 facundi
800 1911 964 1982 Culicem,
980 1909 1139 1983 suuitose,
1155 1907 1230 1974 Μα-

182 2017 329 2080 sonistet
340 2015 427 2092 VIII,
440 2035 492 2103 ep.
509 2015 564 2094 56,
586 2037 633 2102 19,
650 2035 706 2093 2⁰3
718 2014 869 2079 Protinus
882 2012 1017 2078 ltaliam
1028 2015 1188 2100 concepit,
1198 2029 1232 2078 et

183 2121 281 2184 Arma
293 2121 484 2209 virumque,
503 2117 574 2204 Qui
585 2119 680 2186 modo
692 2123 751 2185 vix
766 2118 911 2184 Culicem
914 2118 1062 2211 fleverat
1075 2143 1129 2184 orc
1140 2117 1230 2184 rudi:

181 2226 328 2292 Suetonii
346 2227 381 2290 in
395 2227 470 2290 Vita
489 2227 626 2304 Lucani,
646 2225 738 2291 statii
754 2223 830 2290 silv.
846 2226 893 2304 II,
914 2249 950 2312 7,
970 2225 1010 2312 73
1029 2225 1083 2309 (ι).
1102 2225 1229 2306 Quibus

183 2329 269 2394 adde
283 2331 427 2395 eundem
443 2331 535 2418 praef.
550 2329 627 2396 silv.
645 2329 701 2395 lib.
723 2333 752 2408 1,
774 2329 831 2393 ubi
846 2346 978 2394 veretur
994 2326 1036 2394 de
1056 2328 1230 2394 Thebaide

184 2433 333 2502 edenda:
347 2434 417 2502 Sed
427 2451 459 2502 et
472 2435 616 2502 Culicem
628 2438 763 2526 legimus
776 2453 808 2502 et
819 2435 1232 2526 Batrachomyomachiam

185 2545 287 2608 enom
297 2545 532 2632 cognoscimus:
545 2565 604 2607 nec
616 2544 789 2632 qiu'squam
802 2557 851 2607 est
864 2542 1036 2607 illuszn'um
1046 2557 1231 2627 poetarum,

185 2649 244 2736 qui
257 2671 321 2712 non
330 2645 459 2737 abonii
466 2647 613 2734 open'bus
621 2651 687 2714 suis
695 2649 769 2714 stilo
782 2649 965 2712 remissiore
968 2647 1152 2733 prohuerit.
1164 2649 1232 2712 No·

187 2753 261 2817 nius
271 2773 405 2842 quoque
412 2754 588 2818 Marcellus
600 2776 632 2842 p.
646 2775 681 2818 21
694 2777 703 2816 1
720 2774 853 2816 versum
865 2750 976 2816 laudat
984 2753 1018 2814 in
1029 2749 1232 2817 labi-sucu·-

190 2861 339 2924 «Neutro
353 2859 508 2946 Virgilius
523 2859 556 2922 in
569 2859 700 2922 Culice:
716 2858 895 2948 Densaque
908 2857 1058 2946 virgultas
1071 2855 1168 2923 ande
1183 2858 1230 2921 Ia-

187 2961 302 3028 bnuca
312 2977 501 3049 peninum»
521 2969 571 3028 An
588 2979 698 3028 tamen
716 2964 743 3029 is
761 2964 845 3052 ipse,
862 2987 962 3053 quem
980 2985 1068 3028 nunc
1080 2961 1231 3028 manibus

186 3071 341 3147 tissimus,
356 3090 418 3157 pso
438 3071 633 3134 Musoniano
654 3071 766 3135 Culice
785 3067 957 3134 habendus
972 3070 1028 3146 sit,
1046 3091 1113 3132 non
1131 3067 1232 3134 modo

187 3172 266 3237 inde
280 3173 468 3238 confectum
486 3199 553 3240 non
566 3191 616 3240 est
628 3177 687 3262 (s),
702 3197 817 3240 verum
833 3176 930 3238 etism
947 3173 1089 3237 dubitari
1103 3189 1231 3261 potest:

188 3275 458 3367 quandoquidem
485 3279 573 3343 istud
599 3280 738 3344 alterum
766 3301 899 3344 carmen
927 3299 994 3341 non
1020 3279 1230 3342 invenustum

187 3385 288 3449 fuisse
304 3403 439 3447 necesse
453 3399 517 3464 est;
530 3403 731 3450 memoratur
742 3386 830 3449 enim
843 3383 964 3470 passim
980 3405 1055 3447 cum
1068 3380 1182 3463 laude,
1198 3401 1232 3450 et

189 3493 341 3556 Lucanus
352 3511 420 3552 non
430 3489 502 3553 sine
511 3489 672 3579 superbiae
684 3505 762 3557 nota
776 3489 895 3554 dixisse
907 3489 1109 3554 existimatus
1122 3505 1171 3554 est
1182 3513 1189 3553 z
1200 3505 1233 3555 et

223 3657 263 3728 (ι)
278 3655 348 3727 Quin
362 3667 440 3710 unte
451 3655 580 3724 levitatis,
594 3669 621 3710 es
633 3669 686 3712 mm
731 3678 770 3712 vs.
788 3659 829 3730 73.
844 3659 886 3728 74.
929 3675 965 3709 oec
974 3657 1062 3730 primo
1066 3659 1174 3729 juvenis
1189 3675 1233 3709 ca-

189 3736 366 3788 immoderatoe
391 3733 488 3809 linque
503 3736 582 3807 fuit,
606 3749 636 3789 ut
659 3739 687 3790 in
731 3737 964 3792 nessuboevoAnte
974 3756 1056 3790 annos
1066 3735 1161 3789 Culicis
1172 3737 1232 3788 Ma-

187 3815 343 3888 pmfusionc
352 3817 586 3887 quodomnium
596 3828 623 3869 et
634 3819 686 3870 ini·
731 3818 844 3871 munioni.

190 3897 228 3948 tia
244 3915 291 3948 sua
307 3913 368 3948 cum
386 3895 499 3968 Viryilio
515 3916 685 3970 companas,
766 3899 806 3970 (2)
820 3897 930 3971 Virgilio
947 3897 1065 3950 GuIicem
1077 3895 1120 3948 Io.
1136 3893 1233 3948 Schra-

156 3983 162 3998 “
191 3974 312 4027 amissit
325 3975 464 4037 dicerent
478 3988 605 4048 quantum
619 3977 688 4028 mihi
732 3978 811 4030 decus
843 3997 950 4050 quoque
982 3977 1118 4032 vindicare
1146 3973 1232 4026 voluit

191 4053 312 4106 musci
319 4053 688 4130 Culicem?StstiiSiIv.II‚7,
732 4057 882 4113 Emendate
900 4075 921 4112 ι.
933 4075 958 4112 2.

13 4132 246 4644 Ι
