<?xml version="1.0" encoding="UTF-8"?>
<!DOCTYPE html PUBLIC "-//W3C//DTD XHTML 1.0 Transitional//EN"
    "http://www.w3.org/TR/xhtml1/DTD/xhtml1-transitional.dtd">
<html xmlns="http://www.w3.org/1999/xhtml" xml:lang="en" lang="en">
 <head>
  <title>
</title>
<meta http-equiv="Content-Type" content="text/html;charset=utf-8" />
  <meta name='ocr-system' content='tesseract 3.04.00' />
  <meta name='ocr-capabilities' content='ocr_page ocr_carea ocr_par ocr_line ocrx_word'/>
</head>
<body>
  <div class='ocr_page' id='page_1' title='image "./pvirgiliusmaroq04barbgoog_0348.png"; bbox 0 0 2964 4690; ppageno 0'>
   <div class='ocr_carea' id='block_1_1' title="bbox 295 316 1006 393">
    <p class='ocr_par' dir='ltr' id='par_1_1' title="bbox 295 316 1006 393">
     <span class='ocr_line' id='line_1_1' title="bbox 295 316 1006 393; baseline -0.011 0"><span class='ocrx_word' id='word_1_1' title='bbox 295 325 360 393; x_wconf 83' lang='lat'>350</span> <span class='ocrx_word' id='word_1_2' title='bbox 623 316 1006 385; x_wconf 77' lang='lat' dir='ltr'><strong>COMMENTARIA</strong></span> 
     </span>
    </p>
   </div>
   <div class='ocr_carea' id='block_1_2' title="bbox 291 441 1387 2214">
    <p class='ocr_par' dir='ltr' id='par_1_2' title="bbox 293 441 1387 615">
     <span class='ocr_line' id='line_1_2' title="bbox 293 441 1387 524; baseline 0.002 -14"><span class='ocrx_word' id='word_1_3' title='bbox 293 449 400 521; x_wconf 88' lang='lat' dir='ltr'>idest,</span> <span class='ocrx_word' id='word_1_4' title='bbox 420 442 512 504; x_wconf 84' lang='lat' dir='ltr'>multi</span> <span class='ocrx_word' id='word_1_5' title='bbox 527 453 696 524; x_wconf 87' lang='lat' dir='ltr'>pascuntur</span> <span class='ocrx_word' id='word_1_6' title='bbox 708 441 835 502; x_wconf 86' lang='lat' dir='ltr'>dumeta</span> <span class='ocrx_word' id='word_1_7' title='bbox 848 443 1069 524; x_wconf 80' lang='lat' dir='ltr'>pinguissima;</span> <span class='ocrx_word' id='word_1_8' title='bbox 1087 445 1199 510; x_wconf 85' lang='lat' dir='ltr'>fertur</span> <span class='ocrx_word' id='word_1_9' title='bbox 1219 471 1313 514; x_wconf 90' lang='lat' dir='ltr'>vero</span> <span class='ocrx_word' id='word_1_10' title='bbox 1332 450 1387 513; x_wconf 85' lang='lat' dir='ltr'>ille</span> 
     </span>
     <span class='ocr_line' id='line_1_3' title="bbox 293 528 1138 615; baseline 0 -18"><span class='ocrx_word' id='word_1_11' title='bbox 293 535 447 597; x_wconf 88' lang='lat' dir='ltr'>invenisse</span> <span class='ocrx_word' id='word_1_12' title='bbox 459 534 492 592; x_wconf 90' lang='lat' dir='ltr'>in</span> <span class='ocrx_word' id='word_1_13' title='bbox 507 551 543 592; x_wconf 87' lang='lat' dir='ltr'>ea</span> <span class='ocrx_word' id='word_1_14' title='bbox 556 528 660 590; x_wconf 87' lang='lat' dir='ltr'>insula</span> <span class='ocrx_word' id='word_1_15' title='bbox 672 529 835 614; x_wconf 87' lang='lat' dir='ltr'>opificium</span> <span class='ocrx_word' id='word_1_16' title='bbox 850 534 1015 615; x_wconf 88' lang='lat' dir='ltr'>reparandi</span> <span class='ocrx_word' id='word_1_17' title='bbox 1028 535 1138 598; x_wconf 89' lang='lat' dir='ltr'>mellis.</span> 
     </span>
    </p>

    <p class='ocr_par' dir='ltr' id='par_1_3' title="bbox 291 619 1384 1768">
     <span class='ocr_line' id='line_1_4' title="bbox 338 619 1384 703; baseline 0.004 -18"><span class='ocrx_word' id='word_1_18' title='bbox 338 627 383 685; x_wconf 77' lang='grc' dir='ltr'>ιθ.</span> <span class='ocrx_word' id='word_1_19' title='bbox 405 625 503 684; x_wconf 89' lang='lat' dir='ltr'>Nemo</span> <span class='ocrx_word' id='word_1_20' title='bbox 524 631 611 703; x_wconf 90' lang='lat' dir='ltr'>putet</span> <span class='ocrx_word' id='word_1_21' title='bbox 631 619 774 695; x_wconf 79' lang='lat' dir='ltr'>confuse,</span> <span class='ocrx_word' id='word_1_22' title='bbox 796 633 825 682; x_wconf 90' lang='lat' dir='ltr'>et</span> <span class='ocrx_word' id='word_1_23' title='bbox 848 622 974 682; x_wconf 86' lang='lat' dir='ltr'>turbide</span> <span class='ocrx_word' id='word_1_24' title='bbox 995 624 1139 688; x_wconf 87' lang='lat' dir='ltr'>invocata</span> <span class='ocrx_word' id='word_1_25' title='bbox 1163 629 1341 688; x_wconf 85' lang='lat' dir='ltr'>Numina</span> <span class='ocrx_word' id='word_1_26' title='bbox 1367 651 1384 690; x_wconf 86' lang='lat' dir='ltr'>a</span> 
     </span>
     <span class='ocr_line' id='line_1_5' title="bbox 293 713 1383 799; baseline 0.005 -23"><span class='ocrx_word' id='word_1_27' title='bbox 293 729 414 799; x_wconf 90' lang='lat' dir='ltr'>poeta:</span> <span class='ocrx_word' id='word_1_28' title='bbox 436 733 503 773; x_wconf 87' lang='lat' dir='ltr'>ecce</span> <span class='ocrx_word' id='word_1_29' title='bbox 527 713 640 770; x_wconf 89' lang='lat' dir='ltr'>iterum</span> <span class='ocrx_word' id='word_1_30' title='bbox 663 731 728 770; x_wconf 90' lang='lat' dir='ltr'>non</span> <span class='ocrx_word' id='word_1_31' title='bbox 749 723 912 771; x_wconf 88' lang='lat' dir='ltr'>contentus</span> <span class='ocrx_word' id='word_1_32' title='bbox 934 714 1121 795; x_wconf 71' lang='lat' dir='ltr'>praecedenti</span> <span class='ocrx_word' id='word_1_33' title='bbox 1142 718 1383 780; x_wconf 87' lang='lat' dir='ltr'>invocatione</span> 
     </span>
     <span class='ocr_line' id='line_1_6' title="bbox 293 800 1384 884; baseline 0.001 -18"><span class='ocrx_word' id='word_1_34' title='bbox 293 805 425 866; x_wconf 85' lang='lat' dir='ltr'>recurrit</span> <span class='ocrx_word' id='word_1_35' title='bbox 439 801 477 862; x_wconf 91' lang='lat' dir='ltr'>ad</span> <span class='ocrx_word' id='word_1_36' title='bbox 490 813 626 882; x_wconf 88' lang='lat' dir='ltr'>quatuor</span> <span class='ocrx_word' id='word_1_37' title='bbox 637 800 697 859; x_wconf 87' lang='lat' dir='ltr'>alia</span> <span class='ocrx_word' id='word_1_38' title='bbox 712 801 843 859; x_wconf 89' lang='lat' dir='ltr'>numina</span> <span class='ocrx_word' id='word_1_39' title='bbox 856 821 912 883; x_wconf 90' lang='lat' dir='ltr'>pro</span> <span class='ocrx_word' id='word_1_40' title='bbox 925 801 1037 862; x_wconf 84' lang='lat' dir='ltr'>iisdem</span> <span class='ocrx_word' id='word_1_41' title='bbox 1050 819 1191 884; x_wconf 84' lang='lat' dir='ltr'>quatuor</span> <span class='ocrx_word' id='word_1_42' title='bbox 1206 806 1339 882; x_wconf 88' lang='lat' dir='ltr'>libris,</span> <span class='ocrx_word' id='word_1_43' title='bbox 1353 820 1384 868; x_wconf 90' lang='lat' dir='ltr'>et</span> 
     </span>
     <span class='ocr_line' id='line_1_7' title="bbox 292 885 1379 974; baseline 0.002 -21"><span class='ocrx_word' id='word_1_44' title='bbox 292 891 386 954; x_wconf 91' lang='lat' dir='ltr'>simul</span> <span class='ocrx_word' id='word_1_45' title='bbox 401 891 538 951; x_wconf 89' lang='lat' dir='ltr'>rationes</span> <span class='ocrx_word' id='word_1_46' title='bbox 553 885 711 968; x_wconf 76' lang='lat' dir='ltr'>adjungit,</span> <span class='ocrx_word' id='word_1_47' title='bbox 732 909 790 948; x_wconf 90' lang='lat' dir='ltr'>cur</span> <span class='ocrx_word' id='word_1_48' title='bbox 804 886 861 947; x_wconf 91' lang='lat' dir='ltr'>hos</span> <span class='ocrx_word' id='word_1_49' title='bbox 877 891 960 948; x_wconf 87' lang='lat' dir='ltr'><strong>Deos</strong></span> <span class='ocrx_word' id='word_1_50' title='bbox 974 891 1097 952; x_wconf 88' lang='lat' dir='ltr'>invocet</span> <span class='ocrx_word' id='word_1_51' title='bbox 1112 914 1119 950; x_wconf 80' lang='grc' dir='ltr'><strong>ι</strong></span> <span class='ocrx_word' id='word_1_52' title='bbox 1139 915 1227 974; x_wconf 78' lang='lat' dir='ltr'>ergo</span> <span class='ocrx_word' id='word_1_53' title='bbox 1244 897 1379 955; x_wconf 87' lang='lat' dir='ltr'>Panem</span> 
     </span>
     <span class='ocr_line' id='line_1_8' title="bbox 291 974 1379 1064; baseline 0.001 -22"><span class='ocrx_word' id='word_1_54' title='bbox 291 983 417 1042; x_wconf 88' lang='lat' dir='ltr'>invocat</span> <span class='ocrx_word' id='word_1_55' title='bbox 430 999 488 1060; x_wconf 92' lang='lat' dir='ltr'>pro</span> <span class='ocrx_word' id='word_1_56' title='bbox 500 977 592 1037; x_wconf 89' lang='lat' dir='ltr'>tertio</span> <span class='ocrx_word' id='word_1_57' title='bbox 605 974 704 1050; x_wconf 86' lang='lat' dir='ltr'>libro,</span> <span class='ocrx_word' id='word_1_58' title='bbox 717 978 791 1056; x_wconf 89' lang='lat' dir='ltr'>quia</span> <span class='ocrx_word' id='word_1_59' title='bbox 801 977 828 1036; x_wconf 90' lang='lat' dir='ltr'>is</span> <span class='ocrx_word' id='word_1_60' title='bbox 838 978 946 1037; x_wconf 92' lang='lat' dir='ltr'>ovium</span> <span class='ocrx_word' id='word_1_61' title='bbox 960 991 1063 1039; x_wconf 85' lang='lat' dir='ltr'>custos</span> <span class='ocrx_word' id='word_1_62' title='bbox 1075 1002 1082 1038; x_wconf 77' lang='lat' dir='ltr'>t</span> <span class='ocrx_word' id='word_1_63' title='bbox 1096 980 1302 1042; x_wconf 88' lang='lat' dir='ltr'>Minervam</span> <span class='ocrx_word' id='word_1_64' title='bbox 1315 1003 1379 1064; x_wconf 90' lang='lat' dir='ltr'>pro</span> 
     </span>
     <span class='ocr_line' id='line_1_9' title="bbox 292 1063 1376 1151; baseline -0.001 -22"><span class='ocrx_word' id='word_1_65' title='bbox 292 1065 444 1140; x_wconf 88' lang='lat' dir='ltr'>secundo,</span> <span class='ocrx_word' id='word_1_66' title='bbox 459 1066 534 1146; x_wconf 85' lang='lat' dir='ltr'>quia</span> <span class='ocrx_word' id='word_1_67' title='bbox 547 1063 649 1125; x_wconf 88' lang='lat' dir='ltr'>oleam</span> <span class='ocrx_word' id='word_1_68' title='bbox 664 1065 802 1124; x_wconf 89' lang='lat' dir='ltr'>invenit:</span> <span class='ocrx_word' id='word_1_69' title='bbox 816 1063 1048 1146; x_wconf 78' lang='lat' dir='ltr'>Triptolemum</span> <span class='ocrx_word' id='word_1_70' title='bbox 1061 1087 1202 1148; x_wconf 87' lang='lat' dir='ltr'>puerum</span> <span class='ocrx_word' id='word_1_71' title='bbox 1219 1090 1293 1150; x_wconf 88' lang='lat' dir='ltr'>pro</span> <span class='ocrx_word' id='word_1_72' title='bbox 1306 1071 1376 1151; x_wconf 91' lang='lat' dir='ltr'>pri·</span> 
     </span>
     <span class='ocr_line' id='line_1_10' title="bbox 292 1153 1375 1240; baseline -0.001 -22"><span class='ocrx_word' id='word_1_73' title='bbox 292 1179 361 1232; x_wconf 85' lang='lat' dir='ltr'>mo,</span> <span class='ocrx_word' id='word_1_74' title='bbox 376 1157 451 1237; x_wconf 87' lang='lat' dir='ltr'>quia</span> <span class='ocrx_word' id='word_1_75' title='bbox 462 1156 488 1214; x_wconf 90' lang='lat' dir='ltr'>is</span> <span class='ocrx_word' id='word_1_76' title='bbox 500 1155 594 1214; x_wconf 83' lang='lat' dir='ltr'>aratri</span> <span class='ocrx_word' id='word_1_77' title='bbox 606 1166 747 1234; x_wconf 87' lang='lat' dir='ltr'>repertor</span> <span class='ocrx_word' id='word_1_78' title='bbox 758 1175 765 1210; x_wconf 91' lang='lat'>:</span> <span class='ocrx_word' id='word_1_79' title='bbox 778 1153 947 1235; x_wconf 85' lang='lat' dir='ltr'>Sylvanum</span> <span class='ocrx_word' id='word_1_80' title='bbox 962 1176 1020 1236; x_wconf 90' lang='lat' dir='ltr'>pro</span> <span class='ocrx_word' id='word_1_81' title='bbox 1034 1169 1160 1237; x_wconf 90' lang='lat' dir='ltr'>quarto,</span> <span class='ocrx_word' id='word_1_82' title='bbox 1183 1159 1280 1240; x_wconf 87' lang='lat' dir='ltr'>quia</span> <span class='ocrx_word' id='word_1_83' title='bbox 1293 1156 1375 1217; x_wconf 89' lang='lat' dir='ltr'>huic</span> 
     </span>
     <span class='ocr_line' id='line_1_11' title="bbox 291 1240 1370 1324; baseline -0.003 -18"><span class='ocrx_word' id='word_1_84' title='bbox 291 1247 360 1306; x_wconf 89' lang='lat' dir='ltr'>Deo</span> <span class='ocrx_word' id='word_1_85' title='bbox 370 1264 454 1304; x_wconf 87' lang='lat' dir='ltr'>sacra</span> <span class='ocrx_word' id='word_1_86' title='bbox 465 1255 540 1302; x_wconf 90' lang='lat' dir='ltr'>sunt</span> <span class='ocrx_word' id='word_1_87' title='bbox 549 1240 709 1324; x_wconf 81' lang='lat' dir='ltr'>sylvestria</span> <span class='ocrx_word' id='word_1_88' title='bbox 722 1244 845 1318; x_wconf 90' lang='lat' dir='ltr'>omnia,</span> <span class='ocrx_word' id='word_1_89' title='bbox 854 1254 890 1302; x_wconf 91' lang='lat' dir='ltr'>ut</span> <span class='ocrx_word' id='word_1_90' title='bbox 899 1263 1027 1302; x_wconf 87' lang='lat' dir='ltr'>nemora</span> <span class='ocrx_word' id='word_1_91' title='bbox 1036 1289 1044 1318; x_wconf 91' lang='lat'>‚</span> <span class='ocrx_word' id='word_1_92' title='bbox 1054 1245 1165 1320; x_wconf 85' lang='lat' dir='ltr'>valles,</span> <span class='ocrx_word' id='word_1_93' title='bbox 1175 1259 1370 1306; x_wconf 88' lang='lat' dir='ltr'>montana:</span> 
     </span>
     <span class='ocr_line' id='line_1_12' title="bbox 291 1330 1371 1416; baseline -0.003 -21"><span class='ocrx_word' id='word_1_94' title='bbox 291 1335 326 1395; x_wconf 92' lang='lat' dir='ltr'>in</span> <span class='ocrx_word' id='word_1_95' title='bbox 341 1333 454 1416; x_wconf 83' lang='lat' dir='ltr'>quibus</span> <span class='ocrx_word' id='word_1_96' title='bbox 470 1331 546 1391; x_wconf 87' lang='lat' dir='ltr'>locis</span> <span class='ocrx_word' id='word_1_97' title='bbox 565 1330 814 1412; x_wconf 85' lang='lat' dir='ltr'>frequentissima</span> <span class='ocrx_word' id='word_1_98' title='bbox 831 1332 970 1412; x_wconf 81' lang='lat' dir='ltr'>apiaria:</span> <span class='ocrx_word' id='word_1_99' title='bbox 985 1330 1100 1392; x_wconf 89' lang='lat' dir='ltr'>deinde</span> <span class='ocrx_word' id='word_1_100' title='bbox 1117 1332 1166 1391; x_wconf 89' lang='lat' dir='ltr'>illi</span> <span class='ocrx_word' id='word_1_101' title='bbox 1182 1352 1371 1414; x_wconf 85' lang='lat' dir='ltr'>cupressus</span> 
     </span>
     <span class='ocr_line' id='line_1_13' title="bbox 291 1420 1367 1503; baseline -0.004 -19"><span class='ocrx_word' id='word_1_102' title='bbox 291 1435 338 1484; x_wconf 86' lang='lat' dir='ltr'>est</span> <span class='ocrx_word' id='word_1_103' title='bbox 357 1443 461 1483; x_wconf 85' lang='lat' dir='ltr'>sacra:</span> <span class='ocrx_word' id='word_1_104' title='bbox 483 1435 577 1503; x_wconf 87' lang='lat' dir='ltr'>poeta</span> <span class='ocrx_word' id='word_1_105' title='bbox 595 1422 679 1480; x_wconf 89' lang='lat' dir='ltr'>euim</span> <span class='ocrx_word' id='word_1_106' title='bbox 699 1420 840 1502; x_wconf 81' lang='lat' dir='ltr'>plantam</span> <span class='ocrx_word' id='word_1_107' title='bbox 857 1421 982 1496; x_wconf 84' lang='lat' dir='ltr'>sumsit,</span> <span class='ocrx_word' id='word_1_108' title='bbox 1002 1441 1072 1502; x_wconf 84' lang='lat' dir='ltr'>quae</span> <span class='ocrx_word' id='word_1_109' title='bbox 1088 1421 1246 1503; x_wconf 82' lang='lat' dir='ltr'>frequens</span> <span class='ocrx_word' id='word_1_110' title='bbox 1266 1423 1367 1483; x_wconf 87' lang='lat' dir='ltr'>estin</span> 
     </span>
     <span class='ocr_line' id='line_1_14' title="bbox 291 1508 1368 1593; baseline -0.004 -21"><span class='ocrx_word' id='word_1_111' title='bbox 291 1510 409 1586; x_wconf 88' lang='lat' dir='ltr'>hortis,</span> <span class='ocrx_word' id='word_1_112' title='bbox 423 1512 456 1569; x_wconf 90' lang='lat' dir='ltr'>in</span> <span class='ocrx_word' id='word_1_113' title='bbox 470 1509 583 1589; x_wconf 88' lang='lat' dir='ltr'>quibus</span> <span class='ocrx_word' id='word_1_114' title='bbox 596 1508 732 1569; x_wconf 87' lang='lat' dir='ltr'>alvearia</span> <span class='ocrx_word' id='word_1_115' title='bbox 744 1521 832 1584; x_wconf 82' lang='lat' dir='ltr'>sunt3</span> <span class='ocrx_word' id='word_1_116' title='bbox 846 1529 921 1568; x_wconf 91' lang='lat' dir='ltr'>nam</span> <span class='ocrx_word' id='word_1_117' title='bbox 934 1523 969 1569; x_wconf 91' lang='lat' dir='ltr'>ut</span> <span class='ocrx_word' id='word_1_118' title='bbox 984 1509 1064 1569; x_wconf 85' lang='lat' dir='ltr'>dixit</span> <span class='ocrx_word' id='word_1_119' title='bbox 1075 1509 1189 1584; x_wconf 87' lang='lat' dir='ltr'>Varro,</span> <span class='ocrx_word' id='word_1_120' title='bbox 1209 1510 1305 1592; x_wconf 79' lang='lat' dir='ltr'>Aper</span> <span class='ocrx_word' id='word_1_121' title='bbox 1305 1509 1368 1593; x_wconf 84' lang='lat' dir='ltr'>flo-</span> 
     </span>
     <span class='ocr_line' id='line_1_15' title="bbox 293 1595 1364 1682; baseline -0.002 -22"><span class='ocrx_word' id='word_1_122' title='bbox 293 1623 372 1678; x_wconf 82' lang='lat' dir='ltr'>reus,</span> <span class='ocrx_word' id='word_1_123' title='bbox 385 1603 416 1658; x_wconf 86' lang='lat' dir='ltr'>in</span> <span class='ocrx_word' id='word_1_124' title='bbox 427 1619 485 1680; x_wconf 86' lang='lat' dir='ltr'>quo</span> <span class='ocrx_word' id='word_1_125' title='bbox 494 1611 563 1658; x_wconf 84' lang='lat' dir='ltr'>sunt</span> <span class='ocrx_word' id='word_1_126' title='bbox 574 1596 651 1658; x_wconf 82' lang='lat' dir='ltr'>horti</span> <span class='ocrx_word' id='word_1_127' title='bbox 662 1595 764 1679; x_wconf 82' lang='lat' dir='ltr'>opibus</span> <span class='ocrx_word' id='word_1_128' title='bbox 776 1611 978 1680; x_wconf 72' lang='lat' dir='ltr'>conparantes,</span> <span class='ocrx_word' id='word_1_129' title='bbox 992 1611 1019 1658; x_wconf 87' lang='lat' dir='ltr'>et</span> <span class='ocrx_word' id='word_1_130' title='bbox 1020 1597 1156 1682; x_wconf 82' lang='lat' dir='ltr'>floribus.</span> <span class='ocrx_word' id='word_1_131' title='bbox 1171 1601 1285 1660; x_wconf 88' lang='lat' dir='ltr'>Porro</span> <span class='ocrx_word' id='word_1_132' title='bbox 1297 1598 1364 1681; x_wconf 81' lang='lat' dir='ltr'>syt-</span> 
     </span>
     <span class='ocr_line' id='line_1_16' title="bbox 292 1685 1239 1768; baseline 0 -20"><span class='ocrx_word' id='word_1_133' title='bbox 292 1709 392 1748; x_wconf 88' lang='lat' dir='ltr'>vanus</span> <span class='ocrx_word' id='word_1_134' title='bbox 404 1685 582 1766; x_wconf 75' lang='lat' dir='ltr'>fingebatur</span> <span class='ocrx_word' id='word_1_135' title='bbox 595 1685 696 1744; x_wconf 87' lang='lat' dir='ltr'>ferens</span> <span class='ocrx_word' id='word_1_136' title='bbox 712 1706 893 1766; x_wconf 86' lang='lat' dir='ltr'>cupressum</span> <span class='ocrx_word' id='word_1_137' title='bbox 907 1687 1062 1768; x_wconf 78' lang='lat' dir='ltr'>integram</span> <span class='ocrx_word' id='word_1_138' title='bbox 1077 1689 1110 1747; x_wconf 91' lang='lat' dir='ltr'>in</span> <span class='ocrx_word' id='word_1_139' title='bbox 1123 1708 1239 1748; x_wconf 89' lang='lat' dir='ltr'>manu.</span> 
     </span>
    </p>

    <p class='ocr_par' dir='ltr' id='par_1_4' title="bbox 291 1773 1360 2214">
     <span class='ocr_line' id='line_1_17' title="bbox 333 1773 1360 1858; baseline -0.003 -21"><span class='ocrx_word' id='word_1_140' title='bbox 333 1799 381 1838; x_wconf 71' lang='grc' dir='ltr'>αι.</span> <span class='ocrx_word' id='word_1_141' title='bbox 402 1777 479 1836; x_wconf 89' lang='lat' dir='ltr'>Post</span> <span class='ocrx_word' id='word_1_142' title='bbox 499 1775 644 1834; x_wconf 89' lang='lat' dir='ltr'>invocata</span> <span class='ocrx_word' id='word_1_143' title='bbox 664 1775 801 1835; x_wconf 89' lang='lat' dir='ltr'>Numina</span> <span class='ocrx_word' id='word_1_144' title='bbox 823 1775 994 1855; x_wconf 84' lang='lat' dir='ltr'>peculiaria</span> <span class='ocrx_word' id='word_1_145' title='bbox 1016 1775 1066 1836; x_wconf 89' lang='lat' dir='ltr'>his</span> <span class='ocrx_word' id='word_1_146' title='bbox 1085 1787 1228 1858; x_wconf 83' lang='lat' dir='ltr'>quatuor</span> <span class='ocrx_word' id='word_1_147' title='bbox 1251 1773 1360 1848; x_wconf 83' lang='lat' dir='ltr'>libris,</span> 
     </span>
     <span class='ocr_line' id='line_1_18' title="bbox 292 1853 1360 1948; baseline -0.005 -21"><span class='ocrx_word' id='word_1_148' title='bbox 292 1867 375 1927; x_wconf 91' lang='lat' dir='ltr'>Deos</span> <span class='ocrx_word' id='word_1_149' title='bbox 387 1864 539 1943; x_wconf 88' lang='lat' dir='ltr'>reliquos,</span> <span class='ocrx_word' id='word_1_150' title='bbox 554 1885 632 1944; x_wconf 90' lang='lat' dir='ltr'>quos</span> <span class='ocrx_word' id='word_1_151' title='bbox 647 1866 713 1945; x_wconf 90' lang='lat' dir='ltr'>ipse</span> <span class='ocrx_word' id='word_1_152' title='bbox 726 1865 866 1944; x_wconf 78' lang='lat' dir='ltr'>ignorat,</span> <span class='ocrx_word' id='word_1_153' title='bbox 881 1867 936 1944; x_wconf 92' lang='lat' dir='ltr'>qui</span> <span class='ocrx_word' id='word_1_154' title='bbox 948 1878 1053 1925; x_wconf 85' lang='lat' dir='ltr'>tamen</span> <span class='ocrx_word' id='word_1_155' title='bbox 1068 1866 1217 1948; x_wconf 85' lang='lat' dir='ltr'>prodesse</span> <span class='ocrx_word' id='word_1_156' title='bbox 1233 1853 1360 1947; x_wconf 82' lang='lat' dir='ltr'>possint</span> 
     </span>
     <span class='ocr_line' id='line_1_19' title="bbox 293 1952 1358 2036; baseline -0.002 -23"><span class='ocrx_word' id='word_1_157' title='bbox 293 1955 337 2014; x_wconf 91' lang='lat' dir='ltr'>rei</span> <span class='ocrx_word' id='word_1_158' title='bbox 350 1954 489 2027; x_wconf 82' lang='lat' dir='ltr'>rusticae,</span> <span class='ocrx_word' id='word_1_159' title='bbox 503 1955 536 2012; x_wconf 91' lang='lat' dir='ltr'>in</span> <span class='ocrx_word' id='word_1_160' title='bbox 550 1974 648 2013; x_wconf 90' lang='lat' dir='ltr'>unum</span> <span class='ocrx_word' id='word_1_161' title='bbox 659 1952 795 2034; x_wconf 77' lang='lat' dir='ltr'>colligit,</span> <span class='ocrx_word' id='word_1_162' title='bbox 809 1976 845 2014; x_wconf 90' lang='lat' dir='ltr'>ac</span> <span class='ocrx_word' id='word_1_163' title='bbox 855 1956 974 2036; x_wconf 83' lang='lat' dir='ltr'>pariter</span> <span class='ocrx_word' id='word_1_164' title='bbox 982 1977 1091 2016; x_wconf 92' lang='lat' dir='ltr'>omnes</span> <span class='ocrx_word' id='word_1_165' title='bbox 1103 1955 1195 2015; x_wconf 90' lang='lat' dir='ltr'>simul</span> <span class='ocrx_word' id='word_1_166' title='bbox 1208 1957 1358 2024; x_wconf 86' lang='lat' dir='ltr'>invocat,</span> 
     </span>
     <span class='ocr_line' id='line_1_20' title="bbox 291 2039 1355 2118; baseline -0.004 -16"><span class='ocrx_word' id='word_1_167' title='bbox 291 2041 345 2102; x_wconf 89' lang='lat' dir='ltr'>sed</span> <span class='ocrx_word' id='word_1_168' title='bbox 358 2060 428 2100; x_wconf 90' lang='lat' dir='ltr'>cum</span> <span class='ocrx_word' id='word_1_169' title='bbox 443 2041 643 2100; x_wconf 87' lang='lat' dir='ltr'>distinctione</span> <span class='ocrx_word' id='word_1_170' title='bbox 656 2039 740 2101; x_wconf 91' lang='lat' dir='ltr'>hunc</span> <span class='ocrx_word' id='word_1_171' title='bbox 752 2044 786 2101; x_wconf 93' lang='lat' dir='ltr'>in</span> <span class='ocrx_word' id='word_1_172' title='bbox 799 2041 949 2103; x_wconf 90' lang='lat' dir='ltr'>modum:</span> <span class='ocrx_word' id='word_1_173' title='bbox 966 2043 1069 2105; x_wconf 84' lang='lat' dir='ltr'>adeste</span> <span class='ocrx_word' id='word_1_174' title='bbox 1078 2045 1147 2118; x_wconf 89' lang='lat' dir='ltr'>Dii,</span> <span class='ocrx_word' id='word_1_175' title='bbox 1159 2057 1189 2104; x_wconf 92' lang='lat' dir='ltr'>et</span> <span class='ocrx_word' id='word_1_176' title='bbox 1198 2044 1280 2103; x_wconf 84' lang='lat' dir='ltr'>Deae</span> <span class='ocrx_word' id='word_1_177' title='bbox 1290 2059 1355 2101; x_wconf 89' lang='lat' dir='ltr'>om-</span> 
     </span>
     <span class='ocr_line' id='line_1_21' title="bbox 292 2129 1354 2214; baseline -0.001 -26"><span class='ocrx_word' id='word_1_178' title='bbox 292 2149 360 2202; x_wconf 87' lang='lat' dir='ltr'>nes,</span> <span class='ocrx_word' id='word_1_179' title='bbox 379 2129 434 2208; x_wconf 87' lang='lat' dir='ltr'>qui</span> <span class='ocrx_word' id='word_1_180' title='bbox 450 2129 531 2188; x_wconf 84' lang='lat' dir='ltr'>arvis</span> <span class='ocrx_word' id='word_1_181' title='bbox 545 2129 689 2206; x_wconf 86' lang='lat' dir='ltr'>studetis,</span> <span class='ocrx_word' id='word_1_182' title='bbox 708 2143 777 2190; x_wconf 89' lang='lat' dir='ltr'>tum</span> <span class='ocrx_word' id='word_1_183' title='bbox 790 2133 909 2191; x_wconf 89' lang='lat' dir='ltr'>semine</span> <span class='ocrx_word' id='word_1_184' title='bbox 922 2131 1029 2213; x_wconf 89' lang='lat' dir='ltr'>aliquo</span> <span class='ocrx_word' id='word_1_185' title='bbox 1045 2145 1117 2214; x_wconf 89' lang='lat' dir='ltr'>post</span> <span class='ocrx_word' id='word_1_186' title='bbox 1131 2133 1293 2192; x_wconf 88' lang='lat' dir='ltr'>sationem</span> <span class='ocrx_word' id='word_1_187' title='bbox 1306 2130 1354 2188; x_wconf 92' lang='lat' dir='ltr'>in·</span> 
     </span>
    </p>
   </div>
   <div class='ocr_carea' id='block_1_3' title="bbox 289 2278 1349 2753">
    <p class='ocr_par' dir='ltr' id='par_1_5' title="bbox 291 2278 1349 2353">
     <span class='ocr_line' id='line_1_22' title="bbox 291 2278 1349 2353; baseline -0.002 -19"><span class='ocrx_word' id='word_1_188' title='bbox 291 2294 331 2334; x_wconf 86' lang='lat' dir='ltr'>cst</span> <span class='ocrx_word' id='word_1_189' title='bbox 354 2300 409 2334; x_wconf 89' lang='lat' dir='ltr'>uua</span> <span class='ocrx_word' id='word_1_190' title='bbox 430 2299 463 2334; x_wconf 81' lang='lat' dir='ltr'>ex</span> <span class='ocrx_word' id='word_1_191' title='bbox 487 2279 708 2353; x_wconf 81' lang='lat' dir='ltr'>Strophadibus3</span> <span class='ocrx_word' id='word_1_192' title='bbox 732 2281 794 2334; x_wconf 89' lang='lat' dir='ltr'>vide</span> <span class='ocrx_word' id='word_1_193' title='bbox 839 2283 1251 2348; x_wconf 80' lang='lat' dir='ltr'>Plinii‚Pausaniae,etHimerii</span> <span class='ocrx_word' id='word_1_194' title='bbox 1262 2278 1349 2334; x_wconf 83' lang='lat' dir='ltr'>adhuc</span> 
     </span>
    </p>

    <p class='ocr_par' dir='ltr' id='par_1_6' title="bbox 289 2361 1150 2436">
     <span class='ocr_line' id='line_1_23' title="bbox 289 2361 1150 2436; baseline -0.005 -19"><span class='ocrx_word' id='word_1_195' title='bbox 289 2361 468 2434; x_wconf 83' lang='lat' dir='ltr'>Theophrast.</span> <span class='ocrx_word' id='word_1_196' title='bbox 478 2383 485 2425; x_wconf 74' lang='lat'>3</span> <span class='ocrx_word' id='word_1_197' title='bbox 497 2363 606 2432; x_wconf 75' lang='lat' dir='ltr'>quierit,</span> <span class='ocrx_word' id='word_1_198' title='bbox 618 2361 698 2414; x_wconf 84' lang='lat' dir='ltr'>ficum</span> <span class='ocrx_word' id='word_1_199' title='bbox 708 2379 795 2436; x_wconf 72' lang='lat' dir='ltr'>agres-</span> <span class='ocrx_word' id='word_1_200' title='bbox 839 2361 951 2416; x_wconf 85' lang='lat' dir='ltr'>visenda</span> <span class='ocrx_word' id='word_1_201' title='bbox 963 2362 1061 2416; x_wconf 84' lang='lat' dir='ltr'>stabat.</span> <span class='ocrx_word' id='word_1_202' title='bbox 1074 2363 1102 2418; x_wconf 85' lang='lat' dir='ltr'><em>V</em></span> <span class='ocrx_word' id='word_1_203' title='bbox 1101 2401 1106 2412; x_wconf 85' lang='lat'><em>.</em></span> <span class='ocrx_word' id='word_1_204' title='bbox 1118 2365 1150 2416; x_wconf 88' lang='lat' dir='ltr'>G.</span> 
     </span>
    </p>

    <p class='ocr_par' dir='ltr' id='par_1_7' title="bbox 291 2443 1347 2517">
     <span class='ocr_line' id='line_1_24' title="bbox 291 2443 1347 2517; baseline -0.005 -21"><span class='ocrx_word' id='word_1_205' title='bbox 291 2457 361 2512; x_wconf 88' lang='lat' dir='ltr'>tem,</span> <span class='ocrx_word' id='word_1_206' title='bbox 374 2461 432 2514; x_wconf 75' lang='lat' dir='ltr'>quse</span> <span class='ocrx_word' id='word_1_207' title='bbox 445 2443 576 2510; x_wconf 88' lang='lat' dir='ltr'>aliasbis,</span> <span class='ocrx_word' id='word_1_208' title='bbox 588 2443 646 2496; x_wconf 76' lang='lat' dir='ltr'>Ceae</span> <span class='ocrx_word' id='word_1_209' title='bbox 656 2457 697 2497; x_wconf 90' lang='lat' dir='ltr'>ter</span> <span class='ocrx_word' id='word_1_210' title='bbox 708 2445 736 2496; x_wconf 89' lang='lat' dir='ltr'>iu</span> <span class='ocrx_word' id='word_1_211' title='bbox 750 2462 796 2496; x_wconf 86' lang='lat' dir='ltr'>en·</span> <span class='ocrx_word' id='word_1_212' title='bbox 879 2443 1347 2517; x_wconf 71' lang='lat' dir='ltr'>19.Unctquepuermonsmrorm·</span> 
     </span>
    </p>

    <p class='ocr_par' dir='ltr' id='par_1_8' title="bbox 291 2521 1347 2674">
     <span class='ocr_line' id='line_1_25' title="bbox 291 2521 1347 2595; baseline -0.005 -20"><span class='ocrx_word' id='word_1_213' title='bbox 291 2543 355 2576; x_wconf 87' lang='lat' dir='ltr'>num</span> <span class='ocrx_word' id='word_1_214' title='bbox 368 2525 447 2575; x_wconf 83' lang='lat' dir='ltr'>ferre.</span> <span class='ocrx_word' id='word_1_215' title='bbox 463 2524 494 2575; x_wconf 89' lang='lat' dir='ltr'>V.</span> <span class='ocrx_word' id='word_1_216' title='bbox 511 2524 542 2574; x_wconf 89' lang='lat' dir='ltr'>G.</span> <span class='ocrx_word' id='word_1_217' title='bbox 840 2523 882 2575; x_wconf 82' lang='lat' dir='ltr'>tri.</span> <span class='ocrx_word' id='word_1_218' title='bbox 893 2523 1088 2595; x_wconf 83' lang='lat' dir='ltr'>Triptolemum</span> <span class='ocrx_word' id='word_1_219' title='bbox 1097 2522 1170 2576; x_wconf 89' lang='lat' dir='ltr'>Celei</span> <span class='ocrx_word' id='word_1_220' title='bbox 1180 2525 1253 2595; x_wconf 74' lang='lat' dir='ltr'>regis</span> <span class='ocrx_word' id='word_1_221' title='bbox 1265 2521 1347 2573; x_wconf 86' lang='lat' dir='ltr'>lilium</span> 
     </span>
     <span class='ocr_line' id='line_1_26' title="bbox 330 2601 1346 2674; baseline -0.002 -20"><span class='ocrx_word' id='word_1_222' title='bbox 330 2604 369 2655; x_wconf 84' lang='lat'>16.</span> <span class='ocrx_word' id='word_1_223' title='bbox 376 2605 434 2674; x_wconf 86' lang='lat' dir='ltr'>Ipse</span> <span class='ocrx_word' id='word_1_224' title='bbox 444 2621 533 2654; x_wconf 86' lang='lat' dir='ltr'>nemus</span> <span class='ocrx_word' id='word_1_225' title='bbox 541 2601 660 2674; x_wconf 82' lang='lat' dir='ltr'>linquens</span> <span class='ocrx_word' id='word_1_226' title='bbox 667 2603 792 2674; x_wconf 82' lang='lat' dir='ltr'>patrium,</span> <span class='ocrx_word' id='word_1_227' title='bbox 838 2601 949 2655; x_wconf 81' lang='lat' dir='ltr'>indicat.</span> <span class='ocrx_word' id='word_1_228' title='bbox 958 2602 1038 2655; x_wconf 89' lang='lat' dir='ltr'>Ovid.</span> <span class='ocrx_word' id='word_1_229' title='bbox 1047 2603 1155 2655; x_wconf 82' lang='lat' dir='ltr'>Metam.</span> <span class='ocrx_word' id='word_1_230' title='bbox 1165 2603 1197 2668; x_wconf 85' lang='lat' dir='ltr'>V,</span> <span class='ocrx_word' id='word_1_231' title='bbox 1206 2601 1275 2672; x_wconf 69' lang='lat'>649;</span> <span class='ocrx_word' id='word_1_232' title='bbox 1286 2615 1346 2652; x_wconf 85' lang='lat' dir='ltr'>eun·</span> 
     </span>
    </p>

    <p class='ocr_par' dir='ltr' id='par_1_9' title="bbox 291 2676 1347 2753">
     <span class='ocr_line' id='line_1_27' title="bbox 291 2676 1347 2753; baseline -0.009 -16"><span class='ocrx_word' id='word_1_233' title='bbox 291 2686 350 2737; x_wconf 83' lang='lat' dir='ltr'>Pon</span> <span class='ocrx_word' id='word_1_234' title='bbox 363 2683 451 2734; x_wconf 83' lang='lat' dir='ltr'>ovium</span> <span class='ocrx_word' id='word_1_235' title='bbox 464 2693 554 2734; x_wconf 84' lang='lat' dir='ltr'>custos.</span> <span class='ocrx_word' id='word_1_236' title='bbox 566 2681 711 2748; x_wconf 82' lang='lat' dir='ltr'>Pindarus,</span> <span class='ocrx_word' id='word_1_237' title='bbox 721 2685 795 2734; x_wconf 82' lang='lat' dir='ltr'>Pana</span> <span class='ocrx_word' id='word_1_238' title='bbox 839 2679 900 2737; x_wconf 86' lang='lat' dir='ltr'>dem</span> <span class='ocrx_word' id='word_1_239' title='bbox 913 2681 1033 2753; x_wconf 85' lang='lat' dir='ltr'>appellat</span> <span class='ocrx_word' id='word_1_240' title='bbox 1046 2683 1175 2735; x_wconf 86' lang='lat' dir='ltr'>Juvenem</span> <span class='ocrx_word' id='word_1_241' title='bbox 1187 2703 1194 2732; x_wconf 74' lang='grc' dir='ltr'>ι</span> <span class='ocrx_word' id='word_1_242' title='bbox 1207 2681 1259 2734; x_wconf 87' lang='lat' dir='ltr'>sed</span> <span class='ocrx_word' id='word_1_243' title='bbox 1274 2676 1347 2731; x_wconf 85' lang='lat' dir='ltr'>nulle</span> 
     </span>
    </p>
   </div>
   <div class='ocr_carea' id='block_1_4' title="bbox 289 2759 1449 2834">
    <p class='ocr_par' dir='ltr' id='par_1_10' title="bbox 289 2759 1449 2834">
     <span class='ocr_line' id='line_1_28' title="bbox 289 2759 1449 2834; baseline -0.009 -17"><span class='ocrx_word' id='word_1_244' title='bbox 289 2782 323 2818; x_wconf 84' lang='lat' dir='ltr'>ex</span> <span class='ocrx_word' id='word_1_245' title='bbox 345 2762 478 2833; x_wconf 85' lang='lat' dir='ltr'>Penelope</span> <span class='ocrx_word' id='word_1_246' title='bbox 504 2761 588 2814; x_wconf 81' lang='lat' dir='ltr'>fllium</span> <span class='ocrx_word' id='word_1_247' title='bbox 612 2761 697 2828; x_wconf 84' lang='lat' dir='ltr'>dicit,</span> <span class='ocrx_word' id='word_1_248' title='bbox 721 2762 794 2815; x_wconf 89' lang='lat' dir='ltr'>unde</span> <span class='ocrx_word' id='word_1_249' title='bbox 838 2759 883 2813; x_wconf 82' lang='lat' dir='ltr'>liic</span> <span class='ocrx_word' id='word_1_250' title='bbox 908 2761 942 2813; x_wconf 89' lang='lat' dir='ltr'>de</span> <span class='ocrx_word' id='word_1_251' title='bbox 964 2763 1120 2834; x_wconf 73' lang='lat' dir='ltr'>AEgyptiaco</span> <span class='ocrx_word' id='word_1_252' title='bbox 1139 2761 1212 2814; x_wconf 84' lang='lat' dir='ltr'>Osiri</span> <span class='ocrx_word' id='word_1_253' title='bbox 1233 2759 1341 2814; x_wconf 85' lang='lat' dir='ltr'>mentio.</span> <span class='ocrx_word' id='word_1_254' title='bbox 1448 2805 1449 2828; x_wconf 49' lang='lat'>,</span> 
     </span>
    </p>
   </div>
   <div class='ocr_carea' id='block_1_5' title="bbox 290 2841 922 2914">
    <p class='ocr_par' dir='ltr' id='par_1_11' title="bbox 290 2841 922 2914">
     <span class='ocr_line' id='line_1_29' title="bbox 290 2841 922 2914; baseline -0.006 -18"><span class='ocrx_word' id='word_1_255' title='bbox 290 2841 368 2896; x_wconf 87' lang='lat' dir='ltr'>multi</span> <span class='ocrx_word' id='word_1_256' title='bbox 377 2842 494 2914; x_wconf 85' lang='lat' dir='ltr'>patrium</span> <span class='ocrx_word' id='word_1_257' title='bbox 506 2861 556 2912; x_wconf 91' lang='lat' dir='ltr'>pro</span> <span class='ocrx_word' id='word_1_258' title='bbox 571 2853 711 2913; x_wconf 81' lang='lat' dir='ltr'>petentum</span> <span class='ocrx_word' id='word_1_259' title='bbox 724 2843 794 2893; x_wconf 90' lang='lat' dir='ltr'>acci·</span> <span class='ocrx_word' id='word_1_260' title='bbox 841 2841 869 2896; x_wconf 85' lang='lat' dir='ltr'><em>V</em></span> <span class='ocrx_word' id='word_1_261' title='bbox 868 2879 874 2892; x_wconf 86' lang='lat'><em>.</em></span> <span class='ocrx_word' id='word_1_262' title='bbox 889 2842 922 2892; x_wconf 88' lang='lat' dir='ltr'>G.</span> 
     </span>
    </p>
   </div>
   <div class='ocr_carea' id='block_1_6' title="bbox 289 2919 1449 2998">
    <p class='ocr_par' dir='ltr' id='par_1_12' title="bbox 289 2919 1449 2998">
     <span class='ocr_line' id='line_1_30' title="bbox 289 2919 1449 2998; baseline -0.008 -22"><span class='ocrx_word' id='word_1_263' title='bbox 289 2925 384 2996; x_wconf 89' lang='lat' dir='ltr'>pinnt,</span> <span class='ocrx_word' id='word_1_264' title='bbox 395 2939 428 2974; x_wconf 92' lang='lat' dir='ltr'>eo</span> <span class='ocrx_word' id='word_1_265' title='bbox 441 2921 515 2992; x_wconf 87' lang='lat' dir='ltr'>quod</span> <span class='ocrx_word' id='word_1_266' title='bbox 524 2922 580 2974; x_wconf 89' lang='lat' dir='ltr'>Pan</span> <span class='ocrx_word' id='word_1_267' title='bbox 587 2939 644 2974; x_wconf 92' lang='lat' dir='ltr'>non</span> <span class='ocrx_word' id='word_1_268' title='bbox 652 2919 736 2973; x_wconf 80' lang='lat' dir='ltr'>Arcas</span> <span class='ocrx_word' id='word_1_269' title='bbox 746 2923 795 2990; x_wconf 88' lang='lat' dir='ltr'>sit,</span> <span class='ocrx_word' id='word_1_270' title='bbox 878 2937 920 2975; x_wconf 77' lang='lat' dir='ltr'>ao.</span> <span class='ocrx_word' id='word_1_271' title='bbox 928 2921 1043 2975; x_wconf 81' lang='lat' dir='ltr'>Silvane.</span> <span class='ocrx_word' id='word_1_272' title='bbox 1056 2923 1191 2994; x_wconf 81' lang='lat' dir='ltr'>Antiquus</span> <span class='ocrx_word' id='word_1_273' title='bbox 1200 2923 1271 2976; x_wconf 85' lang='lat' dir='ltr'>Latii</span> <span class='ocrx_word' id='word_1_274' title='bbox 1281 2919 1344 2972; x_wconf 87' lang='lat' dir='ltr'>deus</span> <span class='ocrx_word' id='word_1_275' title='bbox 1448 2977 1449 2998; x_wconf 69' lang='lat'>,</span> 
     </span>
    </p>
   </div>
   <div class='ocr_carea' id='block_1_7' title="bbox 288 2997 1342 4196">
    <p class='ocr_par' dir='ltr' id='par_1_13' title="bbox 288 2997 1342 4196">
     <span class='ocr_line' id='line_1_31' title="bbox 289 2997 1342 3074; baseline -0.008 -18"><span class='ocrx_word' id='word_1_276' title='bbox 289 3003 338 3056; x_wconf 89' lang='lat' dir='ltr'>sed</span> <span class='ocrx_word' id='word_1_277' title='bbox 351 3002 514 3067; x_wconf 83' lang='lat' dir='ltr'>Ithacesius,</span> <span class='ocrx_word' id='word_1_278' title='bbox 528 3013 557 3052; x_wconf 89' lang='lat' dir='ltr'>ut</span> <span class='ocrx_word' id='word_1_279' title='bbox 570 3013 690 3072; x_wconf 81' lang='lat' dir='ltr'>epatre,</span> <span class='ocrx_word' id='word_1_280' title='bbox 707 3018 762 3052; x_wconf 91' lang='lat' dir='ltr'>nou</span> <span class='ocrx_word' id='word_1_281' title='bbox 779 3020 797 3054; x_wconf 84' lang='lat' dir='ltr'>u</span> <span class='ocrx_word' id='word_1_282' title='bbox 840 3001 1002 3072; x_wconf 88' lang='lat' dir='ltr'>plantationi</span> <span class='ocrx_word' id='word_1_283' title='bbox 1014 3015 1040 3056; x_wconf 89' lang='lat' dir='ltr'>et</span> <span class='ocrx_word' id='word_1_284' title='bbox 1058 3004 1156 3055; x_wconf 86' lang='lat' dir='ltr'>sationi</span> <span class='ocrx_word' id='word_1_285' title='bbox 1170 3013 1293 3074; x_wconf 76' lang='lat' dir='ltr'>preerat.</span> <span class='ocrx_word' id='word_1_286' title='bbox 1305 2997 1342 3050; x_wconf 81' lang='lat' dir='ltr'>As</span> 
     </span>
     <span class='ocr_line' id='line_1_32' title="bbox 290 3076 1342 3156; baseline -0.006 -19"><span class='ocrx_word' id='word_1_287' title='bbox 290 3085 396 3156; x_wconf 84' lang='lat' dir='ltr'>patria,</span> <span class='ocrx_word' id='word_1_288' title='bbox 407 3100 460 3133; x_wconf 84' lang='lat' dir='ltr'>vox</span> <span class='ocrx_word' id='word_1_289' title='bbox 471 3081 528 3134; x_wconf 78' lang='lat' dir='ltr'>hac</span> <span class='ocrx_word' id='word_1_290' title='bbox 537 3080 660 3134; x_wconf 85' lang='lat' dir='ltr'>videatur</span> <span class='ocrx_word' id='word_1_291' title='bbox 672 3080 794 3143; x_wconf 84' lang='lat' dir='ltr'>detona;</span> <span class='ocrx_word' id='word_1_292' title='bbox 841 3083 940 3150; x_wconf 82' lang='lat' dir='ltr'>radice,</span> <span class='ocrx_word' id='word_1_293' title='bbox 958 3103 1008 3138; x_wconf 90' lang='lat' dir='ltr'>neo</span> <span class='ocrx_word' id='word_1_294' title='bbox 1025 3076 1148 3136; x_wconf 80' lang='lat' dir='ltr'>truncum</span> <span class='ocrx_word' id='word_1_295' title='bbox 1164 3101 1181 3136; x_wconf 85' lang='lat' dir='ltr'>a</span> <span class='ocrx_word' id='word_1_296' title='bbox 1195 3082 1288 3136; x_wconf 86' lang='lat' dir='ltr'>radice</span> <span class='ocrx_word' id='word_1_297' title='bbox 1304 3095 1342 3131; x_wconf 88' lang='lat' dir='ltr'>se·</span> 
     </span>
     <span class='ocr_line' id='line_1_33' title="bbox 290 3160 1337 3236; baseline -0.005 -19"><span class='ocrx_word' id='word_1_298' title='bbox 290 3167 355 3236; x_wconf 87' lang='lat' dir='ltr'>quia</span> <span class='ocrx_word' id='word_1_299' title='bbox 365 3167 393 3218; x_wconf 89' lang='lat' dir='ltr'>in</span> <span class='ocrx_word' id='word_1_300' title='bbox 405 3162 521 3215; x_wconf 76' lang='lat' dir='ltr'>Arcadia</span> <span class='ocrx_word' id='word_1_301' title='bbox 532 3163 647 3235; x_wconf 69' lang='lat' dir='ltr'>genitus.</span> <span class='ocrx_word' id='word_1_302' title='bbox 659 3160 796 3235; x_wconf 75' lang='lat' dir='ltr'>Saltusqroe</span> <span class='ocrx_word' id='word_1_303' title='bbox 840 3175 964 3234; x_wconf 85' lang='lat' dir='ltr'>paratum</span> <span class='ocrx_word' id='word_1_304' title='bbox 974 3160 1337 3236; x_wconf 71' lang='lat' dir='ltr'>gerens.Catul.LX111‚289=</span> 
     </span>
     <span class='ocr_line' id='line_1_34' title="bbox 289 3241 1338 3316; baseline -0.007 -18"><span class='ocrx_word' id='word_1_305' title='bbox 289 3245 383 3316; x_wconf 76' lang='lat' dir='ltr'>lyncei.</span> <span class='ocrx_word' id='word_1_306' title='bbox 397 3244 496 3296; x_wconf 85' lang='lat' dir='ltr'>Montis</span> <span class='ocrx_word' id='word_1_307' title='bbox 506 3241 636 3295; x_wconf 75' lang='lat' dir='ltr'>Arcadia.</span> <span class='ocrx_word' id='word_1_308' title='bbox 647 3243 718 3296; x_wconf 84' lang='lat' dir='ltr'>Seru.</span> <span class='ocrx_word' id='word_1_309' title='bbox 841 3243 939 3296; x_wconf 85' lang='lat' dir='ltr'>Peneos</span> <span class='ocrx_word' id='word_1_310' title='bbox 954 3244 1017 3296; x_wconf 82' lang='lat' dir='ltr'>tulit</span> <span class='ocrx_word' id='word_1_311' title='bbox 1032 3243 1153 3295; x_wconf 80' lang='lat' dir='ltr'>radicitus</span> <span class='ocrx_word' id='word_1_312' title='bbox 1171 3242 1238 3294; x_wconf 82' lang='lat' dir='ltr'>ultas</span> <span class='ocrx_word' id='word_1_313' title='bbox 1253 3243 1338 3313; x_wconf 76' lang='lat' dir='ltr'>Fapot·</span> 
     </span>
     <span class='ocr_line' id='line_1_35' title="bbox 330 3321 1202 3394; baseline -0.007 -16"><span class='ocrx_word' id='word_1_314' title='bbox 330 3329 370 3380; x_wconf 79' lang='lat'>18.</span> <span class='ocrx_word' id='word_1_315' title='bbox 379 3325 461 3379; x_wconf 80' lang='lat' dir='ltr'>Adsis.</span> <span class='ocrx_word' id='word_1_316' title='bbox 469 3324 588 3377; x_wconf 84' lang='lat' dir='ltr'>Verbum</span> <span class='ocrx_word' id='word_1_317' title='bbox 598 3323 725 3378; x_wconf 86' lang='lat' dir='ltr'>solemne.</span> <span class='ocrx_word' id='word_1_318' title='bbox 734 3325 793 3376; x_wconf 83' lang='lat' dir='ltr'>AEn.</span> <span class='ocrx_word' id='word_1_319' title='bbox 840 3323 902 3375; x_wconf 91' lang='lat' dir='ltr'>Vid.</span> <span class='ocrx_word' id='word_1_320' title='bbox 914 3323 968 3376; x_wconf 85' lang='lat' dir='ltr'>vol.</span> <span class='ocrx_word' id='word_1_321' title='bbox 979 3325 1004 3390; x_wconf 88' lang='lat' dir='ltr'>l,</span> <span class='ocrx_word' id='word_1_322' title='bbox 1014 3342 1041 3394; x_wconf 87' lang='lat' dir='ltr'>p.</span> <span class='ocrx_word' id='word_1_323' title='bbox 1054 3321 1113 3375; x_wconf 83' lang='lat'><strong>250.</strong></span> <span class='ocrx_word' id='word_1_324' title='bbox 1126 3321 1158 3375; x_wconf 89' lang='lat' dir='ltr'>V.</span> <span class='ocrx_word' id='word_1_325' title='bbox 1170 3323 1202 3373; x_wconf 87' lang='lat' dir='ltr'>G.</span> 
     </span>
     <span class='ocr_line' id='line_1_36' title="bbox 290 3399 1338 3474; baseline -0.011 -16"><span class='ocrx_word' id='word_1_326' title='bbox 290 3407 318 3458; x_wconf 84' lang='lat'>1:</span> <span class='ocrx_word' id='word_1_327' title='bbox 333 3406 408 3459; x_wconf 84' lang='lat' dir='ltr'>Adsit</span> <span class='ocrx_word' id='word_1_328' title='bbox 418 3404 514 3458; x_wconf 68' lang='lat' dir='ltr'>letitiae</span> <span class='ocrx_word' id='word_1_329' title='bbox 528 3404 643 3456; x_wconf 78' lang='lat' dir='ltr'>Bacchus</span> <span class='ocrx_word' id='word_1_330' title='bbox 655 3403 738 3456; x_wconf 87' lang='lat' dir='ltr'>dator.</span> <span class='ocrx_word' id='word_1_331' title='bbox 750 3403 796 3454; x_wconf 85' lang='lat' dir='ltr'>Ti·</span> <span class='ocrx_word' id='word_1_332' title='bbox 877 3419 919 3453; x_wconf 65' lang='grc' dir='ltr'>αι.</span> <span class='ocrx_word' id='word_1_333' title='bbox 939 3403 1035 3474; x_wconf 78' lang='lat' dir='ltr'>Diique</span> <span class='ocrx_word' id='word_1_334' title='bbox 1049 3401 1153 3473; x_wconf 75' lang='lat' dir='ltr'>denque</span> <span class='ocrx_word' id='word_1_335' title='bbox 1169 3417 1265 3452; x_wconf 87' lang='lat' dir='ltr'>omnes.</span> <span class='ocrx_word' id='word_1_336' title='bbox 1281 3399 1338 3447; x_wconf 83' lang='lat' dir='ltr'>Post</span> 
     </span>
     <span class='ocr_line' id='line_1_37' title="bbox 290 3477 1338 3553; baseline -0.009 -17"><span class='ocrx_word' id='word_1_337' title='bbox 290 3485 357 3536; x_wconf 87' lang='lat' dir='ltr'>buil.</span> <span class='ocrx_word' id='word_1_338' title='bbox 370 3487 398 3548; x_wconf 90' lang='lat' dir='ltr'>I,</span> <span class='ocrx_word' id='word_1_339' title='bbox 412 3501 434 3535; x_wconf 91' lang='grc' dir='ltr'>ι.</span> <span class='ocrx_word' id='word_1_340' title='bbox 447 3483 541 3536; x_wconf 83' lang='lat' dir='ltr'>Adsitis</span> <span class='ocrx_word' id='word_1_341' title='bbox 552 3483 614 3535; x_wconf 83' lang='lat' dir='ltr'>diui.</span> <span class='ocrx_word' id='word_1_342' title='bbox 630 3485 674 3534; x_wconf 88' lang='lat'>111.</span> <span class='ocrx_word' id='word_1_343' title='bbox 689 3483 729 3534; x_wconf 84' lang='lat' dir='ltr'>El.</span> <span class='ocrx_word' id='word_1_344' title='bbox 744 3482 793 3533; x_wconf 88' lang='lat' dir='ltr'>ult.</span> <span class='ocrx_word' id='word_1_345' title='bbox 841 3482 986 3553; x_wconf 84' lang='lat' dir='ltr'>specialem</span> <span class='ocrx_word' id='word_1_346' title='bbox 1008 3483 1226 3546; x_wconf 80' lang='lat' dir='ltr'>invocationem,</span> <span class='ocrx_word' id='word_1_347' title='bbox 1250 3477 1338 3532; x_wconf 81' lang='lat' dir='ltr'>nensit</span> 
     </span>
     <span class='ocr_line' id='line_1_38' title="bbox 291 3559 1335 3635; baseline -0.006 -20"><span class='ocrx_word' id='word_1_348' title='bbox 291 3563 409 3617; x_wconf 78' lang='lat' dir='ltr'>Candide</span> <span class='ocrx_word' id='word_1_349' title='bbox 419 3563 494 3614; x_wconf 79' lang='lat' dir='ltr'>Liber</span> <span class='ocrx_word' id='word_1_350' title='bbox 504 3562 571 3614; x_wconf 80' lang='lat' dir='ltr'>ades.</span> <span class='ocrx_word' id='word_1_351' title='bbox 582 3593 617 3602; x_wconf 97' lang='lat'><em>-</em></span> <span class='ocrx_word' id='word_1_352' title='bbox 626 3564 733 3615; x_wconf 79' lang='lat' dir='ltr'>Faveas.</span> <span class='ocrx_word' id='word_1_353' title='bbox 744 3563 794 3613; x_wconf 85' lang='lat' dir='ltr'>Pro</span> <span class='ocrx_word' id='word_1_354' title='bbox 842 3561 877 3614; x_wconf 82' lang='lat' dir='ltr'>ad</span> <span class='ocrx_word' id='word_1_355' title='bbox 891 3561 1092 3635; x_wconf 74' lang='lat' dir='ltr'>generalitatem</span> <span class='ocrx_word' id='word_1_356' title='bbox 1100 3600 1109 3628; x_wconf 90' lang='lat'>,</span> <span class='ocrx_word' id='word_1_357' title='bbox 1116 3581 1150 3613; x_wconf 90' lang='lat' dir='ltr'>ne</span> <span class='ocrx_word' id='word_1_358' title='bbox 1161 3559 1235 3632; x_wconf 88' lang='lat' dir='ltr'>quod</span> <span class='ocrx_word' id='word_1_359' title='bbox 1245 3571 1335 3612; x_wconf 85' lang='lat' dir='ltr'>numen</span> 
     </span>
     <span class='ocr_line' id='line_1_39' title="bbox 290 3639 1335 3714; baseline -0.008 -20"><span class='ocrx_word' id='word_1_360' title='bbox 290 3643 384 3694; x_wconf 90' lang='lat' dir='ltr'>volens</span> <span class='ocrx_word' id='word_1_361' title='bbox 393 3653 420 3693; x_wconf 89' lang='lat' dir='ltr'>et</span> <span class='ocrx_word' id='word_1_362' title='bbox 429 3640 540 3712; x_wconf 87' lang='lat' dir='ltr'>perhoc</span> <span class='ocrx_word' id='word_1_363' title='bbox 549 3641 796 3712; x_wconf 62' lang='lat' dir='ltr'>propitiandum</span> <span class='ocrx_word' id='word_1_364' title='bbox 841 3655 994 3714; x_wconf 66' lang='lat' dir='ltr'>pratereats</span> <span class='ocrx_word' id='word_1_365' title='bbox 1013 3661 1088 3695; x_wconf 87' lang='lat' dir='ltr'>more</span> <span class='ocrx_word' id='word_1_366' title='bbox 1100 3639 1274 3706; x_wconf 84' lang='lat' dir='ltr'>Pontificum,</span> <span class='ocrx_word' id='word_1_367' title='bbox 1291 3653 1335 3710; x_wconf 87' lang='lat' dir='ltr'>per</span> 
     </span>
     <span class='ocr_line' id='line_1_40' title="bbox 290 3717 1335 3794; baseline -0.005 -18"><span class='ocrx_word' id='word_1_368' title='bbox 290 3724 363 3776; x_wconf 87' lang='lat' dir='ltr'>enim</span> <span class='ocrx_word' id='word_1_369' title='bbox 374 3734 478 3774; x_wconf 83' lang='lat' dir='ltr'>veteres</span> <span class='ocrx_word' id='word_1_370' title='bbox 488 3723 569 3773; x_wconf 87' lang='lat' dir='ltr'>etiam</span> <span class='ocrx_word' id='word_1_371' title='bbox 580 3719 648 3772; x_wconf 85' lang='lat' dir='ltr'>velle</span> <span class='ocrx_word' id='word_1_372' title='bbox 662 3719 795 3774; x_wconf 77' lang='lat' dir='ltr'>dixerunt.</span> <span class='ocrx_word' id='word_1_373' title='bbox 841 3739 910 3794; x_wconf 86' lang='lat' dir='ltr'>quos</span> <span class='ocrx_word' id='word_1_374' title='bbox 923 3726 976 3775; x_wconf 87' lang='lat' dir='ltr'>ritu</span> <span class='ocrx_word' id='word_1_375' title='bbox 987 3725 1071 3778; x_wconf 86' lang='lat' dir='ltr'>veteri</span> <span class='ocrx_word' id='word_1_376' title='bbox 1082 3724 1110 3776; x_wconf 90' lang='lat' dir='ltr'>in</span> <span class='ocrx_word' id='word_1_377' title='bbox 1123 3721 1247 3776; x_wconf 87' lang='lat' dir='ltr'>omuibus</span> <span class='ocrx_word' id='word_1_378' title='bbox 1261 3717 1335 3774; x_wconf 81' lang='lat' dir='ltr'>sacrit</span> 
     </span>
     <span class='ocr_line' id='line_1_41' title="bbox 291 3801 1336 3876; baseline -0.003 -20"><span class='ocrx_word' id='word_1_379' title='bbox 291 3833 326 3844; x_wconf 88' lang='lat'>-</span> <span class='ocrx_word' id='word_1_380' title='bbox 339 3802 458 3874; x_wconf 81' lang='lat' dir='ltr'>Oleoeque</span> <span class='ocrx_word' id='word_1_381' title='bbox 468 3803 589 3853; x_wconf 85' lang='lat' dir='ltr'>Minerua</span> <span class='ocrx_word' id='word_1_382' title='bbox 602 3801 737 3853; x_wconf 77' lang='lat' dir='ltr'>inventrix.</span> <span class='ocrx_word' id='word_1_383' title='bbox 746 3801 796 3854; x_wconf 83' lang='lat' dir='ltr'>llla</span> <span class='ocrx_word' id='word_1_384' title='bbox 842 3816 905 3875; x_wconf 86' lang='lat' dir='ltr'>post</span> <span class='ocrx_word' id='word_1_385' title='bbox 916 3805 1047 3876; x_wconf 79' lang='lat' dir='ltr'>speciales</span> <span class='ocrx_word' id='word_1_386' title='bbox 1064 3803 1146 3869; x_wconf 85' lang='lat' dir='ltr'>deos,</span> <span class='ocrx_word' id='word_1_387' title='bbox 1165 3821 1233 3875; x_wconf 83' lang='lat' dir='ltr'>quos</span> <span class='ocrx_word' id='word_1_388' title='bbox 1250 3801 1285 3856; x_wconf 90' lang='lat' dir='ltr'>ad</span> <span class='ocrx_word' id='word_1_389' title='bbox 1299 3801 1336 3868; x_wconf 86' lang='lat' dir='ltr'>ip·</span> 
     </span>
     <span class='ocr_line' id='line_1_42' title="bbox 288 3879 1335 3957; baseline -0.007 -21"><span class='ocrx_word' id='word_1_390' title='bbox 288 3883 352 3936; x_wconf 88' lang='lat' dir='ltr'>olea</span> <span class='ocrx_word' id='word_1_391' title='bbox 361 3900 442 3954; x_wconf 84' lang='lat' dir='ltr'>quam</span> <span class='ocrx_word' id='word_1_392' title='bbox 448 3882 522 3950; x_wconf 84' lang='lat' dir='ltr'>jacta</span> <span class='ocrx_word' id='word_1_393' title='bbox 533 3879 610 3932; x_wconf 87' lang='lat' dir='ltr'>hasta</span> <span class='ocrx_word' id='word_1_394' title='bbox 622 3891 739 3934; x_wconf 85' lang='lat' dir='ltr'>creatam</span> <span class='ocrx_word' id='word_1_395' title='bbox 747 3879 797 3934; x_wconf 88' lang='lat' dir='ltr'>Mi·</span> <span class='ocrx_word' id='word_1_396' title='bbox 840 3903 901 3937; x_wconf 84' lang='lat' dir='ltr'>sum</span> <span class='ocrx_word' id='word_1_397' title='bbox 913 3903 1020 3937; x_wconf 80' lang='lat' dir='ltr'>sacrum</span> <span class='ocrx_word' id='word_1_398' title='bbox 1035 3884 1107 3957; x_wconf 89' lang='lat' dir='ltr'>qnod</span> <span class='ocrx_word' id='word_1_399' title='bbox 1119 3883 1216 3950; x_wconf 81' lang='lat' dir='ltr'>fiebat,</span> <span class='ocrx_word' id='word_1_400' title='bbox 1234 3893 1335 3936; x_wconf 84' lang='lat' dir='ltr'>neeesse</span> 
     </span>
     <span class='ocr_line' id='line_1_43' title="bbox 292 3958 1333 4037; baseline -0.007 -19"><span class='ocrx_word' id='word_1_401' title='bbox 292 3982 374 4018; x_wconf 87' lang='lat' dir='ltr'>nerva</span> <span class='ocrx_word' id='word_1_402' title='bbox 386 3983 400 4016; x_wconf 92' lang='lat' dir='ltr'>e</span> <span class='ocrx_word' id='word_1_403' title='bbox 413 3963 471 4014; x_wconf 89' lang='lat' dir='ltr'>solo</span> <span class='ocrx_word' id='word_1_404' title='bbox 482 3961 588 4028; x_wconf 83' lang='lat' dir='ltr'>eduxit,</span> <span class='ocrx_word' id='word_1_405' title='bbox 602 3979 725 4034; x_wconf 87' lang='lat' dir='ltr'>quaque,</span> <span class='ocrx_word' id='word_1_406' title='bbox 736 3975 795 4014; x_wconf 80' lang='lat' dir='ltr'>tan-</span> <span class='ocrx_word' id='word_1_407' title='bbox 840 3978 899 4019; x_wconf 80' lang='lat' dir='ltr'>erat</span> <span class='ocrx_word' id='word_1_408' title='bbox 921 3965 1058 4030; x_wconf 81' lang='lat' dir='ltr'>invocari,</span> <span class='ocrx_word' id='word_1_409' title='bbox 1075 3963 1236 4037; x_wconf 69' lang='lat' dir='ltr'>generaliter</span> <span class='ocrx_word' id='word_1_410' title='bbox 1253 3958 1333 4014; x_wconf 82' lang='lat' dir='ltr'>enuit</span> 
     </span>
     <span class='ocr_line' id='line_1_44' title="bbox 291 4041 1334 4118; baseline -0.01 -20"><span class='ocrx_word' id='word_1_411' title='bbox 291 4064 373 4118; x_wconf 85' lang='lat' dir='ltr'>quam</span> <span class='ocrx_word' id='word_1_412' title='bbox 382 4043 486 4098; x_wconf 86' lang='lat' dir='ltr'>meliori</span> <span class='ocrx_word' id='word_1_413' title='bbox 498 4061 625 4111; x_wconf 88' lang='lat' dir='ltr'>munere,</span> <span class='ocrx_word' id='word_1_414' title='bbox 637 4043 793 4114; x_wconf 87' lang='lat' dir='ltr'>Neptunum</span> <span class='ocrx_word' id='word_1_415' title='bbox 839 4046 951 4100; x_wconf 80' lang='lat' dir='ltr'>numina</span> <span class='ocrx_word' id='word_1_416' title='bbox 961 4043 1166 4098; x_wconf 79' lang='lat' dir='ltr'>invocabantur.</span> <span class='ocrx_word' id='word_1_417' title='bbox 1176 4075 1212 4086; x_wconf 91' lang='lat'>-</span> <span class='ocrx_word' id='word_1_418' title='bbox 1220 4041 1334 4100; x_wconf 71' lang='lat' dir='ltr'>Suedium</span> 
     </span>
     <span class='ocr_line' id='line_1_45' title="bbox 289 4123 1333 4196; baseline -0.001 -18"><span class='ocrx_word' id='word_1_419' title='bbox 289 4123 499 4179; x_wconf 84' lang='lat' dir='ltr'>contendentem</span> <span class='ocrx_word' id='word_1_420' title='bbox 521 4125 602 4190; x_wconf 86' lang='lat' dir='ltr'>vicit,</span> <span class='ocrx_word' id='word_1_421' title='bbox 627 4123 793 4195; x_wconf 88' lang='lat' dir='ltr'>temporibus</span> <span class='ocrx_word' id='word_1_422' title='bbox 838 4126 929 4196; x_wconf 77' lang='lat' dir='ltr'>quibus</span> <span class='ocrx_word' id='word_1_423' title='bbox 937 4143 1000 4178; x_wconf 84' lang='lat' dir='ltr'>arva</span> <span class='ocrx_word' id='word_1_424' title='bbox 1010 4125 1085 4181; x_wconf 82' lang='lat' dir='ltr'>tueri.</span> <span class='ocrx_word' id='word_1_425' title='bbox 1095 4127 1212 4182; x_wconf 79' lang='lat' dir='ltr'>Nomius</span> <span class='ocrx_word' id='word_1_426' title='bbox 1222 4125 1278 4179; x_wconf 84' lang='lat' dir='ltr'>hec</span> <span class='ocrx_word' id='word_1_427' title='bbox 1290 4135 1333 4174; x_wconf 75' lang='lat' dir='ltr'>nt·</span> 
     </span>
    </p>
   </div>
   <div class='ocr_carea' id='block_1_8' title="bbox 0 0 1486 4690">
    <p class='ocr_par' dir='ltr' id='par_1_14' title="bbox 0 0 1486 4690">
     <span class='ocr_line' id='line_1_46' title="bbox 0 0 1486 4690; baseline 0 0"><span class='ocrx_word' id='word_1_428' title='bbox 0 0 1486 4690; x_wconf 95' lang='lat' dir='ltr'> </span> 
     </span>
    </p>
   </div>
  </div>
 </body>
</html>
