2986 4694
544 359 840 424 CATALECTA.

220 481 275 544 Ait
286 481 386 546 fixisse
398 482 500 546 mulio
513 483 718 563 celerrimus;

222 589 338 676 Neque
351 589 448 655 ullius
460 589 600 655 volantis
613 591 773 679 impetum
786 591 844 656 cisi

172 749 173 752 ,
220 696 381 785 Nequisse
393 698 559 784 praeterire
571 720 578 759 :
591 697 660 762 aive
673 699 842 762 Mantuam

219 798 312 887 Opus
323 798 410 866 foret
421 801 545 881 volare,
559 803 628 867 sive
641 802 791 866 Brixiam.

219 905 337 995 Neque
348 906 413 972 hoc
424 925 521 996 negat
532 907 721 998 Tryphonis
734 906 844 972 aemuli
856 905 975 974 domus

219 1013 346 1100 Negare
358 1012 518 1094 nobilem,
532 1014 714 1079 insulamve
727 1012 844 1077 Gaemli
857 1035 864 1076 :

220 1119 286 1185 Ubi
298 1121 373 1200 iste,
386 1139 462 1211 post
472 1121 625 1204 Sabinus,
638 1137 713 1187 ante
726 1121 882 1204 Quinctio

175 1305 232 1339 ces:
243 1287 397 1340 Portentum
408 1289 563 1342 inusitatum
572 1290 671 1368 confla·
715 1291 765 1356 Vl,
778 1287 803 1341 5.
816 1289 903 1361 Fingit
920 1288 999 1360 igitur
1012 1287 1084 1360 apud
1098 1292 1215 1344 animum
1240 1275 1244 1282 .

175 1376 231 1416 tum
249 1376 287 1418 ert
306 1385 407 1420 recens:
425 1369 496 1420 Num
519 1367 603 1421 mulos
623 1369 672 1440 qui
715 1381 805 1438 poeta,
814 1366 981 1434 Ventidium,
994 1380 1020 1418 et
1030 1367 1137 1438 quidem
1146 1369 1217 1421 Con·

169 1444 303 1516 fricabat,
318 1445 560 1516 Consulsacturert.
716 1447 817 1512 sulem,
829 1459 859 1498 ut
870 1463 963 1498 exvss.
979 1446 1019 1498 23.
1036 1448 1077 1512 al.
1093 1447 1125 1498 25
1140 1450 1218 1501 intel·

207 1524 374 1576 virulentum
382 1524 435 1576 hoc
448 1525 559 1578 alterum
572 1527 600 1578 in
610 1545 671 1578 eum
715 1526 799 1598 ligas,
812 1528 840 1577 in
854 1525 921 1578 sella
936 1527 1022 1578 curuli
1038 1546 1087 1598 pro
1102 1528 1218 1581 Castoris

126 1661 128 1666 ,
169 1601 477 1675 hominemepigramma
489 1624 523 1657 aa
535 1607 671 1657 aMarone
716 1605 771 1657 arde
790 1603 944 1670 sedentem,
959 1618 1086 1677 tanquam
1103 1620 1217 1660 statuam

172 1682 324 1753 profectum
343 1684 394 1747 sit,
413 1685 560 1756 graviorem
579 1696 671 1736 aucto·
715 1701 773 1736 esse
785 1683 937 1736 dedicatam
949 1685 1027 1736 titulo
1043 1683 1095 1737 hoc
1109 1689 1217 1758 apposi-

172 1779 345 1832 rem‚.quam
364 1779 446 1829 eum,
467 1765 513 1834 qui
535 1762 670 1816 catalecta
715 1775 751 1815 to.
771 1763 851 1831 Quod
870 1763 997 1817 Sabinum
1017 1765 1151 1836 appellat,
1169 1786 1217 1838 po·

173 1839 295 1914 collegit,
311 1860 366 1893 non
377 1840 514 1894 hahemus.
532 1841 599 1894 Mihi
612 1845 670 1914 qui·
714 1857 766 1896 test
787 1862 848 1895 eum
866 1843 924 1896 aliis
943 1843 977 1897 de
994 1847 1095 1897 caussis
1116 1847 1217 1898 lactum

173 1918 453 1993 demresestproraar
466 1919 670 1994 improbabilia,
715 1941 790 1988 esse,
810 1937 862 1976 tam
883 1922 957 1996 quod
975 1925 1094 1977 Picentes
1113 1925 1217 1978 Sabinis

171 1991 306 2053 homiaem
325 1999 360 2054 ad
372 2017 516 2074 generosos
535 2018 627 2052 sensus
644 2012 671 2053 et
716 2003 798 2054 vicini
810 2015 880 2054 sunt.

173 2080 277 2149 epicam
295 2083 451 2152 gravitatem
471 2094 670 2152 assurgentem,
752 2080 1070 2155 2.Aitsrtirse.·tanquam
1079 2084 1215 2154 protitulo

173 2158 279 2230 ingenio
290 2159 470 2222 tamliberali‚
483 2159 601 2211 moribus
611 2178 671 2212 can·
715 2172 808 2213 statua
820 2159 877 2212 hoec
890 2173 951 2210 sunt
963 2164 1121 2234 perscripta.

173 2237 243 2291 didit
259 2254 285 2292 et
302 2242 418 2312 ingenua
435 2239 525 2292 indole
543 2259 559 2292 a
574 2253 671 2294 natura
749 2239 774 2291 3.
794 2244 885 2310 Neque
902 2236 985 2290 ullius
1004 2238 1116 2292 voluntis
1136 2241 1218 2313 impe-

172 2318 453 2384 instructum‚tantam
463 2320 600 2371 infamiam
611 2321 670 2372 aliis
716 2327 770 2368 tum
787 2316 834 2369 ciri
851 2317 978 2387 Nequius
993 2320 1144 2388 preterire:
1159 2323 1219 2374 nul·

173 2398 295 2462 inurere,
314 2410 358 2462 et,
377 2398 582 2469 conspureando
604 2399 670 2451 alios
714 2397 785 2462 lius,
799 2396 861 2448 licet
873 2397 1004 2448 celerrimi
1021 2399 1093 2464 ciali,
1110 2418 1217 2452 curtum

173 2476 296 2547 probris,
312 2481 352 2528 sni
369 2478 452 2547 ipsius
462 2479 522 2528 vitre
535 2479 672 2550 integrita-
715 2477 835 2548 potuisse
846 2477 982 2545 praeterire
993 2477 1036 2528 vel
1046 2495 1172 2549 superare
1180 2480 1219 2531 ci·

173 2567 225 2608 tem
235 2565 262 2609 et
273 2555 464 2609 humanitatem
474 2570 623 2629 suspectam
634 2560 672 2610 fa·
716 2560 783 2610 sium
795 2556 921 2610 mulionis
929 2556 1016 2628 hujus.
1028 2559 1125 2610 cutam
1134 2579 1218 2630 genus

173 2653 251 2688 cerer
265 2653 318 2706 qua
328 2637 349 2687 si
362 2638 421 2706 quis
433 2636 474 2689 rel
482 2637 575 2690 leviter
586 2637 673 2690 imbu-
715 2636 831 2690 vehiculi
842 2637 948 2690 levioris
956 2637 1025 2690 binis
1034 2641 1098 2691 rotis
1106 2641 1219 2692 instruc-

172 2727 227 2767 tam
245 2713 328 2767 habet
343 2727 475 2780 mentem,
495 2714 621 2768 abhorret
638 2717 671 2768 ab
716 2720 752 2770 ti:
765 2718 819 2770 vid.
837 2719 925 2770 burm.
940 2717 974 2770 ad
991 2717 1017 2770 h.
1036 2719 1053 2770 l.
1074 2739 1157 2792 neque
1174 2739 1217 2772 nc-

172 2798 224 2848 ista
238 2795 398 2848 truculentia
415 2809 441 2848 et
454 2799 602 2850 atrocitate.
618 2800 670 2849 lm·
715 2799 799 2871 quisse
811 2817 860 2868 pro
874 2816 927 2850 non
940 2800 1076 2869 potuisse,
1093 2813 1123 2852 ut
1135 2801 1216 2853 inter·

172 2876 273 2948 probos
283 2875 339 2927 odit
349 2877 464 2947 optimus
475 2879 602 2948 quisque;
615 2895 670 2930 nou
716 2877 779 2928 dum
789 2879 830 2928 sit.
844 2878 936 2930 Graec
952 2897 1032 2930 more.

173 2967 277 3006 exercet
294 2957 322 3008 iu
339 2973 384 3007 eos
397 2958 585 3009 carnificinam.
605 2959 670 3028 Epi·
750 2959 775 3010 6.
790 2976 814 3027 7.
827 2957 980 3030 Legendum
990 2977 1050 3010 cum
1062 2959 1096 3010 ls.
1107 2960 1215 3012 Vossio:

173 3034 670 3110 grammaCatulliinPhaselurn(epigr.
715 3039 752 3088 Et
767 3037 815 3092 hoc
833 3055 881 3089 uec
895 3048 943 3089 aut
962 3037 1110 3108 Tryphont's
1126 3038 1217 3091 oemult'

173 3113 235 3183 ΙΙ),
246 3113 319 3183 quod
332 3127 488 3184 comparent
504 3113 616 3168 studiosi
627 3135 672 3168 ne·
715 3117 823 3168 domum
833 3117 936 3189 Nepete
946 3118 1013 3187 (scil.
1026 3117 1072 3188 ait)
1085 3117 1216 3184 nobilem,

174 3209 247 3243 cesse
257 3205 310 3256 est,
319 3191 433 3262 parodia
440 3211 591 3264 expressum
601 3213 671 3260 esse,
718 3194 864 3248 iaculamur
877 3193 980 3246 Geruli.
991 3194 1118 3266 Tryphon
1128 3209 1153 3248 et
1162 3195 1218 3246 Cn-

174 3270 254 3322 obvia
265 3283 361 3322 rescat.
375 3273 548 3341 Interpretes‚
562 3291 672 3326 acumen
717 3275 791 3326 rnlus
808 3276 937 3327 muliones
956 3295 961 3323 :
982 3274 1049 3325 alter
1067 3273 1111 3326 hic
1128 3291 1217 3328 custos

174 3349 271 3402 horum
283 3349 433 3401 iamborum
447 3351 474 3402 in
491 3351 600 3422 singulis
613 3372 671 3405 ver·
717 3353 878 3419 insulanus,
895 3352 921 3404 h.
938 3354 1046 3416 insula,
1064 3355 1175 3410 australes
1191 3357 1219 3407 in

175 3431 249 3482 sibus
265 3429 398 3482 illustrare
412 3431 545 3495 contenti,
558 3430 591 3483 de
605 3450 673 3484 sum·
719 3433 809 3502 aliqua
821 3431 887 3484 urhe
900 3444 926 3483 et
938 3432 1108 3484 aediliciorum
1125 3434 1218 3486 lecan-

174 3529 216 3562 rna
229 3510 353 3562 carminis
365 3509 403 3561 nil
415 3523 582 3562 monuerunt.
595 3511 672 3563 Scili-
718 3510 813 3562 dorum
827 3530 919 3563 curam
932 3509 1043 3562 babens.

174 3587 537 3660 cetsolebantConsuleapro
547 3587 602 3642 aede
610 3591 673 3643 Gas-
752 3591 769 3643 8
785 3609 842 3661 sqq.
860 3589 1060 3643 Submulionem
1076 3609 1136 3644 eum
1154 3605 1215 3646 anta

174 3669 238 3720 toris
259 3667 370 3730 aedem
389 3669 426 3720 ita
445 3669 532 3722 sedeur
548 3687 597 3742 pro
618 3671 672 3722 oede
716 3670 798 3722 fuisse
809 3673 844 3722 ait
858 3670 976 3737 Quinctii
989 3671 1110 3740 alicujus.
1124 3673 1215 3726 lleins.

175 3747 283 3800 Castoris
292 3749 423 3800 batonim
432 3747 498 3800 Phil.
507 3749 552 3818 ΙΙΙ,
563 3766 590 3802 ιι
603 3769 610 3808 t
621 3769 670 3802 nec
716 3755 785 3822 conj.
794 3750 989 3823 equitiorquod
997 3751 1113 3804 alienum
1121 3753 1189 3806 abb.
1198 3754 1214 3806 Ι.

174 3827 284 3891 mirum,
299 3845 381 3898 quum
392 3829 419 3879 in
428 3827 521 3881 eadem
534 3828 589 3882 tede
601 3847 670 3901 crepe
715 3845 772 3894 est3
791 3850 846 3884 non
868 3830 901 3883 de
921 3849 1052 3902 equorum
1074 3837 1216 3898 armentis,

172 3904 283 3958 Senatus
301 3905 467 3961 haberetur:
489 3909 564 3962 Verr.
589 3911 616 3975 l,
636 3911 670 3979 49
714 3913 761 3965 sed
774 3913 807 3964 de
821 3912 899 3964 mulis
914 3911 1043 3966 abedariis
1061 3911 1105 3964 hic
1118 3915 1213 3984 agitur.

173 3995 237 4036 extr.
248 3987 282 4037 At
292 3999 352 4040 ante
364 3988 477 4042 eandem
488 3988 571 4043 adem
581 3991 669 4044 multae
714 3995 763 4044 Pro
768 3993 892 4064 forcipe,
906 3991 978 4062 quod
989 4005 1045 4044 erat
1054 4031 1062 4058 ‚
1069 3987 1167 4061 forfice
1175 4005 1215 4042 est

174 4077 248 4118 erant
258 4079 369 4120 stature:
386 4070 446 4122 vide
458 4089 483 4122 v.
496 4090 518 4123 c.
532 4071 588 4124 Cio.
603 4069 667 4124 Phil.
713 4075 874 4146 repositum:
891 4089 943 4142 qua
961 4071 1091 4122 mularum
1108 4069 1175 4138 juba
1189 4073 1216 4121 in
