2918 4682
262 355 269 374 ’
352 397 401 462 tn
427 393 812 462 osonotcoautn
836 398 927 464 nra.
953 400 1002 464 11.
1135 409 1197 488 aas

160 523 231 582 riva
244 523 365 603 itaque,
384 524 456 604 quia
470 541 541 581 cum
556 541 611 581 sua
624 537 719 595 terra3
740 523 820 582 sicut
832 537 937 605 postea
954 529 1031 586 sicca
1048 526 1149 611 ligna,
1168 532 1202 592 id

161 625 220 683 est,
233 626 371 686 mortua,
386 613 459 692 quia
472 613 539 670 sine
553 625 632 670 terra
648 625 678 670 et
690 609 848 671 radiculis.
864 612 961 692 (Vide
974 620 1110 698 notam.)

202 699 248 757 28.
262 699 413 775 Quintus,
425 719 523 780 quum
536 698 679 760 surculus
692 714 872 780 amputatus
884 721 901 760 e
913 723 1034 762 summa
1048 705 1158 768 arbore
1171 711 1204 770 in

161 799 274 848 terram
287 785 432 862 refertur,
446 788 675 871 mandaturque
690 789 790 850 scrobi
803 813 809 848 :
825 805 856 850 et
867 811 941 850 sane
953 794 1203 876 comprehendit,

162 875 284 934 etiamsi
297 875 376 935 nihil
389 876 504 936 habeat
517 875 641 937 radicis.

204 963 251 1023 30.
266 963 386 1039 Sextus,
400 985 498 1046 quum
511 965 630 1026 caudex
644 963 735 1026 olivae
747 985 853 1026 carens
869 969 955 1026 omni
972 968 1089 1042 radice,
1103 975 1206 1034 conci·

164 1072 276 1132 susque
290 1071 326 1111 ac
340 1067 440 1113 sectus
454 1075 510 1135 per
524 1052 663 1114 medium
678 1055 710 1112 in
727 1068 832 1136 partes
847 1053 967 1135 plures,
989 1053 1154 1136 infoditur,
1176 1075 1207 1123 et

163 1136 237 1196 inde
256 1139 358 1220 (quod
371 1142 502 1220 mirere)
521 1141 635 1216 trudit,
657 1143 879 1222 progignitque
901 1141 1055 1218 radicem,
1077 1165 1113 1203 ac
1135 1167 1208 1208 mox

164 1227 318 1288 arborem.
329 1230 433 1304 Quum
445 1233 503 1304 ait,
514 1232 590 1291 sicco
601 1229 689 1312 ligno,
702 1230 843 1311 intellige
853 1251 915 1290 non
927 1235 1058 1292 omnino
1069 1236 1208 1314 aridum,

165 1334 236 1373 nam
254 1317 294 1374 ita
314 1315 394 1376 nihil
405 1320 610 1398 germinaret3
633 1318 684 1378 sed
700 1339 833 1378 vacuum
853 1320 891 1379 ab
907 1316 1055 1394 humore,
1073 1335 1108 1380 ut
1122 1325 1209 1405 quod

165 1419 271 1462 careat
283 1403 398 1479 radice,
411 1427 473 1487 qua
489 1427 615 1467 succum
628 1407 743 1468 trahat,

206 1491 253 1550 32.
268 1495 429 1554 Extremus
443 1510 491 1555 est
507 1497 630 1571 insitio,
644 1518 705 1579 qua
720 1499 800 1556 rami
815 1498 910 1557 unius
924 1497 1044 1558 arboris
1057 1513 1210 1581 apparent

168 1580 199 1636 in
212 1577 325 1639 altera:
343 1583 387 1642 sic
404 1605 500 1665 pyrus
518 1601 672 1662 mutatur,
691 1600 723 1646 et
740 1584 799 1646 fert
814 1585 894 1644 mala
912 1587 1024 1646 insita:
1044 1590 1088 1648 sic
1099 1610 1209 1668 corna,

167 1732 319 1792 exspectant.
333 1725 437 1780 Tertius
449 1729 558 1796 modus,
571 1747 666 1802 propa·

165 1802 251 1872 gutia,
260 1821 318 1874 quae
329 1811 474 1876 praesertim
482 1811 508 1860 in
516 1810 613 1862 vitibus
624 1829 668 1861 co-

168 1878 254 1934 lendis
267 1883 427 1940 adhibetur:
441 1908 557 1962 propago
570 1904 609 1942 est
622 1890 666 1943 ille

168 1962 269 2032 palmes
283 1965 433 2034 luxurians,
451 1970 573 2041 (provini
590 1973 667 2042 quie

169 2052 263 2095 trunco
272 2046 298 2097 in
307 2049 668 2118 terramarcuatiminllexus,

168 2115 231 2174 hinc
242 2143 257 2176 a
268 2127 319 2178 vite
330 2128 444 2198 pendet,
456 2129 529 2181 velut
539 2129 572 2182 ab
586 2130 668 2182 ubere

170 2201 323 2256 alimentum
333 2205 447 2268 ducens;
459 2208 520 2260 inde
529 2228 575 2260 sna
589 2220 668 2274 terra,

169 2283 292 2351 genitali,
306 2287 349 2338 cui
357 2301 441 2340 mater
449 2288 528 2339 simul
538 2288 669 2354 adheret,

170 2361 314 2415 innutritus
324 2365 453 2434 pullulat,
465 2368 557 2418 etvivo
565 2366 671 2437 planta-

171 2438 209 2487 rio
222 2441 295 2492 vivus
313 2445 427 2495 insertus
444 2447 539 2497 crescit
552 2445 670 2510 occulte,

173 2517 275 2572 radices
289 2540 347 2574 suas
363 2535 389 2574 et
405 2523 516 2574 alteram
533 2541 613 2596 agens
630 2526 671 2576 vi-

174 2611 241 2659 tam,
257 2600 290 2652 de
307 2621 382 2654 ramo
396 2603 425 2654 fit
436 2603 516 2656 arbor
530 2614 670 2676 expectata.

173 2680 353 2752 —Sylvarum
366 2682 438 2748 alia,
452 2683 480 2735 id
492 2696 545 2748 est,
557 2683 615 2736 alie
625 2684 674 2755 syl·

174 2779 228 2826 vae,
246 2762 369 2829 arbores,
387 2776 416 2815 ut
435 2765 501 2816 uites
518 2763 607 2816 ltaliae.
625 2765 674 2816 llic

175 2841 289 2896 Cerdam
302 2856 327 2895 et
337 2844 482 2897 Abramum
493 2843 615 2910 deserui,
629 2847 676 2916 qui

176 2921 294 2976 Sentium
312 2923 426 2995 amplexi
442 2924 575 2978 diversum
588 2943 676 2998 apsu-

174 3005 314 3075 pagationc
341 3007 542 3076 transpositionis
568 3007 677 3058 modum

179 3095 352 3152 agnoverunt.
370 3084 437 3136 Vide
461 3103 542 3156 supra
562 3085 678 3157 explica·

179 3163 293 3226 tionem,
306 3181 386 3233 quam
405 3166 485 3216 tantis
502 3156 565 3216 viris
581 3165 677 3218 admis-

180 3258 236 3292 sam
249 3259 301 3292 non
316 3259 424 3312 possum
437 3257 523 3296 tamen
534 3246 619 3314 sequi.

217 3322 259 3373 28.
268 3321 316 3374 Nil
326 3322 429 3386 radicis,
440 3336 490 3374 etc.
499 3323 617 3390 Quartus
625 3341 680 3374 mo·

182 3399 246 3464 dus,
262 3402 366 3474 infossio
385 3403 480 3454 summi
495 3402 606 3466 surculi,
624 3403 679 3454 sive

181 3482 257 3534 talete
268 3503 281 3534 c
294 3485 432 3536 cacumine
444 3485 511 3536 rami
524 3495 681 3553 amputate,

93 3603 96 3610 .
184 3562 353 3634 quaeabsque
364 3561 454 3616 radice
462 3565 556 3616 crescit
566 3575 592 3614 et
602 3564 682 3615 vires·

184 3643 236 3706 cit,
246 3655 388 3714 postquam
399 3655 521 3714 putator,
533 3645 588 3694 sive
599 3643 644 3713 qui
655 3642 684 3693 il·

185 3721 239 3772 lum
259 3725 424 3794 amputavit,
442 3722 580 3775 scrobibus
600 3723 684 3774 infos-

187 3819 244 3853 surn
255 3802 343 3856 retulit
352 3805 378 3854 in
387 3816 484 3855 terram
492 3823 506 3854 c
515 3804 683 3873 quaesierat.

222 3881 264 3934 30.
296 3883 364 3953 Quin
387 3893 413 3934 ct
434 3881 578 3934 caudicibus
604 3882 683 3933 sectis.

188 3961 302 4027 Quintus
322 3961 431 4024 modus,
452 3961 556 4033 insessio
576 3962 685 4012 circnm-

189 4043 247 4092 secti
257 4042 362 4113 stipitis,
376 4042 423 4113 qui
434 4057 489 4091 non
503 4040 685 4104 acuminatus,

90 4165 99 4176 .
188 4137 243 4173 non
253 4140 267 4174 e
277 4123 414 4175 cacumine
429 4120 549 4187 decisus,
562 4118 609 4172 sed
620 4137 686 4192 pre·

711 1732 780 1782 cisus
791 1729 824 1782 ab
836 1743 948 1801 utraque
961 1741 1050 1800 parte,
1063 1743 1088 1783 et
1102 1733 1211 1786 ramulis

711 1807 901 1880 radicibusque
911 1808 1055 1880 spoliatus,
1069 1822 1156 1863 tamen
1169 1831 1212 1864 ra-

706 1886 798 1939 dicem
807 1906 838 1939 cs
848 1906 905 1939 sese
916 1889 1058 1960 progignit.
1073 1891 1176 1942 Caudex
1184 1894 1213 1944 in

713 1966 870 2032 arboribus,
886 1967 957 2018 idem
974 1981 1026 2034 est,
1046 1968 1119 2039 quod
1132 1971 1215 2024 caulis

714 2047 742 2098 in
750 2045 856 2110 herbis;
867 2066 963 2117 nempe
975 2048 1020 2114 id,
1033 2047 1107 2120 quod
1119 2063 1216 2102 eterra

713 2127 825 2197 simplex
837 2129 969 2199 assurgit,
984 2145 1015 2178 ex
1033 2147 1086 2198 quo
1105 2133 1171 2182 rami
1186 2142 1214 2183 et

714 2207 780 2257 lolia
792 2209 891 2258 circum
903 2222 1060 2278 erumpunt;
1073 2207 1099 2260 la
1110 2212 1168 2282 tige.
1210 2240 1216 2249 ·
1291 2265 1296 2278 ¹

714 2287 798 2338 Radix
809 2285 928 2359 oleagina
946 2286 1069 2361 truditur,
1085 2287 1215 2359 propelli-

716 2379 759 2417 tur
773 2377 800 2416 et
811 2367 957 2436 germinat,
970 2377 1079 2436 urgente
1092 2366 1158 2438 ligni
1169 2385 1218 2418 na·

716 2457 783 2497 tura.
796 2473 831 2482 -
846 2445 871 2495 Ε
887 2445 951 2496 sicco
968 2443 1053 2516 ligno,
1070 2446 1216 2516 opponitur

715 2523 789 2575 fibris
814 2541 894 2575 succo
919 2523 1126 2575 abundantibus.
1150 2525 1217 2576 Plin.

716 2605 789 2670 XVl,
802 2603 853 2670 84,
865 2605 963 2668 refert,
979 2621 1009 2654 es
1023 2603 1082 2656 olea
1095 2603 1218 2656 cardines

717 2687 744 2737 in
760 2685 863 2736 loribus
875 2684 975 2736 diutius
989 2687 1126 2750 immotos,
1143 2685 1221 2755 plan·

718 2778 750 2816 tte
765 2763 845 2815 modo
858 2765 1028 2836 germinasse.
1040 2764 1072 2816 V.
1086 2764 1117 2815 G.

755 2845 798 2898 32.
811 2847 848 2896 Et
859 2862 924 2917 soepe
934 2844 1053 2908 alterius,
1064 2857 1115 2896 etc.
1127 2844 1219 2898 Sextus

721 2925 825 2978 modus.
854 2926 963 2989 insitio,
991 2941 1073 2994 quum
1099 2926 1220 2978 surculus

722 3008 800 3058 unius
824 3005 927 3058 arboris
953 3004 1029 3056 alteri
1053 3005 1222 3070 immittitur,

723 3103 780 3158 quse
796 3085 871 3157 qussi
888 3087 915 3136 in
927 3087 983 3154 ejus
996 3097 1118 3134 naturam
1136 3095 1222 3136 trans·

722 3167 758 3225 it;
775 3175 852 3216 enter.
868 3165 907 3215 De
922 3183 953 3214 ec
970 3165 1055 3214 fusius
1069 3163 1140 3215 inira
1154 3181 1222 3215 vers.

724 3245 765 3310 73.
776 3273 810 3281 —
821 3243 930 3294 Vertere.
944 3241 974 3291 ld
990 3253 1046 3302 est,
1063 3253 1166 3293 vertere
1178 3261 1222 3309 se,

723 3336 753 3373 ut
764 3321 860 3392 Georg.
874 3322 924 3387 ΙΙΙ,
940 3319 999 3372 365.
1012 3321 1045 3370 In
1056 3319 1165 3392 glaciem
1175 3339 1226 3374 uer·

724 3410 775 3451 tere
792 3399 905 3463 lacuna,
921 3399 948 3450 id
966 3412 1020 3463 cst,
1036 3411 1170 3450 verterunt
1186 3421 1224 3453 se.

725 3479 758 3530 Et
770 3478 872 3532 AEneid.
883 3481 910 3542 l,
927 3479 990 3544 108,
1004 3487 1058 3528 nrm
1069 3496 1147 3549 prora
1158 3499 1228 3532 aver·

728 3561 774 3620 tit,·
792 3556 891 3624 idest,
911 3561 1004 3609 avertit
1021 3577 1057 3611 se.
1075 3559 1108 3608 Et
1124 3559 1226 3612 AEneid.

728 3641 766 3704 ll,
780 3655 846 3708 229,
861 3655 942 3688 nouus
955 3657 1004 3709 per
1016 3647 1118 3710 pectora
1131 3641 1230 3692 cunctis

731 3719 845 3771 insinuat
851 3735 947 3790 paam,-
957 3717 985 3768 id
997 3729 1051 3778 est,
1063 3719 1180 3769 insinuat
1190 3738 1228 3771 sc.

730 3829 763 3839 -
772 3801 897 3870 impune,
911 3800 968 3850 sine
981 3799 1021 3850 sui
1034 3797 1132 3850 damno
1143 3799 1230 3852 insitas

731 3879 855 3942 arbores,
873 3897 927 3930 non
940 3878 1044 3930 insertas
1056 3878 1183 3942 ‚videmus
1194 3905 1230 3917 -
1277 3879 1280 3883 ’

729 3957 809 4025 Quod
835 3959 954 4028 omnium
978 3975 1103 4029 generum
1130 3957 1230 4010 surculi

730 4036 853 4089 omnibus
867 4037 1009 4090 arboribus
1020 4037 1100 4088 inseri
1112 4039 1228 4105 possint,

730 4117 794 4170 licet
804 4115 946 4170 rideantur
959 4118 1041 4188 prisci
1053 4133 1166 4188 negare,
1184 4115 1231 4168 ad·
