2970 4714
241 320 283 389 86
606 309 917 390 PROOEMIUM

238 463 323 531 opus
335 455 394 518 est,
406 459 509 529 quum
518 456 572 500 eas
582 432 710 503 dudum
717 434 951 522 exposueritis
963 431 1114 503 refellere
1121 431 1289 506 studuerit

238 545 447 622 doctissimus
455 541 707 634 praesul,Justus
714 541 919 606 Fontaninus
927 540 960 605 in
970 540 1053 609 Hist.
1060 538 1287 629 Litodquilei.

237 678 270 744 p.
283 653 335 719 35.
347 650 474 718 Eodem
483 650 559 715 loco
567 671 685 737 magne
693 645 891 737 cumjudicii
901 646 1080 714 subtilitate
1089 644 1289 721 aodoctrino

237 761 288 824 vir
306 757 513 826 doctissimus
535 778 575 824 ex
593 753 722 844 Virgilii
743 754 812 820 Ecl.
833 756 893 834 Vl,
916 757 957 842 74
977 776 1049 843 sqq.
1069 775 1186 826 serum
1202 750 1289 826 Ciris

236 881 407 932 auctorem
426 863 550 930 eruisse
568 862 658 928 visus
680 878 744 940 est,
764 877 816 941 ut,
839 858 930 950 quod
949 860 1100 932 Gilsnius
1117 857 1187 950 jem
1206 856 1288 924 olim

238 973 421 1060 suspicatus
436 986 519 1048 erat,
532 967 666 1044 Berthio
675 990 753 1032 mox
762 965 939 1056 probante,
955 967 983 1031 is
994 961 1116 1037 Gallus
1124 966 1180 1044 sit,
1193 963 1289 1052 cujus

238 1078 381 1144 carmina
396 1077 459 1164 illis
473 1075 622 1162 versibus
636 1074 780 1163 attigerit
793 1088 891 1162 poeta
905 1071 1014 1182 plura,
1030 1072 1204 1160 interque
1219 1067 1288 1134 duo

238 1184 384 1272 fuerint:
404 1185 558 1268 alterum,
576 1179 669 1272 quod
685 1204 775 1248 nunc
794 1178 970 1257 hebemus,
988 1178 1087 1260 Ciris,
1108 1176 1150 1243 de
1166 1175 1286 1266 Scylla,

239 1292 309 1357 Nisi
326 1291 366 1372 f.,
389 1293 424 1356 in
442 1291 526 1359 cirin
546 1305 686 1369 mutata,
710 1288 851 1364 alterum
869 1285 912 1365 de
930 1287 1050 1377 Soylle,
1068 1283 1186 1360 Phorci
1201 1281 1287 1356 filis:

244 1394 337 1484 Quid
351 1397 484 1488 loqw,
501 1410 562 1462 aut
574 1390 724 1482 Scyllam
738 1393 817 1460 Nisi
822 1395 839 1457 ?
858 1409 919 1461 aut
929 1417 1031 1484 quam
1039 1392 1139 1476 firma
1154 1403 1291 1480 sequuta

240 1519 290 1568 est
301 1499 457 1568 Candido
471 1503 670 1566 succinctam
682 1497 878 1566 lavantibus
890 1501 1025 1588 inguina
1035 1499 1183 1570 oronsni’s
1196 1495 1291 1568 Duli-

240 1608 333 1698 chius
345 1629 491 1672 vexasse
504 1619 612 1690 taces,
621 1620 654 1670 eo
662 1607 789 1695 gurgite
804 1609 838 1669 in
851 1606 921 1682 alto
930 1602 1013 1676 Ab!
1031 1601 1160 1676 o'midos
1171 1615 1292 1670 nautas

239 1711 377 1794 cambus
392 1713 556 1776 lacerasse
573 1711 732 1774 marinis?
752 1712 827 1792 Non
844 1707 1016 1800 equidem,
1037 1725 1197 1798 tanquam¹
1214 1706 1292 1772 setis

241 1815 362 1895 velida,
377 1831 571 1903 arguments
586 1816 696 1880 omnio
710 1814 904 1903 amplectar,
925 1837 999 1904 quae
1017 1815 1074 1880 ille
1087 1814 1216 1894 attinio
1229 1834 1293 1878 nec

241 1940 352 1999 tamen
379 1921 558 2010 quicquam
582 1920 760 2010 ingeniosae
786 1919 985 2010 conjecturae
1008 1920 1140 1994 obsmre
1162 1918 1291 1992 video:

241 2029 397 2102 convenit
414 2029 504 2093 enim
522 2045 600 2096 aetas
618 2028 703 2094 Galli
722 2051 760 2106 ac
778 2028 942 2109 Messalam
963 2029 1031 2100 nisi
1044 2027 1136 2119 quod
1156 2025 1292 2094 difficile

242 2154 292 2204 est
308 2135 350 2224 sd
367 2135 633 2225 intelligendum,
655 2159 723 2225 quo
739 2157 817 2213 cum
833 2136 963 2226 pudore
978 2153 1027 2210 tot
1041 2161 1083 2206 ex
1095 2137 1163 2208 Cin'.
1177 2156 1292 2204 versus

241 2243 402 2334 Virgilius
410 2243 445 2308 in
459 2265 519 2308 sus
532 2242 690 2324 carmina,
705 2259 815 2324 entes
828 2241 880 2317 his
896 2243 1009 2310 Gallus
1022 2245 1056 2313 io
1069 2243 1175 2322 Cirin,
1190 2240 1293 2329 adop*

243 2369 312 2418 tere
331 2351 486 2442 potuerit,
508 2352 604 2432 Nam,
626 2349 717 2440 quod
733 2349 865 2428 Gallum
880 2351 1053 2441 Epicureae
1068 2347 1292 2440 philosophice

243 2480 379 2547 opernm
391 2455 522 2522 dedisse
534 2479 623 2522 nuno
635 2457 839 2544 ignoramus,
853 2458 975 2533 morari
985 2473 1096 2546 potest
1107 2457 1291 2534 neminem,

162 2551 163 2556 ἵ
244 2564 325 2654 quin
346 2563 543 2628 essentiatur
560 2561 693 2650 praesuli
712 2561 916 2650 dignissimo.
941 2563 1098 2652 Superest
1118 2562 1232 2650 igitur,
1256 2575 1293 2624 ut

245 2688 360 2750 versus
374 2665 448 2740 illos
462 2667 586 2736 seriore
601 2681 695 2746 aetnte
713 2666 756 2744 ab
773 2667 1018 2757 interpolatrice
1036 2690 1137 2738 meno
1152 2667 1186 2732 in
1202 2666 1294 2734 Cirin

245 2772 386 2861 insertos
398 2792 473 2854 esse
485 2769 651 2852 dicemus:
668 2770 759 2862 quod
772 2794 834 2840 nec
846 2772 1064 2862 improbabile
1078 2772 1125 2846 fis.

286 2877 351 2961 Qui
369 2875 537 2956 Catullum
550 2897 612 2965 pro
627 2894 763 2956 auctore
777 2879 1089 2950 carminishobuere
1100 2878 1154 2963 (in
1170 2874 1294 2967 quibus

244 2983 383 3074 Eglinus
392 2983 469 3064 fuit,
483 2983 577 3072 cujus
591 2977 850 3063 Vindicioe'Cins
861 2984 1062 3059 Catullinum
1073 2987 1182 3068 sunt),
1194 3005 1294 3072 quan·

244 3075 428 3183 doquidem
447 3113 525 3163 cum
548 3091 770 3182 Epithalamio
790 3091 943 3160 Thetidis
966 3110 1001 3160 es
1023 3089 1293 3160 Pelei'nonnulln

243 3221 340 3290 posse
348 3199 531 3289 comparari
539 3197 713 3281 videbant,
726 3221 794 3288 non
804 3198 1120 3280 animadverterunt,
1131 3198 1292 3279 Messala

243 3307 296 3370 cui
309 3306 465 3394 inscripto
480 3321 530 3370 est
542 3306 640 3387 Giris,
657 3323 752 3373 aemte
764 3327 800 3372 se
812 3306 919 3372 refelli
931 3330 939 3371 ι
952 3330 1029 3372 nam
1041 3307 1068 3372 is
1081 3326 1205 3395 peuoos
1216 3319 1293 3372 ante

243 3410 362 3476 Catulli
377 3410 505 3496 obitum
518 3434 623 3480 annos
638 3430 734 3480 nesus
749 3431 808 3480 est.
824 3413 889 3487 Sed
906 3431 943 3490 eo
954 3413 1027 3483 haec
1042 3429 1194 3480 accurato
1208 3429 1292 3477 trec·

243 3516 323 3582 tavit
338 3516 542 3582 Fontaninus
557 3516 578 3582 l.
598 3540 626 3585 c.
647 3513 719 3609 pig.
739 3520 796 3600 33,
818 3521 869 3588 36.
889 3522 965 3603 Quo
979 3508 1175 3607 argomento
1193 3515 1295 3584 Vale·

242 3625 328 3689 rium
335 3617 494 3686 Catonem
501 3623 583 3688 Ciris
590 3641 759 3706 auctorem
767 3624 910 3691 ediderit
917 3623 1049 3690 Delrius
1060 3625 1095 3692 iu
1105 3627 1292 3694 Commeat.

242 3727 284 3794 ed
299 3726 472 3806 Senecam,
486 3748 526 3790 ex
538 3727 609 3816 ejus
620 3727 729 3796 verbis
742 3731 880 3820 intelligi
894 3731 1019 3820 nequit.
1032 3729 1131 3814 Quod
1142 3732 1169 3796 si
1182 3747 1292 3796 temen

243 3829 419 3922 Virgilium
428 3846 598 3898 auctorem
606 3833 689 3902 Ciris
699 3833 856 3926 adoptare
866 3857 942 3902 cum
950 3835 1116 3924 scaligero
1127 3853 1161 3902 et
1169 3835 1294 3922 eliis(r)

279 4023 318 4096 (¹)
338 4023 432 4096 Nuper
447 4037 554 4095 quoqne
572 4024 614 4077 Jo.
627 4021 789 4080 Schredcrns
802 4025 941 4082 mendas.
966 4045 989 4080 c.
1011 4024 1027 4078 3
1048 4041 1109 4097 peq-
1130 4022 1160 4076 31
1180 4021 1291 4096 Virgilio
