2998 4670
269 370 332 450 542
593 373 975 443 COMMENTARIA

308 493 684 577 nonantulanos,
703 495 883 578 de-quibus,
901 503 958 576 ait,
978 500 1032 562 ubi
1044 523 1192 586 equarum
1208 509 1305 572 odore

269 600 455 668 tanguntur,
469 605 524 644 cor
532 597 666 644 tremore
676 585 812 664 quodam
827 591 1005 668 pertentari.
1018 593 1086 652 Hoc
1097 595 1306 658 verbo‘innuit

267 674 493 746 blandientem,
510 685 541 731 et
560 669 736 730 titillantem
754 693 903 736 amorem.
920 676 977 737 Sed
994 699 1063 758 quae
1082 679 1188 742 furiae?
1205 683 1305 745 Nullis

267 763 387 834 fraenis,
409 758 603 832 verberibus,
625 758 762 839 scopulis
784 762 970 835 retinentum
992 765 1087 826 nullis
1108 769 1305 847 fluminibus,

267 851 409 931 quamvis
423 846 489 907 haec
500 849 542 906 ita
555 867 682 928 magna,
696 862 733 906 ut
747 848 829 928 ipsos
840 848 937 911 veluti
952 869 1075 915 montes
1087 856 1262 940 abripiant,
1273 872 1306 920 ct

264 951 431 1023 torqueant
441 935 596 996 undarum
612 934 722 1017 globis.

306 1028 373 1088 255.
393 1023 516 1084 ludicat
532 1025 594 1084 vim
618 1022 759 1083 eamdem
779 1025 812 1084 in
831 1043 909 1106 apto
927 1027 1092 1106 Sabellico,
1117 1033 1186 1112 qni,
1207 1053 1305 1114 quum

266 1129 365 1190 amat,
377 1127 540 1195 comparat
553 1133 585 1172 se
595 1111 634 1171 ad
645 1117 817 1188 certamen,
832 1114 937 1176 rivalis
949 1130 1043 1178 metu.
1059 1122 1233 1202 Apparatus
1246 1123 1305 1182 iste

265 1205 304 1266 ad
320 1225 459 1288 pugnarn
475 1200 589 1284 duplex
607 1215 664 1277 est3
680 1223 755 1261 nam
771 1215 801 1262 et
816 1202 922 1264 dentes
936 1209 1036 1286 acuit:
1055 1207 1167 1270 deinde
1185 1231 1219 1270 ex
1237 1209 1303 1272 luto

265 1291 349 1376 quod
362 1294 429 1373 ipse
441 1289 574 1372 pedibus
587 1290 799 1352 conculcando
811 1292 942 1374 subigit,
956 1309 1058 1376 tergus
1073 1317 1180 1372 omne,
1195 1312 1225 1358 et
1238 1318 1303 1358 cos·

262 1394 309 1442 tas
324 1383 439 1464 operit,
457 1401 534 1460 quas
553 1379 592 1440 ad
612 1380 737 1442 arbores
752 1379 917 1459 confricat,
934 1399 968 1444 ut
983 1387 1026 1446 sic
1041 1385 1137 1447 veluti
1153 1386 1303 1449 loricatus

263 1467 303 1528 ad
316 1489 454 1550 pugnam
467 1467 631 1548 procedat,
644 1467 798 1529 induratis
811 1467 880 1530 luto
892 1469 1031 1532 humeris
1043 1476 1130 1534 omni
1141 1495 1176 1534 ex
1187 1487 1284 1556 parte.

302 1558 368 1618 258.
384 1561 430 1618 Ex
443 1554 626 1618 hominibus
641 1558 816 1618 Leandrum
831 1563 976 1637 assumit,
995 1562 1085 1642 cujus
1100 1583 1188 1624 amor
1202 1567 1302 1626 notis·

261 1693 318 1748 mal
335 1694 563 1766 deformissimum,
580 1695 757 1748 tristissimum.
795 1697 867 1768 jecta
884 1697 1021 1748 retardant.
1038 1694 1081 1746 Ad
1096 1694 1163 1748 illud
1180 1697 1307 1766 superius

260 1774 339 1827 Ovid.
349 1775 428 1825 Trist.
439 1776 489 1838 ΙΙΙ,
503 1773 518 1825 5
528 1795 535 1835 ;
547 1783 630 1846 turpes
640 1777 699 1827 ursi.
710 1777 759 1826 De·
775 1783 778 1792 '
803 1777 926 1846 respicit:
940 1777 1002 1828 Post
1012 1785 1125 1826 montem
1140 1775 1300 1846 oppositum,
1353 1777 1357 1786 '

260 1873 333 1906 muru
351 1855 435 1906 Graeci
456 1853 491 1904 ad
512 1854 640 1920 verbum,
660 1857 757 1924 ἄρκτοι,
802 1856 1026 1932 ettransflumina
1038 1854 1100 1906 lata.
1114 1853 1186 1906 Serv.

259 1931 375 2002 inspuit:
389 1933 441 1984 ursi
451 1933 582 2003 infames.
840 1933 898 1986 2⁵5.
915 1934 1055 1986 Sabellicus
1073 1934 1175 1985 exacuit
1188 1952 1237 1986 sus.
1257 1935 1303 1994 Sa·

297 2013 355 2065 250.
370 2014 465 2079 Nonne
483 2012 559 2064 uides.
581 2013 630 2064 llic
650 2029 757 2064 exorsus
802 2013 898 2065 binus:
916 2025 942 2064 et
958 2026 998 2065 est
1014 2015 1116 2083 species
1133 2031 1182 2084 pro
1195 2033 1300 2085 genere.

262 2093 386 2144 carminis
399 2090 540 2160 aliquoties
559 2090 660 2161 placuit
672 2092 758 2163 Virgi-
802 2091 873 2144 Dicit
895 2104 982 2144 autem
1005 2109 1079 2144 suem
1103 2089 1300 2158 domesticum,

259 2169 297 2223 tio
318 2169 352 2223 ad
373 2171 546 2224 imitationem
564 2172 695 2237 Lucretii,
714 2173 758 2224 cui
803 2185 881 2244 quem
903 2174 1018 2225 cicurcrn
1039 2183 1162 2224 vocant:
1183 2189 1246 2222 nam
1267 2170 1301 2224 de

260 2252 411 2324 sepissime.
424 2281 459 2290 -
469 2249 575 2304 Plautus
587 2250 671 2304 multa
685 2250 756 2304 exhi-
802 2255 873 2324 apris
886 2271 967 2323 supra
977 2254 1030 2318 ait,
1045 2253 1120 2304 Tunc
1132 2267 1211 2302 soeuus
1222 2269 1300 2324 aper.-

258 2333 305 2386 bet
321 2331 442 2402 exempla
457 2330 535 2402 hujus
552 2333 757 2384 constructionis
801 2331 854 2386 hoc
865 2335 935 2386 enim
948 2331 1005 2384 vult
1023 2331 1154 2403 probare,
1174 2349 1228 2382 non
1243 2343 1303 2385 tan-

237 2425 239 2431 ’
259 2413 332 2484 apud
348 2413 453 2464 Graecos
467 2415 578 2464 usitatae.
595 2411 621 2462 Si
637 2430 701 2464 vero
718 2430 759 2466 se-
803 2424 858 2463 tum
868 2415 953 2480 feras,
963 2411 1010 2463 sed
1020 2424 1046 2463 et
1056 2423 1194 2462 mansueta
1204 2411 1302 2462 anima·

260 2505 384 2565 quantem
397 2491 507 2563 phrasin
515 2511 530 2544 a
538 2492 669 2563 particula
681 2502 759 2544 utse·
802 2492 839 2544 lia
850 2511 940 2546 amore
952 2493 980 2544 in
989 2491 1108 2544 furorem
1115 2491 1225 2544 moveri.
1231 2491 1300 2542 Seru.

258 2575 389 2638 creveris,
406 2574 517 2624 multum
533 2573 639 2626 roboris
656 2574 759 2626 amittet
802 2571 1006 2636 -Sabelli,vel
1018 2570 1160 2634 Samnites,
1174 2587 1228 2620 non
1241 2587 1302 2620 cum

261 2671 361 2705 seusus.
383 2653 414 2706 V.
430 2654 461 2704 G.
472 2681 506 2694 -
518 2653 584 2704 Tota
600 2663 758 2723 tremorper-
801 2649 906 2704 Sabinis
916 2649 1234 2704 confundendishisuum
1243 2667 1302 2720 gre-

260 2743 339 2784 tentet
362 2749 485 2803 equorum
504 2732 622 2802 Corpora.
642 2729 756 2801 signatis
801 2748 847 2802 ges
859 2731 893 2782 ad
907 2732 1094 2800 Apenninum,
1110 2730 1138 2781 in
1154 2728 1301 2800 Campania

259 2809 426 2863 sermonibus
443 2811 542 2873 utitur,
561 2808 593 2860 ad
612 2811 666 2859 vim
682 2827 758 2878 exag-
800 2809 955 2880 pascebant.
970 2809 1001 2862 V.
1014 2811 1047 2860 G.

257 2887 416 2963 gerundam
430 2888 520 2940 dicens
533 2900 559 2940 et
571 2898 624 2938 tota
635 2905 755 2959 corpora,
837 2887 895 2940 256.
909 2885 1059 2958 Prosubiqit.
1074 2884 1168 2951 Fodit,
1185 2898 1212 2940 et
1228 2886 1302 2958 pedi-

258 2983 285 3022 et
294 2979 432 3041 pertentet,
450 2969 553 3039 penitius
567 2977 660 3028 tentet,·
673 2985 755 3036 quum
799 2966 851 3019 bus
858 2965 970 3037 impellit
979 2965 1104 3018 alternis:
1115 2965 1190 3038 quod
1199 2986 1302 3040 pugna-

258 3048 330 3101 dlcat
345 3049 431 3102 levem
447 3046 558 3100 odorem
574 3063 711 3116 equarum.
727 3049 754 3098 S.
800 3047 853 3098 turi
865 3061 924 3097 sues
940 3046 1030 3098 facere
1042 3060 1254 3112 consueverunt,
1266 3046 1301 3100 ad

257 3129 456 3192 -Pestentare,
464 3139 613 3198 penetrare,
621 3126 756 3178 Lucretia·
801 3123 995 3196 acquirendum
1012 3125 1117 3178 robur:
1134 3124 1206 3178 unde
1221 3128 1301 3179 etiam

257 3229 293 3262 na
305 3208 420 3272 locutio,
433 3209 485 3273 Vl,
503 3207 571 3260 286:
584 3205 650 3257 Inde
664 3217 758 3258 tremor
801 3203 885 3257 latera
902 3217 927 3257 et
948 3217 1036 3256 costas
1055 3217 1186 3269 terentes,
1204 3206 1301 3259 durant

257 3301 335 3342 tenus
344 3288 457 3361 praviter
466 3296 611 3358 pertentat:
622 3297 648 3338 et
660 3285 718 3336 AEn.
729 3285 756 3352 1,
802 3303 834 3337 ea
843 3286 870 3336 in
882 3285 973 3337 futura
984 3286 1138 3338 cortamina.
1148 3286 1217 3338 Seru.

258 3369 307 3422 502
317 3390 324 3431 ς
335 3371 382 3439 qui
391 3369 465 3420 locus
479 3366 512 3420 ab
527 3365 715 3437 interpretibus
730 3377 757 3418 et
838 3363 897 3435 ²57·
912 3364 984 3416 Hinc
994 3373 1072 3436 atqua
1083 3361 1166 3416 illinc.
1179 3363 1238 3416 ΕΜ
1250 3382 1300 3435 pe-

256 3449 434 3519 grammatiois
448 3446 555 3516 quidem
566 3446 692 3516 antiquis,
702 3464 756 3498 ma-
800 3442 863 3495 dum
875 3455 966 3508 motu,
979 3455 1005 3494 et
1019 3441 1054 3494 ab
1067 3443 1202 3494 attritione
1214 3455 1300 3496 costa·

256 3525 281 3578 lc
291 3525 455 3598 intelligitur.
470 3526 501 3578 V.
513 3527 544 3577 G.
798 3541 866 3576 rnrn.
881 3525 950 3578 Seru·
965 3551 1000 3562 -
1014 3523 1141 3575 Humerus
1157 3522 1240 3574 durat.
1256 3523 1298 3576 Sic

294 3603 352 3656 251.
374 3607 457 3658 Notas
476 3604 540 3654 odor
558 3601 648 3654 attulit
668 3620 752 3656 auras.
798 3601 1186 3674 Lucrst.lib.V:Atqueopere
1197 3603 1225 3654 in
1234 3601 1298 3656 duro

256 3681 403 3754 llypallage
417 3693 473 3744 est,
487 3699 536 3751 pro
554 3699 624 3732 surse
643 3679 753 3733 odorem
797 3681 921 3736 duram
941 3683 1068 3748 membra,
1091 3701 1240 3756 mentoque.
1262 3683 1298 3734 Ut

257 3759 458 3834 apportaverint
468 3771 570 3810 notum.
578 3760 647 3813 Seru.
658 3761 754 3812 -Nn
799 3775 886 3814 autem
901 3761 945 3814 hic
955 3761 1020 3833 pede
1031 3763 1173 3836 pmsubipt't
1186 3774 1279 3816 tenum
1286 3799 1296 3827 ,

256 3837 754 3910 tasauras.Notosensturslibnseqna·
797 3840 928 3894 Hesiodus
942 3838 1117 3908 asaalpaaipn.

254 3939 313 3974 rum
323 3919 431 3985 halitus,
443 3919 528 3970 vano
537 3920 578 3986 ll,
592 3935 623 3989 7;
636 3918 693 3972 Col.
704 3921 752 3988 Vl,
832 3921 892 3976 258.
908 3921 977 3991 Quid
983 3921 1097 3993 juvenis.
1110 3921 1152 3972 Ne
1168 3921 1237 3972 lorte
1252 3939 1295 3972 oc-

256 4017 297 4072 27.
315 3999 422 4054 Taultm.
796 4016 930 4066 curreret,
948 4000 994 4054 illa
1010 3999 1134 4054 animalia
1147 4019 1236 4054 carere
1250 4019 1296 4052 rs-

290 4079 350 4134 253.
364 4081 497 4153 liupesque
515 4097 598 4148 muoe,
617 4090 694 4152 atque
709 4081 753 4134 ab·
796 4083 882 4146 tione3
895 4081 959 4136 dicit
968 4083 1048 4134 etiarn
1056 4080 1165 4152 gratius
1174 4079 1295 4132 homines
