2998 4670
264 368 327 456 572
589 363 969 432 COMMENTARIA

261 490 405 570 Phyllirae
419 489 585 572 Nympbae3
603 487 704 571 qualis
718 486 892 570 Melampus
906 485 989 547 lilius
1005 485 1225 571 Amythaonis3
1244 491 1299 553 sed

260 579 411 640 cedebant
424 600 546 653 omnes,
562 581 651 660 quasi
667 576 793 638 inutiles
807 590 895 638 tanto
911 575 1005 636 malo.

302 669 368 729 551.
390 668 473 745 Quid
496 669 612 727 mirum
633 668 660 726 si
681 664 760 740 nibil
780 679 861 726 artes
883 665 1077 746 prodessent,
1098 688 1195 748 quum
1213 667 1299 742 luem

261 755 353 815 istam
374 757 542 840 Tisiphone
562 777 625 816 una
644 754 799 815 furiarum
819 775 856 814 ex
873 753 996 814 inferno
1016 754 1209 833 adduxisset,
1230 777 1300 838 quae

260 857 332 903 ante
346 865 377 905 se
389 845 513 905 morbos
528 847 605 925 agit,
625 857 758 918 metum,
780 857 811 903 et
822 843 974 926 quicquid
986 857 1030 904 est
1042 843 1203 906 horribile.
1223 845 1300 906 Inde

258 929 414 993 balatibus
435 936 556 1010 orium,
580 931 753 1014 mugitibus
776 946 940 993 taurorum
960 934 1036 1014 ripoe
1058 947 1089 993 et
1111 933 1300 994 colisseum

260 1039 375 1100 magno
385 1021 491 1082 dolore
501 1018 691 1082 resonabant
702 1045 709 1080 ε
723 1020 848 1080 demum
859 1021 917 1096 ait,
928 1022 1028 1102 ipsam
1037 1019 1230 1103 Tisipbonen
1244 1020 1298 1081 de·

260 1106 338 1166 disse
352 1109 510 1190 ingentem
522 1124 672 1191 stragem,
685 1129 841 1190 aggerasse
851 1109 971 1190 magnis
980 1107 1112 1168 cumulis
1124 1111 1158 1168 in
1168 1108 1301 1170 stabulis

258 1194 443 1257 animalium
456 1198 619 1272 cadavera,
634 1219 703 1278 quas
715 1217 779 1277 prae
791 1198 890 1272 sanie,
904 1209 934 1257 et
945 1196 1018 1256 tabo
1030 1194 1192 1256 cadebant.

298 1281 365 1342 558.
384 1285 449 1358 Ait,
470 1298 536 1345 tum
552 1287 692 1366 primum
707 1286 871 1344 inventum
885 1283 1014 1364 sepelire
1025 1282 1123 1344 humo
1135 1283 1299 1358 animalia,

259 1391 299 1430 ne
310 1373 403 1451 pestis
417 1372 602 1434 cadaverum
617 1374 711 1436 latius
726 1389 879 1456 serperet:
897 1394 971 1433 nam
984 1375 1070 1434 coria
1082 1371 1199 1432 nullius
1211 1384 1300 1432 erant

258 1479 346 1535 usus,
365 1483 462 1541 quum
483 1464 601 1524 malum
621 1463 704 1544 quod
722 1465 755 1521 in
773 1461 942 1522 visceribus
958 1460 1105 1536 baeserat,
1124 1474 1154 1520 et
1173 1458 1246 1520 inde
1266 1461 1301 1519 iu

258 1547 328 1628 ipsa
344 1551 430 1609 coria
442 1554 618 1626 transierat,
629 1551 717 1612 nulla
729 1553 849 1612 ratione
860 1563 969 1632 posset
979 1550 1114 1623 aboleri,
1126 1568 1191 1608 non
1203 1567 1300 1629 aqua,

258 1653 323 1692 non
337 1636 422 1716 igne,
437 1659 502 1698 non
516 1653 654 1700 tonsura.
669 1641 778 1720 ltaque
791 1659 854 1698 non
867 1637 1025 1698 audebant
1034 1638 1183 1716 attingere
1194 1647 1300 1716 putres

258 1720 350 1796 telas,
363 1727 466 1806 putria
475 1726 588 1788 vellera
599 1752 606 1787 ε
619 1731 645 1788 si
656 1731 724 1810 quis
735 1726 922 1808 attingebat,
934 1723 1179 1809 perfundebatur
1190 1723 1296 1782 statim

257 1870 322 1904 sava
334 1857 461 1911 medentes
471 1860 594 1931 Erumpit
602 1862 700 1926 clades,
714 1862 757 1912 ab·
803 1874 891 1931 coepta
903 1860 1008 1912 humari
1022 1857 1152 1911 cadavera
1165 1857 1299 1919 ferarum,

256 1943 366 2004 suntque
391 1938 534 1990 auctoribus
562 1950 635 1990 artes.
659 1939 754 1991 Silius:
801 1939 1021 2010 quodnunquurn
1036 1939 1110 2010 prius
1124 1935 1299 1986 inusuver-

256 2013 404 2066 Succumbit
416 2015 543 2067 medisina
555 2017 638 2070 malis.
800 2017 849 2082 ba,
864 2017 960 2087 quibus
974 2017 1071 2068 Noster
1082 2015 1243 2066 locutionem
1254 2029 1303 2064 va·

294 2089 353 2142 552.
362 2091 466 2144 Pallida
481 2095 625 2165 Tisiphone.
640 2097 755 2168 Tisiplsu-
800 2097 864 2160 riat,
873 2109 934 2147 sunt
944 2097 1012 2148 ista:
1027 2117 1038 2141 s
1049 2092 1178 2158 condere,
1191 2091 1303 2144 mande·

255 2186 315 2219 ueris
327 2167 387 2234 bie,
400 2188 454 2223 non
466 2189 546 2224 unam
558 2176 696 2228 Furiarum
709 2175 754 2228 de·
804 2199 816 2223 ι
825 2193 868 2240 re,
876 2174 1012 2240 infodere,
1020 2174 1133 2236 referre,
1142 2170 1301 2236 concedere,

256 2247 350 2301 bemus
362 2252 553 2322 accipere,sed
561 2255 753 2325 pestilentiam,
805 2271 938 2307 «onerare
963 2265 1038 2304 terrae
1058 2269 1185 2324 aggere·
1211 2247 1298 2300 Cerdo.

258 2330 302 2380 cui
314 2329 449 2402 eleganter
457 2333 595 2387 Poetaboc
605 2355 703 2389 nomen
713 2336 758 2388 de·
800 2365 835 2376 -
842 2335 930 2386 Foveis
940 2355 947 2383 :
959 2334 1038 2386 lorea
1049 2330 1160 2403 proprio
1170 2346 1250 2382 sensu
1260 2341 1300 2380 est

257 2406 306 2460 dit.
318 2409 435 2486 Plrilarp.
450 2444 485 2452 -
499 2415 562 2488 Apit
577 2427 645 2468 ante.
657 2417 688 2469 ld
700 2430 755 2485 est,
801 2415 888 2480 lassa,
902 2432 956 2486 qua
968 2415 1110 2486 capiuntur
1119 2411 1196 2462 feru:
1209 2407 1255 2461 sed
1265 2407 1302 2460 de

258 2501 319 2542 ante
331 2506 371 2541 se..
381 2492 422 2543 Id.
431 2523 465 2533 -
473 2494 565 2546 Malim
575 2494 608 2547 de
621 2498 680 2567 ipsa
691 2497 757 2549 Tisi·
802 2513 969 2567 quacumque
981 2491 1159 2567 profundiore
1173 2492 1247 2542 fossa
1260 2487 1301 2538 di·

256 2567 343 2638 pbone
354 2572 517 2644 intelligere,
528 2575 571 2625 eui
585 2577 680 2647 pestis,
696 2589 756 2628 tan-
800 2577 825 2626 ci
843 2588 947 2648 potest;
967 2571 1108 2645 profundis
1132 2571 1201 2622 enim
1222 2569 1299 2621 fossis

257 2665 336 2716 quarn
349 2650 469 2702 ministra
478 2653 585 2716 mortis,
595 2654 753 2716 famulatum
801 2671 867 2722 opus
879 2666 952 2720 erat,
965 2666 1022 2705 tum
1033 2653 1069 2704 ob
1081 2650 1241 2703 cadaverum
1254 2665 1301 2700 co·

256 2725 374 2777 nantilla
386 2727 502 2780 caedibus
514 2729 629 2802 gaudet,
644 2732 757 2786 cadave-
799 2736 888 2805 piam,
904 2745 961 2784 tum
977 2732 1012 2782 ob
1026 2732 1095 2783 aeris
1109 2728 1297 2800 pestilentiam.

255 2806 330 2857 ribus
341 2808 475 2876 pascitur,
493 2822 519 2860 et
533 2809 567 2860 ab
579 2811 638 2860 imis
651 2811 756 2863 Tartari
799 2811 889 2864 Lectio
891 2810 982 2881 fassis,
994 2826 1073 2879 quam
1083 2807 1182 2858 Pierius
1192 2818 1218 2856 et
1228 2805 1299 2855 Mar·

256 2885 376 2936 cavernis
390 2887 523 2956 erumpit,
537 2900 567 2936 ut
581 2900 695 2959 stragem
705 2906 755 2941 su·
799 2901 844 2962 tyn
857 2892 997 2953 invenere,
1009 2887 1125 2958 glossam
1139 2883 1210 2950 olet,
1222 2897 1249 2936 et
1261 2885 1299 2935 si-

254 2977 332 3036 geat,
345 2977 371 3016 et
384 2983 481 3016 novam
493 2963 564 3017 malo
575 2967 690 3019 sevienti
701 2970 755 3020 rim
798 2968 854 3020 bilo
867 2965 988 3038 quodam
1003 2983 1108 3017 versum
1123 2965 1298 3016 contaminat.

255 3043 372 3113 adjiciat.
834 3045 894 3116 559.
905 3047 975 3098 Nam
986 3062 1068 3116 neque
1081 3053 1136 3094 erat
1146 3043 1220 3094 coriis
1231 3061 1297 3094 usus.

298 3121 357 3176 555.
383 3124 540 3198 Arentesque
562 3135 657 3178 sonant
682 3125 752 3197 ripoe.
798 3127 906 3199 Quippe
917 3125 1012 3178 morbo
1024 3124 1299 3196 putrefactis-Nm

253 3202 318 3254 Vult
333 3204 512 3274 pestilentiam
527 3207 606 3258 etiam
622 3204 754 3265 elementa
798 3205 1034 3278 visceraquisquam
1045 3203 1101 3255 Aut
1111 3202 1187 3253 undis
1200 3200 1299 3252 abolere

255 3285 368 3337 sentires
381 3287 419 3337 sic
432 3287 459 3338 in
470 3289 565 3339 tertio:
574 3286 687 3338 Arebaut
701 3286 755 3337 lter-
797 3295 886 3360 potest.
900 3285 957 3336 Nee
970 3282 1071 3348 lavari,
1088 3301 1137 3334 uec
1154 3281 1233 3351 coqui
1249 3297 1300 3350 po-

254 3363 306 3428 boe,
325 3376 351 3415 et
364 3367 459 3417 uictum
473 3385 539 3440 sepes
555 3385 622 3439 aym
636 3367 753 3440 uepabat.
799 3377 894 3418 terant.
904 3364 972 3416 Caro
983 3359 1298 3432 enimeorruptsmorbo,

254 3443 567 3517 Namseqetemproterm
578 3449 753 3518 posuitServ.
800 3443 943 3515 quemdam
965 3441 1049 3494 habet
1073 3459 1227 3504 mucorem,
1252 3440 1298 3510 qui

253 3520 690 3595 *collesquesupiaiGraecorum
700 3543 755 3576 mo-
800 3540 855 3573 uon
868 3520 941 3573 ablui
954 3531 1060 3592 potest;
1076 3519 1202 3589 quoniam
1220 3535 1298 3569 omno

254 3615 298 3661 re,
312 3601 356 3667 qui
365 3601 443 3652 asilu
456 3601 545 3653 imici.
561 3604 648 3653 Cerdo.
799 3602 919 3674 possidet
931 3617 1029 3671 corpus
1042 3622 1048 3652 :
1063 3601 1125 3652 item
1140 3599 1194 3670 igni
1208 3615 1299 3669 super·

292 3675 351 3745 557.
365 3677 473 3750 Dilapsa
484 3699 508 3731 c.
520 3681 585 3732 tabo.
600 3679 755 3734 Diffluenua
800 3684 905 3753 posita,
918 3692 963 3732 aut
975 3677 1099 3750 putrefit,
1112 3691 1158 3730 aut
1168 3677 1297 3738 durescit;

255 3757 343 3818 sanie;
355 3775 453 3827 supra,
468 3759 554 3810 morbo
568 3758 688 3829 collapsa.
704 3759 756 3811 Lu·
800 3779 864 3814 nam
881 3778 936 3813 nou
953 3760 1086 3831 coquitur.
1103 3761 1172 3811 Seru.
1189 3755 1257 3808 Vide
1275 3755 1300 3810 lt

257 3854 338 3888 canus
351 3857 357 3886 r
369 3835 509 3908 «Corpora
516 3850 570 3888 tam
578 3836 656 3888 solvit
664 3837 755 3904 tabes,
791 3841 904 3914 joumal
915 3841 947 3893 de
958 3842 1088 3905 Trdvoux,
1104 3837 1298 3909 1756‚tom.11.

254 3927 281 3969 et
292 3917 388 3990 digerit
401 3931 484 3970 artus.
496 3917 602 3968 Taubm.
833 3921 893 3973 562.
916 3920 990 3972 Telas
1008 3920 1100 3991 putris.
1119 3920 1180 3988 lpss
1198 3915 1298 3972 vellera

289 3996 348 4052 ⁵58.
361 3999 449 4051 Donec
459 3998 538 4049 lsumo
548 4007 635 4069 tepere.
648 3997 750 4052 ludicat
794 3999 918 4074 putrida3
931 3999 983 4051 ω’
996 3995 1144 4064 iremys'r,
1155 3995 1251 4067 quibus
1262 4007 1300 4045 ts·

253 4076 326 4150 virg.
346 4079 374 4130 in
394 4078 446 4132 bac
469 4095 518 4132 sua
538 4091 613 4152 peste
635 4080 749 4151 primunr
794 4080 826 4134 1ae
840 4078 1063 4140 conficiebantur3
1076 4076 1122 4132 sed
1133 4087 1223 4148 putres
1231 4091 1301 4126 mor·
