2964 4690
358 389 410 454 lN
434 385 825 454 GEORGICORUM
851 389 943 454 [ΑΒ.
969 392 994 455 Ι.
1137 391 1199 480 347

152 533 289 596 qnorum
303 535 397 596 opere
413 514 585 574 necessaria
601 524 647 572 est
663 512 702 571 ad
720 512 864 594 singula:
882 535 940 597 pro
955 514 1110 596 segetibus
1127 512 1202 576 libri

152 603 247 684 primi
262 604 387 664 invocat
406 602 562 675 Cererem,
584 623 643 682 pro
659 602 792 662 arbustis
809 602 936 663 secundi
952 603 1123 680 Bacchum,
1144 623 1202 686 pro

153 691 317 772 pecoribus
332 693 414 752 tertii
430 693 626 773 Neptunum,
645 711 701 771 pro
720 689 885 750 mellificiis
902 694 1004 772 quarti
1023 693 1202 767 Aristoeum3

153 776 358 862 adjungitque
372 778 467 840 simul
481 780 632 853 rationes,
645 799 702 838 cur
713 776 787 854 hos,
799 799 864 839 non
879 779 956 840 alios
969 782 1112 842 invocet:
1129 801 1204 862 ergo

151 931 197 1001 pio
208 933 297 1004 operis
311 931 344 986 de
356 933 386 984 ll.
401 933 449 1002 lt,
465 932 522 984 haec
539 945 656 1005 quatuor
699 929 761 999 Sol,
775 933 877 1004 inquit,
895 951 947 984 non
966 945 1110 1007 temporum
1126 932 1204 986 modo

151 1011 262 1062 numine
279 1029 398 1064 seorsum
414 1011 588 1074 adducentis;
603 1013 656 1083 pri·
700 1023 893 1086 terrarumque,
922 1013 965 1066 sed
988 1015 1100 1068 siderum
1125 1013 1204 1064 etiam

151 1104 196 1137 mo
206 1087 292 1141 Solem
303 1104 330 1142 et
338 1089 457 1158 Lunam,
468 1109 583 1162 quorum
594 1105 657 1143 tem·
701 1094 814 1166 ipsomm
823 1091 930 1165 coelique
940 1105 1026 1145 rector.
1039 1095 1119 1145 Hunc
1128 1111 1207 1143 murt-

151 1185 220 1238 pora
227 1171 425 1236 mbservantur,
440 1191 521 1243 quum
535 1173 656 1244 quaedam
701 1173 729 1224 di
738 1189 788 1224 esse
802 1173 878 1224 totius
894 1173 1013 1224 animum
1029 1191 1060 1224 uc
1075 1181 1204 1236 mentem,

151 1263 276 1303 seruntur
293 1265 320 1304 et
336 1250 505 1314 conduntur;
522 1251 657 1329 seeundo,
703 1249 774 1302 irunc
782 1249 928 1323 principale
934 1253 1043 1304 Nature
1052 1252 1164 1325 reqimen
1177 1269 1208 1302 ac

150 1327 274 1383 Cererem
291 1345 317 1383 et
333 1333 458 1384 Liberum
471 1331 545 1402 quod
560 1332 658 1384 horum
703 1349 801 1383 numen
817 1329 917 1382 credere
932 1329 1010 1383 decet.
1027 1331 1060 1382 Et
1078 1331 1152 1382 Luna
1172 1329 1207 1382 ab

151 1408 255 1462 fructus
267 1414 380 1463 maxime
392 1413 537 1464 necessarii
551 1411 586 1464 ad
600 1413 658 1464 ric·
702 1409 796 1462 Horat.
814 1409 902 1462 Germ.
918 1409 1004 1463 Secul.
1022 1410 1070 1479 35,
1088 1409 1208 1463 Sidemm

152 1499 224 1556 tumst
243 1491 277 1543 ab
296 1489 339 1543 lris
355 1493 427 1544 euim
445 1493 521 1562 potio
537 1503 564 1545 et
581 1491 657 1544 cibus
703 1489 793 1564 reqina
805 1489 967 1562 appelletur.

151 1572 233 1621 venit.
244 1571 387 1622 -Mundi
399 1572 522 1624 Lumina.
540 1572 659 1624 Mundus
738 1585 762 1638 7.
774 1569 850 1621 Liber·
859 1581 885 1622 et
897 1569 970 1621 ulma
990 1571 1068 1623 Ceres.
1085 1568 1207 1632 Probus,

153 1645 198 1700 lric
216 1667 266 1720 pro
289 1650 372 1712 caelo;
393 1649 530 1722 quomodo
553 1663 657 1704 veteres
702 1649 874 1719 Macrobius,
887 1647 973 1702 ethos
984 1651 1084 1716 secuti,
1098 1647 1209 1702 Clarissi-

153 1744 223 1799 ssepe
245 1729 294 1780 usi.
316 1729 418 1782 Ennius
439 1729 513 1801 apud
534 1730 655 1783 Macrob.
702 1747 746 1780 ma
762 1729 877 1781 humina
890 1730 1017 1782 Liberum
1034 1744 1060 1782 et
1081 1731 1208 1782 Cererem

153 1807 203 1873 vt,
217 1810 439 1863 nMunduscoed
449 1821 533 1863 nescu
544 1811 659 1864 constitit
703 1811 853 1881 appositive
867 1809 912 1862 hic
931 1809 985 1862 dici
1004 1821 1143 1863 autumant
1157 1831 1162 1860 :
1182 1821 1209 1862 et

152 1887 264 1941 silentio.
280 1891 386 1943 Lueret.
397 1893 434 1958 V,
450 1890 561 1956 14352...
575 1893 657 1943 Mun·
701 1889 837 1960 pertendit
853 1890 1007 1942 Macrobius
1023 1891 1049 1956 l,
1068 1891 1113 1956 18,
1134 1905 1165 1958 19
1183 1901 1210 1941 et

153 1967 181 2019 di
198 1989 326 2044 magnum
348 1981 375 2022 et
394 1970 510 2024 vemtile
529 1971 656 2043 templum
703 1987 744 2022 αι.
763 1969 895 2024 Saturnal-
912 1971 1084 2042 Appollinem
1102 1982 1128 2023 et
1144 1971 1211 2021 liac-

153 2047 275 2102 Macrob.
298 2053 328 2117 l,
354 2066 393 2102 tt.
417 2049 535 2104 Mundus
552 2051 658 2123 proprie
701 2049 781 2103 chum
794 2049 910 2104 eundern
920 2069 986 2104 esse.
1003 2051 1106 2103 Alludit
1122 2061 1148 2103 et
1159 2050 1212 2102 Lu·

151 2129 244 2181 coelum
269 2129 388 2196 dicitur,
420 2143 471 2183 etc.
499 2130 657 2198 Aruobius,
702 2131 1209 2202 canuslib.V,73:rl'aruassusllons

155 2210 260 2284 Vertipo
279 2211 390 2276 mundi,
408 2225 459 2264 etc.
476 2211 606 2283 Apuleius
623 2211 657 2263 de
703 2211 803 2265 Phoebo
814 2214 976 2284 Bromioque
993 2231 1085 2280 sacer,
1103 2213 1147 2264 cui
1159 2228 1210 2264 nu-

154 2289 212 2341 Deo
232 2293 335 2344 Socrat.
357 2291 528 2363 suspicientes
554 2291 582 2341 in
610 2290 659 2342 lroc
702 2294 775 2344 mine
787 2293 867 2344 misto
877 2292 1010 2363 Delphica
1021 2292 1155 2344 Thebanae
1168 2309 1210 2343 re-

156 2369 341 2440 perfectissimo
362 2370 456 2422 mundi
478 2368 530 2438 (ut
547 2371 585 2422 ait
602 2370 658 2420 Eu·
704 2373 794 2422 ierunt
807 2373 940 2423 trieterica
956 2369 1075 2422 Bacche.
1094 2372 1134 2422 ltn
1151 2371 1211 2421 fue·

153 2447 229 2517 nius)
243 2447 342 2519 clypeo.
353 2449 415 2516 Qua
426 2448 536 2520 quidem
548 2451 658 2501 notione
703 2451 738 2501 rit
744 2451 820 2502 liber
827 2450 936 2522 quidem
944 2449 998 2515 Sol,
1010 2463 1036 2502 et
1046 2452 1115 2503 ceres
1124 2449 1208 2501 Luna.

154 2538 181 2578 et
202 2527 273 2580 Ostiis
291 2527 364 2600 epod
377 2529 471 2582 Horat.
485 2528 538 2582 od.
556 2531 609 2596 lll,
625 2529 657 2582 3:
703 2529 808 2582 Eruditi
829 2543 917 2584 temen
933 2531 1024 2602 plures
1041 2529 1099 2583 lraec
1114 2530 1212 2583 distin-

157 2605 211 2658 ·Si
226 2609 328 2660 fructur
347 2606 475 2660 illabetur
496 2607 589 2675 orbis,
608 2607 659 2660 lm·
703 2611 811 2682 guenda
828 2613 924 2664 merito
944 2625 1061 2664 censent.
1078 2640 1112 2650 -
1128 2611 1209 2663 Alma

152 2687 281 2758 pavidum
303 2689 400 2741 ferient
428 2689 548 2740 ruine·
574 2688 659 2740 Notat
705 2692 783 2743 ceres.
797 2689 828 2743 ld
842 2703 999 2759 esttenete,
1013 2689 1207 2764 eivepulchra:

152 2781 179 2822 et
201 2767 312 2841 ioseph.
334 2769 453 2843 Scaliger
472 2769 546 2841 apud
563 2769 656 2822 Menil.
702 2769 745 2822 rel
756 2783 844 2836 certe,
856 2770 949 2832 alens;
963 2771 1112 2824 abolendo.
1123 2773 1208 2838 Ceres,

154 2848 301 2901 innumeris
324 2848 391 2902 locis
415 2849 549 2902 Mundum
571 2850 657 2920 accipi
703 2867 762 2920 quae
783 2864 823 2904 est
841 2853 901 2923 ipsa
921 2852 1018 2918 Terra,
1036 2850 1111 2903 dicta
1130 2853 1209 2922 qussi

154 2945 205 2998 pro
229 2928 315 2993 celo,
337 2931 401 2982 item
426 2947 477 3001 pro
500 2929 558 2982 Deo
579 2931 657 3001 ipso:
705 2931 953 3003 Geres,egerendis
963 2931 1101 3004 frugibus:
1115 2931 1210 2984 aGrte·

156 3003 278 3076 adeoque
289 3009 431 3060 texfsriam
441 3009 476 3060 sb
486 3007 582 3060 eodem
595 3011 660 3061 Poe-
704 3012 741 3062 cis
754 3013 833 3063 etiam
846 3009 948 3080 irpirsp
961 3013 1117 3078 nominata,
1132 3011 1212 3082 quasi

153 3093 179 3134 to
192 3088 330 3156 usurpari,
349 3089 513 3157 quotfariam
530 3099 556 3140 et
574 3087 659 3156 ιόομος
702 3089 817 3160 prpirsp.
831 3091 935 3164 Deque
951 3092 1008 3144 Cic.
1023 3093 1062 3143 De
1077 3093 1109 3142 ll.
1126 3091 1208 3142 Deor.

156 3181 173 3215 a
181 3163 289 3217 Grecis.
300 3165 409 3218 Taubm.
704 3185 731 3224 et
739 3171 989 3225 elii.0bitertamen
1001 3184 1122 3234 notetur,
1136 3169 1210 3242 quod

189 3243 214 3296 6.
228 3243 374 3295 Labentem.
385 3244 559 3311 Curreutem,
569 3244 610 3299 rel
622 3247 659 3298 ci·
704 3249 774 3302 idem
787 3251 841 3303 Cic.
856 3251 922 3303 ibid.
936 3249 981 3302 lib.
995 3247 1033 3316 ll,
1046 3251 1097 3313 60,
1110 3252 1207 3302 refert:

154 3335 183 3374 to
193 3334 384 3377 transeuntem.
393 3353 429 3363 -
440 3325 503 3394 Quoe
511 3323 603 3377 ducitis
612 3344 660 3376 an·
706 3331 769 3381 Cum
774 3327 882 3402 fmqem
889 3369 898 3395 ,
911 3334 1024 3383 Cererem
1032 3352 1041 3391 ;
1050 3330 1156 3394 vinum,
1168 3331 1209 3381 Εἰ·

154 3422 228 3456 num.
236 3404 359 3472 Quorum
367 3421 446 3457 cursu
456 3416 579 3476 tempora
588 3423 659 3456 com·
703 3407 791 3459 berum
805 3407 929 3473 dicimus,
941 3399 1034 3482 periere
1046 3427 1093 3461 nos
1104 3409 1208 3482 quidem

153 3483 367 3556 putantur.Nam
375 3485 658 3555 perLunum,mensis:
703 3487 1207 3562 sennonisutimurusitato,sedecquem

154 3585 204 3638 per
216 3563 320 3628 Solem,
338 3581 423 3616 onnus
437 3563 595 3616 ostenditur.
610 3562 659 3616 Vel
704 3578 758 3619 tam
768 3579 898 3620 amentem
909 3587 958 3621 esre
965 3579 1058 3641 putas,
1073 3571 1119 3643 qui
1131 3570 1208 3636 iliud,

155 3659 226 3700 certe
236 3644 369 3697 deducitis
378 3663 428 3717 per
438 3643 580 3697 duodecim
590 3644 660 3698 side·
705 3665 756 3720 quo
770 3659 899 3713 vescatur,
910 3647 986 3700 deum
998 3649 1086 3700 credat
1096 3652 1162 3702 esse?
1175 3651 1208 3703 T.

155 3745 195 3792 re,
208 3739 254 3779 aut
263 3724 371 3793 ducitis,
382 3725 536 3797 prolinitis;
550 3739 590 3793 ut,
599 3745 659 3778 noc·
704 3757 739 3768 -
748 3727 792 3793 Si,
810 3745 1004 3800 nonnunquam
1016 3731 1043 3780 in
1058 3729 1208 3784 invocatio-

155 3817 206 3858 tem
213 3807 328 3861 crutodia
336 3807 423 3860 ducit:
435 3819 461 3860 et
470 3805 660 3873 alibi,lricnoa-
703 3808 800 3873 nibus,
818 3827 868 3880 pro
890 3810 952 3882 quia
968 3812 1087 3862 sumitur.
1099 3841 1133 3850 -
1149 3811 1209 3864 Vox

156 3897 206 3938 tem
220 3887 281 3942 ludo
298 3888 405 3942 ducunt.
418 3887 490 3941 Serv.
504 3917 538 3928 -·
550 3889 618 3942 Hine
632 3902 659 3941 et
703 3887 794 3950 tellus,
816 3887 918 3940 telluris
941 3889 1043 3942 incolet
1061 3891 1208 3964 significat,

156 3965 658 4023 Ciceroni.Solmoder-atoretduxtem·
702 3985 757 4020 non
769 3967 904 4022 Tellurem
913 3970 1006 4022 Deam.
1023 3971 1054 4026 V.
1068 3973 1099 4024 G.

155 4065 263 4117 porum,
276 4061 302 4102 et
312 4051 430 4124 princeps
441 4051 598 4124 reliquomm
614 4050 657 4104 lu·
739 4049 764 4102 8.
777 4049 919 4102 Chaonium
928 4051 1060 4124 glandem.
1071 4053 1100 4104 ln
1110 4051 1208 4124 Epiro,

157 4127 258 4183 minum
268 4129 466 4188 dicitrinlitiem
474 4131 620 4200 l’liuiusll,
628 4129 660 4200 4,
705 4128 769 4184 olim
781 4129 903 4186 Chaonia
916 4131 1069 4204 appellata,
1082 4131 1134 4185 fuit
1144 4135 1208 4188 eiri-
