<?xml version="1.0" encoding="UTF-8"?>
<!DOCTYPE html PUBLIC "-//W3C//DTD XHTML 1.0 Transitional//EN"
    "http://www.w3.org/TR/xhtml1/DTD/xhtml1-transitional.dtd">
<html xmlns="http://www.w3.org/1999/xhtml" xml:lang="en" lang="en">
 <head>
  <title>
</title>
<meta http-equiv="Content-Type" content="text/html;charset=utf-8" />
  <meta name='ocr-system' content='tesseract 3.04.00' />
  <meta name='ocr-capabilities' content='ocr_page ocr_carea ocr_par ocr_line ocrx_word'/>
</head>
<body>
  <div class='ocr_page' id='page_1' title='image "./pvirgiliusmaroq04barbgoog_0101.png"; bbox 0 0 2986 4694; ppageno 0'>
   <div class='ocr_carea' id='block_1_1' title="bbox 580 381 1225 500">
    <p class='ocr_par' dir='ltr' id='par_1_1' title="bbox 580 381 1225 500">
     <span class='ocr_line' id='line_1_1' title="bbox 580 381 1225 500; baseline 0.011 -31"><span class='ocrx_word' id='word_1_1' title='bbox 580 381 583 386; x_wconf 68' lang='grc'>“</span> <span class='ocrx_word' id='word_1_2' title='bbox 612 404 761 471; x_wconf 80' lang='lat' dir='ltr'>cinrs.</span> <span class='ocrx_word' id='word_1_3' title='bbox 1169 383 1225 500; x_wconf 39' lang='lat'>9³⁵</span> 
     </span>
    </p>
   </div>
   <div class='ocr_carea' id='block_1_2' title="bbox 166 523 1212 840">
    <p class='ocr_par' dir='ltr' id='par_1_2' title="bbox 166 523 1212 840">
     <span class='ocr_line' id='line_1_2' title="bbox 166 523 1211 606; baseline 0.006 -27"><span class='ocrx_word' id='word_1_4' title='bbox 166 523 242 580; x_wconf 87' lang='lat' dir='ltr'>baud</span> <span class='ocrx_word' id='word_1_5' title='bbox 265 529 429 602; x_wconf 73' lang='lat' dir='ltr'>assequaris,</span> <span class='ocrx_word' id='word_1_6' title='bbox 456 527 521 600; x_wconf 91' lang='lat' dir='ltr'>quid</span> <span class='ocrx_word' id='word_1_7' title='bbox 540 529 666 601; x_wconf 86' lang='lat' dir='ltr'>antiquos</span> <span class='ocrx_word' id='word_1_8' title='bbox 713 541 743 581; x_wconf 90' lang='lat' dir='ltr'>ut</span> <span class='ocrx_word' id='word_1_9' title='bbox 754 547 785 581; x_wconf 85' lang='lat' dir='ltr'>ex</span> <span class='ocrx_word' id='word_1_10' title='bbox 795 527 935 582; x_wconf 81' lang='lat' dir='ltr'>Eustatbio</span> <span class='ocrx_word' id='word_1_11' title='bbox 946 526 980 581; x_wconf 88' lang='lat' dir='ltr'>ad</span> <span class='ocrx_word' id='word_1_12' title='bbox 989 527 1097 603; x_wconf 73' lang='lat' dir='ltr'>Dionys.</span> <span class='ocrx_word' id='word_1_13' title='bbox 1110 531 1211 606; x_wconf 74' lang='lat' dir='ltr'>Perieg.</span> 
     </span>
     <span class='ocr_line' id='line_1_3' title="bbox 168 605 1212 680; baseline 0.003 -20"><span class='ocrx_word' id='word_1_14' title='bbox 168 605 289 663; x_wconf 84' lang='lat' dir='ltr'>homines</span> <span class='ocrx_word' id='word_1_15' title='bbox 305 611 332 662; x_wconf 94' lang='lat' dir='ltr'>iu</span> <span class='ocrx_word' id='word_1_16' title='bbox 343 609 384 662; x_wconf 89' lang='lat' dir='ltr'>bis</span> <span class='ocrx_word' id='word_1_17' title='bbox 393 608 492 662; x_wconf 88' lang='lat' dir='ltr'>labulis</span> <span class='ocrx_word' id='word_1_18' title='bbox 506 607 540 661; x_wconf 89' lang='lat' dir='ltr'>ad</span> <span class='ocrx_word' id='word_1_19' title='bbox 555 608 607 662; x_wconf 89' lang='lat' dir='ltr'>hoc</span> <span class='ocrx_word' id='word_1_20' title='bbox 621 607 667 680; x_wconf 66' lang='lat' dir='ltr'>fig·</span> <span class='ocrx_word' id='word_1_21' title='bbox 714 607 766 675; x_wconf 68' lang='lat' dir='ltr'>dno</span> <span class='ocrx_word' id='word_1_22' title='bbox 779 606 910 678; x_wconf 87' lang='lat' dir='ltr'>didici(v.</span> <span class='ocrx_word' id='word_1_23' title='bbox 921 607 956 660; x_wconf 91' lang='lat' dir='ltr'>de</span> <span class='ocrx_word' id='word_1_24' title='bbox 966 627 998 660; x_wconf 91' lang='lat' dir='ltr'>eo</span> <span class='ocrx_word' id='word_1_25' title='bbox 1010 609 1164 662; x_wconf 84' lang='lat' dir='ltr'>Mellsnsun.</span> <span class='ocrx_word' id='word_1_26' title='bbox 1178 611 1212 664; x_wconf 92' lang='lat' dir='ltr'>de</span> 
     </span>
     <span class='ocr_line' id='line_1_4' title="bbox 168 687 1212 758; baseline 0.004 -18"><span class='ocrx_word' id='word_1_27' title='bbox 168 701 286 742; x_wconf 84' lang='lat' dir='ltr'>mentum</span> <span class='ocrx_word' id='word_1_28' title='bbox 295 688 444 755; x_wconf 78' lang='lat' dir='ltr'>adduxerit,</span> <span class='ocrx_word' id='word_1_29' title='bbox 454 701 492 754; x_wconf 81' lang='lat' dir='ltr'>ut,</span> <span class='ocrx_word' id='word_1_30' title='bbox 501 687 574 758; x_wconf 87' lang='lat' dir='ltr'>quod</span> <span class='ocrx_word' id='word_1_31' title='bbox 585 689 666 740; x_wconf 87' lang='lat' dir='ltr'>etiam</span> <span class='ocrx_word' id='word_1_32' title='bbox 714 689 814 740; x_wconf 88' lang='lat' dir='ltr'>caussis</span> <span class='ocrx_word' id='word_1_33' title='bbox 840 701 866 739; x_wconf 90' lang='lat' dir='ltr'>et</span> <span class='ocrx_word' id='word_1_34' title='bbox 892 689 1022 741; x_wconf 85' lang='lat' dir='ltr'>auctorib.</span> <span class='ocrx_word' id='word_1_35' title='bbox 1046 691 1152 744; x_wconf 84' lang='lat' dir='ltr'>Narrat.</span> <span class='ocrx_word' id='word_1_36' title='bbox 1178 692 1212 744; x_wconf 91' lang='lat' dir='ltr'>de</span> 
     </span>
     <span class='ocr_line' id='line_1_5' title="bbox 168 767 1212 840; baseline 0.004 -20"><span class='ocrx_word' id='word_1_37' title='bbox 168 767 203 822; x_wconf 91' lang='lat' dir='ltr'>de</span> <span class='ocrx_word' id='word_1_38' title='bbox 227 769 355 822; x_wconf 65' lang='lat' dir='ltr'>samsone</span> <span class='ocrx_word' id='word_1_39' title='bbox 374 781 510 821; x_wconf 82' lang='lat' dir='ltr'>narratum</span> <span class='ocrx_word' id='word_1_40' title='bbox 530 769 666 831; x_wconf 82' lang='lat' dir='ltr'>novimus,</span> <span class='ocrx_word' id='word_1_41' title='bbox 713 769 819 820; x_wconf 86' lang='lat' dir='ltr'>mutatis</span> <span class='ocrx_word' id='word_1_42' title='bbox 827 768 919 818; x_wconf 85' lang='lat' dir='ltr'>lormis</span> <span class='ocrx_word' id='word_1_43' title='bbox 928 785 988 840; x_wconf 65' lang='lat' dir='ltr'>pag.</span> <span class='ocrx_word' id='word_1_44' title='bbox 1001 769 1061 840; x_wconf 78' lang='lat'>⁸3).</span> <span class='ocrx_word' id='word_1_45' title='bbox 1071 771 1130 823; x_wconf 81' lang='lat' dir='ltr'>laur</span> <span class='ocrx_word' id='word_1_46' title='bbox 1139 769 1212 824; x_wconf 88' lang='lat' dir='ltr'>bunc</span> 
     </span>
    </p>
   </div>
   <div class='ocr_carea' id='block_1_3' title="bbox 170 845 1292 920">
    <p class='ocr_par' dir='ltr' id='par_1_3' title="bbox 170 845 1292 920">
     <span class='ocr_line' id='line_1_6' title="bbox 170 845 1292 920; baseline 0.004 -21"><span class='ocrx_word' id='word_1_47' title='bbox 170 848 199 899; x_wconf 91' lang='lat' dir='ltr'>in</span> <span class='ocrx_word' id='word_1_48' title='bbox 217 849 309 920; x_wconf 86' lang='lat' dir='ltr'>capilli</span> <span class='ocrx_word' id='word_1_49' title='bbox 335 860 432 902; x_wconf 85' lang='lat' dir='ltr'>natura</span> <span class='ocrx_word' id='word_1_50' title='bbox 453 846 600 898; x_wconf 86' lang='lat' dir='ltr'>mirabilem</span> <span class='ocrx_word' id='word_1_51' title='bbox 621 845 667 898; x_wconf 87' lang='lat' dir='ltr'>ali·</span> <span class='ocrx_word' id='word_1_52' title='bbox 712 859 805 900; x_wconf 83' lang='lat' dir='ltr'>nostro</span> <span class='ocrx_word' id='word_1_53' title='bbox 824 858 909 918; x_wconf 82' lang='lat' dir='ltr'>poetae</span> <span class='ocrx_word' id='word_1_54' title='bbox 931 861 992 900; x_wconf 90' lang='lat' dir='ltr'>ante</span> <span class='ocrx_word' id='word_1_55' title='bbox 1013 849 1106 902; x_wconf 86' lang='lat' dir='ltr'>oculos</span> <span class='ocrx_word' id='word_1_56' title='bbox 1130 853 1212 904; x_wconf 87' lang='lat' dir='ltr'>luisse</span> <span class='ocrx_word' id='word_1_57' title='bbox 1289 906 1292 916; x_wconf 68' lang='grc'>,</span> 
     </span>
    </p>
   </div>
   <div class='ocr_carea' id='block_1_4' title="bbox 166 926 1217 1957">
    <p class='ocr_par' dir='ltr' id='par_1_4' title="bbox 172 926 1213 1000">
     <span class='ocr_line' id='line_1_7' title="bbox 172 926 1213 1000; baseline 0.003 -19"><span class='ocrx_word' id='word_1_58' title='bbox 172 945 252 999; x_wconf 85' lang='lat' dir='ltr'>quam</span> <span class='ocrx_word' id='word_1_59' title='bbox 263 931 387 982; x_wconf 77' lang='lat' dir='ltr'>virtutem</span> <span class='ocrx_word' id='word_1_60' title='bbox 397 928 507 980; x_wconf 86' lang='lat' dir='ltr'>latuisse</span> <span class='ocrx_word' id='word_1_61' title='bbox 517 937 666 979; x_wconf 73' lang='lat' dir='ltr'>narrarent.</span> <span class='ocrx_word' id='word_1_62' title='bbox 713 926 853 1000; x_wconf 76' lang='lat' dir='ltr'><strong>probabile</strong></span> <span class='ocrx_word' id='word_1_63' title='bbox 867 928 931 978; x_wconf 85' lang='lat' dir='ltr'>facit</span> <span class='ocrx_word' id='word_1_64' title='bbox 948 927 1063 980; x_wconf 86' lang='lat' dir='ltr'>studium</span> <span class='ocrx_word' id='word_1_65' title='bbox 1078 929 1213 984; x_wconf 73' lang='lat' dir='ltr'>Parthenii</span> 
     </span>
    </p>

    <p class='ocr_par' dir='ltr' id='par_1_5' title="bbox 166 1004 1217 1957">
     <span class='ocr_line' id='line_1_8' title="bbox 203 1004 1214 1082; baseline 0.004 -24"><span class='ocrx_word' id='word_1_66' title='bbox 203 1007 292 1074; x_wconf 86' lang='lat' dir='ltr'>Quum</span> <span class='ocrx_word' id='word_1_67' title='bbox 305 1004 361 1077; x_wconf 66' lang='lat' dir='ltr'>apte</span> <span class='ocrx_word' id='word_1_68' title='bbox 373 1020 400 1060; x_wconf 89' lang='lat' dir='ltr'>et</span> <span class='ocrx_word' id='word_1_69' title='bbox 412 1009 470 1078; x_wconf 84' lang='lat' dir='ltr'>ipsa</span> <span class='ocrx_word' id='word_1_70' title='bbox 479 1008 511 1058; x_wconf 88' lang='lat' dir='ltr'>sit</span> <span class='ocrx_word' id='word_1_71' title='bbox 525 1007 594 1058; x_wconf 88' lang='lat' dir='ltr'>iuter</span> <span class='ocrx_word' id='word_1_72' title='bbox 606 1022 667 1056; x_wconf 82' lang='lat' dir='ltr'>aves</span> <span class='ocrx_word' id='word_1_73' title='bbox 713 1007 820 1080; x_wconf 76' lang='lat' dir='ltr'>legendi</span> <span class='ocrx_word' id='word_1_74' title='bbox 828 1019 854 1058; x_wconf 90' lang='lat' dir='ltr'>et</span> <span class='ocrx_word' id='word_1_75' title='bbox 862 1006 943 1058; x_wconf 88' lang='lat' dir='ltr'>latine</span> <span class='ocrx_word' id='word_1_76' title='bbox 949 1008 1130 1074; x_wconf 88' lang='lat' dir='ltr'>convertendi,</span> <span class='ocrx_word' id='word_1_77' title='bbox 1139 1009 1214 1082; x_wconf 87' lang='lat' dir='ltr'>quod</span> 
     </span>
     <span class='ocr_line' id='line_1_9' title="bbox 168 1085 1212 1160; baseline -0.005 -22"><span class='ocrx_word' id='word_1_78' title='bbox 168 1088 321 1142; x_wconf 76' lang='lat' dir='ltr'>carnivorae</span> <span class='ocrx_word' id='word_1_79' title='bbox 330 1087 389 1140; x_wconf 89' lang='lat' dir='ltr'>aliis</span> <span class='ocrx_word' id='word_1_80' title='bbox 397 1088 507 1138; x_wconf 86' lang='lat' dir='ltr'>infestas</span> <span class='ocrx_word' id='word_1_81' title='bbox 514 1088 549 1152; x_wconf 87' lang='lat' dir='ltr'>(r.</span> <span class='ocrx_word' id='word_1_82' title='bbox 557 1085 666 1136; x_wconf 78' lang='lat' dir='ltr'>Aristot.</span> <span class='ocrx_word' id='word_1_83' title='bbox 714 1091 783 1140; x_wconf 76' lang='lat' dir='ltr'>inter</span> <span class='ocrx_word' id='word_1_84' title='bbox 793 1087 900 1138; x_wconf 79' lang='lat' dir='ltr'>Latinos</span> <span class='ocrx_word' id='word_1_85' title='bbox 911 1101 1005 1157; x_wconf 78' lang='lat' dir='ltr'>poetas</span> <span class='ocrx_word' id='word_1_86' title='bbox 1013 1107 1136 1160; x_wconf 51' lang='lat' dir='ltr'>manum</span> <span class='ocrx_word' id='word_1_87' title='bbox 1146 1093 1212 1143; x_wconf 65' lang='lat' dir='ltr'>fuitg</span> 
     </span>
     <span class='ocr_line' id='line_1_10' title="bbox 167 1162 1214 1240; baseline 0.004 -23"><span class='ocrx_word' id='word_1_88' title='bbox 167 1167 199 1217; x_wconf 82' lang='lat' dir='ltr'>ll.</span> <span class='ocrx_word' id='word_1_89' title='bbox 225 1167 275 1218; x_wconf 78' lang='lat' dir='ltr'>An.</span> <span class='ocrx_word' id='word_1_90' title='bbox 300 1165 352 1232; x_wconf 84' lang='lat' dir='ltr'>IX,</span> <span class='ocrx_word' id='word_1_91' title='bbox 378 1182 387 1218; x_wconf 91' lang='grc' dir='ltr'>ι</span> <span class='ocrx_word' id='word_1_92' title='bbox 408 1179 434 1217; x_wconf 90' lang='lat' dir='ltr'>et</span> <span class='ocrx_word' id='word_1_93' title='bbox 457 1166 518 1236; x_wconf 82' lang='lat'>17),</span> <span class='ocrx_word' id='word_1_94' title='bbox 540 1162 669 1234; x_wconf 82' lang='lat' dir='ltr'>putabam</span> <span class='ocrx_word' id='word_1_95' title='bbox 715 1167 765 1218; x_wconf 88' lang='lat' dir='ltr'>hos</span> <span class='ocrx_word' id='word_1_96' title='bbox 783 1179 871 1221; x_wconf 89' lang='lat' dir='ltr'>autem</span> <span class='ocrx_word' id='word_1_97' title='bbox 890 1167 917 1216; x_wconf 92' lang='lat' dir='ltr'>in</span> <span class='ocrx_word' id='word_1_98' title='bbox 937 1170 1099 1238; x_wconf 73' lang='lat' dir='ltr'>argumentis</span> <span class='ocrx_word' id='word_1_99' title='bbox 1116 1169 1214 1240; x_wconf 76' lang='lat' dir='ltr'>mythi-</span> 
     </span>
     <span class='ocr_line' id='line_1_11' title="bbox 166 1243 1214 1317; baseline 0.003 -20"><span class='ocrx_word' id='word_1_100' title='bbox 166 1245 359 1298; x_wconf 82' lang='lat' dir='ltr'>iortenominis</span> <span class='ocrx_word' id='word_1_101' title='bbox 367 1245 454 1298; x_wconf 88' lang='lat' dir='ltr'>lusum</span> <span class='ocrx_word' id='word_1_102' title='bbox 465 1243 562 1295; x_wconf 76' lang='lat' dir='ltr'>fabula</span> <span class='ocrx_word' id='word_1_103' title='bbox 570 1260 670 1313; x_wconf 87' lang='lat' dir='ltr'>oppor·</span> <span class='ocrx_word' id='word_1_104' title='bbox 716 1247 770 1309; x_wconf 84' lang='lat' dir='ltr'>cis,</span> <span class='ocrx_word' id='word_1_105' title='bbox 792 1263 808 1296; x_wconf 80' lang='lat' dir='ltr'>a</span> <span class='ocrx_word' id='word_1_106' title='bbox 829 1243 1000 1316; x_wconf 73' lang='lat' dir='ltr'>politioribus</span> <span class='ocrx_word' id='word_1_107' title='bbox 1014 1248 1100 1317; x_wconf 88' lang='lat' dir='ltr'>poetis</span> <span class='ocrx_word' id='word_1_108' title='bbox 1115 1247 1214 1301; x_wconf 66' lang='lat' dir='ltr'>Graecis</span> 
     </span>
     <span class='ocr_line' id='line_1_12' title="bbox 168 1324 1217 1396; baseline 0.001 -19"><span class='ocrx_word' id='word_1_109' title='bbox 168 1325 498 1385; x_wconf 79' lang='lat' dir='ltr'>tunitatemdedisse3nec</span> <span class='ocrx_word' id='word_1_110' title='bbox 512 1325 669 1373; x_wconf 77' lang='lat' dir='ltr'>tamensim</span> <span class='ocrx_word' id='word_1_111' title='bbox 715 1325 849 1388; x_wconf 86' lang='lat' dir='ltr'>tractatis,</span> <span class='ocrx_word' id='word_1_112' title='bbox 873 1324 994 1394; x_wconf 76' lang='lat' dir='ltr'>inprimis</span> <span class='ocrx_word' id='word_1_113' title='bbox 1018 1324 1127 1396; x_wconf 77' lang='lat' dir='ltr'>ingenia</span> <span class='ocrx_word' id='word_1_114' title='bbox 1144 1346 1217 1380; x_wconf 84' lang='lat' dir='ltr'>excr-</span> 
     </span>
     <span class='ocr_line' id='line_1_13' title="bbox 169 1401 1216 1478; baseline 0.002 -21"><span class='ocrx_word' id='word_1_115' title='bbox 169 1423 245 1458; x_wconf 84' lang='lat' dir='ltr'>avem</span> <span class='ocrx_word' id='word_1_116' title='bbox 264 1408 291 1456; x_wconf 93' lang='lat' dir='ltr'>in</span> <span class='ocrx_word' id='word_1_117' title='bbox 312 1404 363 1457; x_wconf 89' lang='lat' dir='ltr'>bac</span> <span class='ocrx_word' id='word_1_118' title='bbox 383 1401 476 1455; x_wconf 79' lang='lat' dir='ltr'>fabula</span> <span class='ocrx_word' id='word_1_119' title='bbox 495 1412 669 1452; x_wconf 75' lang='lat' dir='ltr'>memoratam</span> <span class='ocrx_word' id='word_1_120' title='bbox 715 1406 816 1468; x_wconf 77' lang='lat' dir='ltr'>coisse,</span> <span class='ocrx_word' id='word_1_121' title='bbox 829 1415 869 1454; x_wconf 93' lang='lat' dir='ltr'>tot</span> <span class='ocrx_word' id='word_1_122' title='bbox 885 1403 943 1455; x_wconf 82' lang='lat' dir='ltr'>aliis</span> <span class='ocrx_word' id='word_1_123' title='bbox 956 1405 1132 1473; x_wconf 82' lang='lat' dir='ltr'>carminibus,</span> <span class='ocrx_word' id='word_1_124' title='bbox 1145 1425 1216 1478; x_wconf 88' lang='lat' dir='ltr'>quo-</span> 
     </span>
     <span class='ocr_line' id='line_1_14' title="bbox 167 1479 1216 1557; baseline 0.004 -20"><span class='ocrx_word' id='word_1_125' title='bbox 167 1484 231 1538; x_wconf 81' lang='lat' dir='ltr'>vidi.</span> <span class='ocrx_word' id='word_1_126' title='bbox 242 1483 294 1536; x_wconf 90' lang='lat' dir='ltr'>Sed</span> <span class='ocrx_word' id='word_1_127' title='bbox 306 1481 420 1554; x_wconf 72' lang='lat' dir='ltr'>Scyllam</span> <span class='ocrx_word' id='word_1_128' title='bbox 433 1501 448 1534; x_wconf 91' lang='lat' dir='ltr'>a</span> <span class='ocrx_word' id='word_1_129' title='bbox 461 1479 551 1532; x_wconf 88' lang='lat' dir='ltr'>Minoe</span> <span class='ocrx_word' id='word_1_130' title='bbox 564 1497 594 1532; x_wconf 84' lang='lat' dir='ltr'>es</span> <span class='ocrx_word' id='word_1_131' title='bbox 607 1479 669 1530; x_wconf 84' lang='lat' dir='ltr'>navi</span> <span class='ocrx_word' id='word_1_132' title='bbox 715 1503 773 1536; x_wconf 86' lang='lat' dir='ltr'>rum</span> <span class='ocrx_word' id='word_1_133' title='bbox 780 1484 1025 1556; x_wconf 86' lang='lat' dir='ltr'>nonnullaquoque</span> <span class='ocrx_word' id='word_1_134' title='bbox 1032 1500 1137 1540; x_wconf 81' lang='lat' dir='ltr'>servata</span> <span class='ocrx_word' id='word_1_135' title='bbox 1144 1503 1216 1557; x_wconf 88' lang='lat' dir='ltr'>sunt,</span> 
     </span>
     <span class='ocr_line' id='line_1_15' title="bbox 169 1559 1217 1636; baseline 0.001 -19"><span class='ocrx_word' id='word_1_136' title='bbox 169 1583 341 1636; x_wconf 80' lang='lat' dir='ltr'>suspensam,</span> <span class='ocrx_word' id='word_1_137' title='bbox 360 1575 385 1615; x_wconf 87' lang='lat' dir='ltr'>et</span> <span class='ocrx_word' id='word_1_138' title='bbox 406 1560 514 1634; x_wconf 87' lang='lat' dir='ltr'>quidem</span> <span class='ocrx_word' id='word_1_139' title='bbox 537 1559 670 1632; x_wconf 75' lang='lat' dir='ltr'>guberna·</span> <span class='ocrx_word' id='word_1_140' title='bbox 715 1565 779 1616; x_wconf 86' lang='lat' dir='ltr'>satis</span> <span class='ocrx_word' id='word_1_141' title='bbox 793 1575 905 1615; x_wconf 86' lang='lat' dir='ltr'>constat.</span> <span class='ocrx_word' id='word_1_142' title='bbox 924 1563 1047 1616; x_wconf 87' lang='lat' dir='ltr'>Ceterum</span> <span class='ocrx_word' id='word_1_143' title='bbox 1063 1567 1160 1620; x_wconf 84' lang='lat' dir='ltr'>similia</span> <span class='ocrx_word' id='word_1_144' title='bbox 1177 1587 1217 1622; x_wconf 87' lang='lat' dir='ltr'>ar·</span> 
     </span>
     <span class='ocr_line' id='line_1_16' title="bbox 169 1639 1217 1715; baseline 0.005 -20"><span class='ocrx_word' id='word_1_145' title='bbox 169 1643 230 1696; x_wconf 86' lang='lat' dir='ltr'>culo</span> <span class='ocrx_word' id='word_1_146' title='bbox 243 1643 393 1715; x_wconf 71' lang='lat' dir='ltr'>alligatam,</span> <span class='ocrx_word' id='word_1_147' title='bbox 403 1639 466 1694; x_wconf 89' lang='lat' dir='ltr'>iude</span> <span class='ocrx_word' id='word_1_148' title='bbox 474 1641 501 1691; x_wconf 91' lang='lat' dir='ltr'>in</span> <span class='ocrx_word' id='word_1_149' title='bbox 510 1639 584 1690; x_wconf 90' lang='lat' dir='ltr'>cirim</span> <span class='ocrx_word' id='word_1_150' title='bbox 593 1657 670 1691; x_wconf 86' lang='lat' dir='ltr'>avem</span> <span class='ocrx_word' id='word_1_151' title='bbox 714 1656 842 1715; x_wconf 72' lang='lat' dir='ltr'>gumento</span> <span class='ocrx_word' id='word_1_152' title='bbox 853 1644 977 1695; x_wconf 88' lang='lat' dir='ltr'>carminis</span> <span class='ocrx_word' id='word_1_153' title='bbox 986 1647 1070 1696; x_wconf 85' lang='lat' dir='ltr'>nostri</span> <span class='ocrx_word' id='word_1_154' title='bbox 1080 1659 1141 1698; x_wconf 89' lang='lat' dir='ltr'>sunt</span> <span class='ocrx_word' id='word_1_155' title='bbox 1150 1667 1217 1700; x_wconf 89' lang='lat' dir='ltr'>non·</span> 
     </span>
     <span class='ocr_line' id='line_1_17' title="bbox 168 1720 1216 1796; baseline 0.002 -20"><span class='ocrx_word' id='word_1_156' title='bbox 168 1736 312 1790; x_wconf 83' lang='lat' dir='ltr'>mutatam,</span> <span class='ocrx_word' id='word_1_157' title='bbox 331 1721 477 1774; x_wconf 80' lang='lat' dir='ltr'>tradiderat</span> <span class='ocrx_word' id='word_1_158' title='bbox 493 1737 601 1791; x_wconf 81' lang='lat' dir='ltr'>quoque</span> <span class='ocrx_word' id='word_1_159' title='bbox 615 1720 670 1770; x_wconf 88' lang='lat' dir='ltr'>Me·</span> <span class='ocrx_word' id='word_1_160' title='bbox 715 1721 789 1774; x_wconf 87' lang='lat' dir='ltr'>nulla</span> <span class='ocrx_word' id='word_1_161' title='bbox 804 1724 831 1774; x_wconf 90' lang='lat' dir='ltr'>in</span> <span class='ocrx_word' id='word_1_162' title='bbox 844 1723 974 1793; x_wconf 81' lang='lat' dir='ltr'>Propertii</span> <span class='ocrx_word' id='word_1_163' title='bbox 986 1723 1058 1796; x_wconf 72' lang='lat' dir='ltr'>Eleg.</span> <span class='ocrx_word' id='word_1_164' title='bbox 1070 1726 1216 1780; x_wconf 86' lang='lat' dir='ltr'>lVlibrilV</span> 
     </span>
     <span class='ocr_line' id='line_1_18' title="bbox 169 1795 1217 1880; baseline 0.007 -26"><span class='ocrx_word' id='word_1_165' title='bbox 169 1803 377 1874; x_wconf 83' lang='lat' dir='ltr'>tamorphnseon</span> <span class='ocrx_word' id='word_1_166' title='bbox 395 1800 507 1866; x_wconf 88' lang='lat' dir='ltr'>libello,</span> <span class='ocrx_word' id='word_1_167' title='bbox 529 1801 574 1870; x_wconf 91' lang='lat' dir='ltr'>qui</span> <span class='ocrx_word' id='word_1_168' title='bbox 598 1817 670 1852; x_wconf 85' lang='lat' dir='ltr'>nunc</span> <span class='ocrx_word' id='word_1_169' title='bbox 715 1801 749 1854; x_wconf 89' lang='lat' dir='ltr'>de</span> <span class='ocrx_word' id='word_1_170' title='bbox 765 1795 894 1874; x_wconf 73' lang='lat' dir='ltr'>Tarpeia,</span> <span class='ocrx_word' id='word_1_171' title='bbox 914 1821 972 1874; x_wconf 84' lang='lat' dir='ltr'>quas</span> <span class='ocrx_word' id='word_1_172' title='bbox 986 1803 1090 1860; x_wconf 80' lang='lat' dir='ltr'>Sabinis</span> <span class='ocrx_word' id='word_1_173' title='bbox 1107 1807 1217 1880; x_wconf 88' lang='lat' dir='ltr'>Capito-</span> 
     </span>
     <span class='ocr_line' id='line_1_19' title="bbox 169 1878 921 1957; baseline -0.003 -23"><span class='ocrx_word' id='word_1_174' title='bbox 169 1883 239 1935; x_wconf 89' lang='lat' dir='ltr'>inter</span> <span class='ocrx_word' id='word_1_175' title='bbox 252 1881 402 1957; x_wconf 84' lang='lat' dir='ltr'>deperditos</span> <span class='ocrx_word' id='word_1_176' title='bbox 421 1893 475 1947; x_wconf 84' lang='lat' dir='ltr'>est,</span> <span class='ocrx_word' id='word_1_177' title='bbox 493 1878 668 1933; x_wconf 82' lang='lat' dir='ltr'>Parthenius:</span> <span class='ocrx_word' id='word_1_178' title='bbox 715 1879 781 1934; x_wconf 87' lang='lat' dir='ltr'>lium</span> <span class='ocrx_word' id='word_1_179' title='bbox 793 1881 921 1954; x_wconf 89' lang='lat' dir='ltr'>prodidit.</span> 
     </span>
    </p>
   </div>
   <div class='ocr_carea' id='block_1_5' title="bbox 171 2390 860 2519">
    <p class='ocr_par' dir='ltr' id='par_1_6' title="bbox 171 2390 860 2519">
     <span class='ocr_line' id='line_1_20' title="bbox 171 2390 860 2519; baseline -0.001 -24"><span class='ocrx_word' id='word_1_180' title='bbox 171 2390 265 2495; x_wconf 76' lang='lat' dir='ltr'>Ersi</span> <span class='ocrx_word' id='word_1_181' title='bbox 277 2449 331 2492; x_wconf 88' lang='lat' dir='ltr'>me</span> <span class='ocrx_word' id='word_1_182' title='bbox 342 2428 433 2493; x_wconf 81' lang='lat' dir='ltr'>vario</span> <span class='ocrx_word' id='word_1_183' title='bbox 441 2429 602 2519; x_wconf 86' lang='lat' dir='ltr'>jactatum</span> <span class='ocrx_word' id='word_1_184' title='bbox 614 2428 721 2495; x_wconf 89' lang='lat' dir='ltr'>laudis</span> <span class='ocrx_word' id='word_1_185' title='bbox 733 2451 860 2509; x_wconf 85' lang='lat' dir='ltr'>amore,</span> 
     </span>
    </p>
   </div>
   <div class='ocr_carea' id='block_1_6' title="bbox 167 2603 1221 3376">
    <p class='ocr_par' dir='ltr' id='par_1_7' title="bbox 167 2603 1221 3376">
     <span class='ocr_line' id='line_1_21' title="bbox 197 2603 1218 2670; baseline 0.003 -20"><span class='ocrx_word' id='word_1_186' title='bbox 197 2603 276 2651; x_wconf 79' lang='lat' dir='ltr'>Minus</span> <span class='ocrx_word' id='word_1_187' title='bbox 287 2604 364 2652; x_wconf 89' lang='lat' dir='ltr'>adbuc</span> <span class='ocrx_word' id='word_1_188' title='bbox 374 2605 547 2654; x_wconf 77' lang='lat' dir='ltr'>adolescentum</span> <span class='ocrx_word' id='word_1_189' title='bbox 560 2607 666 2653; x_wconf 83' lang='lat' dir='ltr'>manibus</span> <span class='ocrx_word' id='word_1_190' title='bbox 675 2608 755 2653; x_wconf 87' lang='lat' dir='ltr'>tritum</span> <span class='ocrx_word' id='word_1_191' title='bbox 769 2621 819 2653; x_wconf 86' lang='lat' dir='ltr'>esse</span> <span class='ocrx_word' id='word_1_192' title='bbox 830 2605 875 2653; x_wconf 88' lang='lat' dir='ltr'>hoc</span> <span class='ocrx_word' id='word_1_193' title='bbox 890 2620 996 2662; x_wconf 86' lang='lat' dir='ltr'>carmen,</span> <span class='ocrx_word' id='word_1_194' title='bbox 1007 2607 1050 2652; x_wconf 92' lang='lat' dir='ltr'>etsi</span> <span class='ocrx_word' id='word_1_195' title='bbox 1059 2617 1094 2652; x_wconf 88' lang='lat' dir='ltr'>tot</span> <span class='ocrx_word' id='word_1_196' title='bbox 1102 2605 1218 2670; x_wconf 73' lang='lat' dir='ltr'>praularia</span> 
     </span>
     <span class='ocr_line' id='line_1_22' title="bbox 167 2671 1219 2740; baseline 0.003 -21"><span class='ocrx_word' id='word_1_197' title='bbox 167 2671 224 2720; x_wconf 86' lang='lat' dir='ltr'>locis</span> <span class='ocrx_word' id='word_1_198' title='bbox 236 2676 339 2736; x_wconf 70' lang='lat' dir='ltr'>insiflne,</span> <span class='ocrx_word' id='word_1_199' title='bbox 351 2692 421 2723; x_wconf 90' lang='lat' dir='ltr'>nemo</span> <span class='ocrx_word' id='word_1_200' title='bbox 431 2678 564 2732; x_wconf 85' lang='lat' dir='ltr'>mirabitur,</span> <span class='ocrx_word' id='word_1_201' title='bbox 577 2679 631 2740; x_wconf 85' lang='lat' dir='ltr'>qui,</span> <span class='ocrx_word' id='word_1_202' title='bbox 646 2693 714 2740; x_wconf 85' lang='lat' dir='ltr'>quam</span> <span class='ocrx_word' id='word_1_203' title='bbox 730 2677 797 2723; x_wconf 83' lang='lat' dir='ltr'>loedis</span> <span class='ocrx_word' id='word_1_204' title='bbox 810 2675 870 2722; x_wconf 92' lang='lat' dir='ltr'>illud</span> <span class='ocrx_word' id='word_1_205' title='bbox 880 2675 1018 2740; x_wconf 74' lang='lat' dir='ltr'>corruptelis</span> <span class='ocrx_word' id='word_1_206' title='bbox 1031 2675 1132 2733; x_wconf 83' lang='lat' dir='ltr'>laboret,</span> <span class='ocrx_word' id='word_1_207' title='bbox 1147 2675 1219 2722; x_wconf 89' lang='lat' dir='ltr'>intel-</span> 
     </span>
     <span class='ocr_line' id='line_1_23' title="bbox 167 2743 1219 2812; baseline 0.004 -20"><span class='ocrx_word' id='word_1_208' title='bbox 167 2743 258 2792; x_wconf 81' lang='lat' dir='ltr'>lexerit.</span> <span class='ocrx_word' id='word_1_209' title='bbox 267 2746 404 2795; x_wconf 78' lang='lat' dir='ltr'>versabitur</span> <span class='ocrx_word' id='word_1_210' title='bbox 414 2749 485 2810; x_wconf 74' lang='lat' dir='ltr'>igitur</span> <span class='ocrx_word' id='word_1_211' title='bbox 494 2763 557 2794; x_wconf 86' lang='lat' dir='ltr'>nuuc</span> <span class='ocrx_word' id='word_1_212' title='bbox 569 2749 665 2812; x_wconf 84' lang='lat' dir='ltr'>quidem</span> <span class='ocrx_word' id='word_1_213' title='bbox 677 2751 793 2812; x_wconf 73' lang='lat' dir='ltr'>praecipua</span> <span class='ocrx_word' id='word_1_214' title='bbox 803 2765 880 2810; x_wconf 77' lang='lat' dir='ltr'>operae</span> <span class='ocrx_word' id='word_1_215' title='bbox 890 2761 974 2795; x_wconf 78' lang='lat' dir='ltr'>nostrie</span> <span class='ocrx_word' id='word_1_216' title='bbox 983 2763 1036 2811; x_wconf 87' lang='lat' dir='ltr'>pars</span> <span class='ocrx_word' id='word_1_217' title='bbox 1048 2751 1071 2794; x_wconf 90' lang='lat' dir='ltr'>iu</span> <span class='ocrx_word' id='word_1_218' title='bbox 1082 2747 1219 2796; x_wconf 84' lang='lat' dir='ltr'>vulneribus</span> 
     </span>
     <span class='ocr_line' id='line_1_24' title="bbox 168 2813 1220 2882; baseline 0.004 -20"><span class='ocrx_word' id='word_1_219' title='bbox 168 2813 214 2862; x_wconf 91' lang='lat' dir='ltr'>illis</span> <span class='ocrx_word' id='word_1_220' title='bbox 230 2817 346 2863; x_wconf 81' lang='lat' dir='ltr'>sanandis.</span> <span class='ocrx_word' id='word_1_221' title='bbox 361 2821 442 2865; x_wconf 84' lang='lat' dir='ltr'>Statim</span> <span class='ocrx_word' id='word_1_222' title='bbox 461 2819 485 2864; x_wconf 89' lang='lat' dir='ltr'>iu</span> <span class='ocrx_word' id='word_1_223' title='bbox 504 2819 582 2866; x_wconf 75' lang='lat' dir='ltr'>fronte</span> <span class='ocrx_word' id='word_1_224' title='bbox 596 2821 705 2865; x_wconf 83' lang='lat' dir='ltr'>carminis</span> <span class='ocrx_word' id='word_1_225' title='bbox 724 2819 785 2865; x_wconf 73' lang='lat' dir='ltr'>ised:</span> <span class='ocrx_word' id='word_1_226' title='bbox 804 2822 906 2866; x_wconf 85' lang='lat' dir='ltr'>occurrit</span> <span class='ocrx_word' id='word_1_227' title='bbox 918 2818 994 2876; x_wconf 86' lang='lat' dir='ltr'>labes,</span> <span class='ocrx_word' id='word_1_228' title='bbox 1006 2822 1043 2866; x_wconf 88' lang='lat' dir='ltr'>cui</span> <span class='ocrx_word' id='word_1_229' title='bbox 1056 2819 1104 2881; x_wconf 85' lang='lat' dir='ltr'>jam</span> <span class='ocrx_word' id='word_1_230' title='bbox 1117 2819 1220 2882; x_wconf 63' lang='lat' dir='ltr'>Scaliger</span> 
     </span>
     <span class='ocr_line' id='line_1_25' title="bbox 167 2886 1220 2952; baseline 0.003 -21"><span class='ocrx_word' id='word_1_231' title='bbox 167 2886 257 2933; x_wconf 84' lang='lat' dir='ltr'>mederi</span> <span class='ocrx_word' id='word_1_232' title='bbox 272 2887 353 2935; x_wconf 78' lang='lat' dir='ltr'>voluit.</span> <span class='ocrx_word' id='word_1_233' title='bbox 372 2892 515 2936; x_wconf 80' lang='lat' dir='ltr'>Sententiam</span> <span class='ocrx_word' id='word_1_234' title='bbox 528 2888 574 2936; x_wconf 91' lang='lat' dir='ltr'>loci</span> <span class='ocrx_word' id='word_1_235' title='bbox 586 2893 683 2936; x_wconf 89' lang='lat' dir='ltr'>omnino</span> <span class='ocrx_word' id='word_1_236' title='bbox 702 2889 762 2936; x_wconf 83' lang='lat' dir='ltr'>banc</span> <span class='ocrx_word' id='word_1_237' title='bbox 779 2905 840 2946; x_wconf 87' lang='lat' dir='ltr'>esse,</span> <span class='ocrx_word' id='word_1_238' title='bbox 854 2903 891 2947; x_wconf 89' lang='lat' dir='ltr'>ut,</span> <span class='ocrx_word' id='word_1_239' title='bbox 904 2892 946 2936; x_wconf 85' lang='lat' dir='ltr'>etsi</span> <span class='ocrx_word' id='word_1_240' title='bbox 964 2887 1047 2935; x_wconf 87' lang='lat' dir='ltr'>studiis</span> <span class='ocrx_word' id='word_1_241' title='bbox 1065 2887 1220 2952; x_wconf 80' lang='lat' dir='ltr'>philosophiae</span> 
     </span>
     <span class='ocr_line' id='line_1_26' title="bbox 168 2955 1220 3024; baseline 0.005 -24"><span class='ocrx_word' id='word_1_242' title='bbox 168 2955 288 3018; x_wconf 71' lang='lat' dir='ltr'>Epicureae</span> <span class='ocrx_word' id='word_1_243' title='bbox 299 2973 349 3006; x_wconf 87' lang='lat' dir='ltr'>sese</span> <span class='ocrx_word' id='word_1_244' title='bbox 362 2961 488 3016; x_wconf 79' lang='lat' dir='ltr'>addixerit,</span> <span class='ocrx_word' id='word_1_245' title='bbox 502 2977 596 3007; x_wconf 85' lang='lat' dir='ltr'>carmen</span> <span class='ocrx_word' id='word_1_246' title='bbox 609 2974 686 3008; x_wconf 76' lang='lat' dir='ltr'>mmeu</span> <span class='ocrx_word' id='word_1_247' title='bbox 699 2961 743 3006; x_wconf 90' lang='lat' dir='ltr'>boc</span> <span class='ocrx_word' id='word_1_248' title='bbox 756 2964 875 3024; x_wconf 85' lang='lat' dir='ltr'>inceptum</span> <span class='ocrx_word' id='word_1_249' title='bbox 887 2976 912 3008; x_wconf 88' lang='lat' dir='ltr'>se</span> <span class='ocrx_word' id='word_1_250' title='bbox 924 2959 1044 3008; x_wconf 72' lang='lat' dir='ltr'>absolvere</span> <span class='ocrx_word' id='word_1_251' title='bbox 1055 2959 1116 3007; x_wconf 81' lang='lat' dir='ltr'>velle</span> <span class='ocrx_word' id='word_1_252' title='bbox 1130 2961 1220 3020; x_wconf 70' lang='lat' dir='ltr'>signiti-</span> 
     </span>
     <span class='ocr_line' id='line_1_27' title="bbox 170 3029 1218 3095; baseline 0.005 -25"><span class='ocrx_word' id='word_1_253' title='bbox 170 3039 220 3082; x_wconf 88' lang='lat' dir='ltr'>cet,</span> <span class='ocrx_word' id='word_1_254' title='bbox 230 3029 377 3076; x_wconf 75' lang='lat' dir='ltr'>manifestum</span> <span class='ocrx_word' id='word_1_255' title='bbox 395 3045 436 3078; x_wconf 87' lang='lat' dir='ltr'>est.</span> <span class='ocrx_word' id='word_1_256' title='bbox 453 3033 534 3094; x_wconf 86' lang='lat' dir='ltr'>ltaque</span> <span class='ocrx_word' id='word_1_257' title='bbox 552 3047 595 3077; x_wconf 79' lang='lat' dir='ltr'>sss.</span> <span class='ocrx_word' id='word_1_258' title='bbox 617 3048 664 3078; x_wconf 89' lang='lat' dir='ltr'>r....</span> <span class='ocrx_word' id='word_1_259' title='bbox 677 3033 691 3078; x_wconf 84' lang='grc'>8</span> <span class='ocrx_word' id='word_1_260' title='bbox 706 3033 735 3078; x_wconf 91' lang='lat' dir='ltr'>ad</span> <span class='ocrx_word' id='word_1_261' title='bbox 747 3035 848 3095; x_wconf 86' lang='lat' dir='ltr'>priorem</span> <span class='ocrx_word' id='word_1_262' title='bbox 868 3034 989 3078; x_wconf 77' lang='lat' dir='ltr'>sentcntiae</span> <span class='ocrx_word' id='word_1_263' title='bbox 998 3043 1086 3094; x_wconf 82' lang='lat' dir='ltr'>partem</span> <span class='ocrx_word' id='word_1_264' title='bbox 1097 3043 1218 3092; x_wconf 88' lang='lat' dir='ltr'>spectare,</span> 
     </span>
     <span class='ocr_line' id='line_1_28' title="bbox 169 3097 1219 3165; baseline 0.004 -23"><span class='ocrx_word' id='word_1_265' title='bbox 169 3097 225 3144; x_wconf 89' lang='lat' dir='ltr'>inde</span> <span class='ocrx_word' id='word_1_266' title='bbox 237 3099 333 3146; x_wconf 86' lang='lat' dir='ltr'>alteram</span> <span class='ocrx_word' id='word_1_267' title='bbox 344 3104 410 3164; x_wconf 86' lang='lat' dir='ltr'>sequi</span> <span class='ocrx_word' id='word_1_268' title='bbox 420 3117 514 3148; x_wconf 87' lang='lat' dir='ltr'>necesse</span> <span class='ocrx_word' id='word_1_269' title='bbox 525 3115 566 3148; x_wconf 88' lang='lat' dir='ltr'>est.</span> <span class='ocrx_word' id='word_1_270' title='bbox 582 3104 650 3150; x_wconf 84' lang='lat' dir='ltr'>Nunc</span> <span class='ocrx_word' id='word_1_271' title='bbox 659 3103 749 3165; x_wconf 60' lang='lat' dir='ltr'>singula</span> <span class='ocrx_word' id='word_1_272' title='bbox 762 3103 901 3150; x_wconf 81' lang='lat' dir='ltr'>videbimus.</span> <span class='ocrx_word' id='word_1_273' title='bbox 912 3129 943 3138; x_wconf 99' lang='lat'>-</span> <span class='ocrx_word' id='word_1_274' title='bbox 957 3118 976 3148; x_wconf 92' lang='grc' dir='ltr'>ι.</span> <span class='ocrx_word' id='word_1_275' title='bbox 992 3105 1054 3147; x_wconf 82' lang='lat' dir='ltr'>vario</span> <span class='ocrx_word' id='word_1_276' title='bbox 1064 3117 1147 3147; x_wconf 80' lang='lat' dir='ltr'>rasore.</span> <span class='ocrx_word' id='word_1_277' title='bbox 1160 3101 1219 3146; x_wconf 88' lang='lat' dir='ltr'>Cum</span> 
     </span>
     <span class='ocr_line' id='line_1_29' title="bbox 171 3163 1219 3236; baseline 0.004 -26"><span class='ocrx_word' id='word_1_278' title='bbox 171 3163 245 3212; x_wconf 87' lang='lat' dir='ltr'>altero</span> <span class='ocrx_word' id='word_1_279' title='bbox 259 3183 327 3214; x_wconf 76' lang='lat' dir='ltr'>versu</span> <span class='ocrx_word' id='word_1_280' title='bbox 338 3169 437 3215; x_wconf 86' lang='lat' dir='ltr'>eandem</span> <span class='ocrx_word' id='word_1_281' title='bbox 453 3185 501 3216; x_wconf 86' lang='lat' dir='ltr'>reru</span> <span class='ocrx_word' id='word_1_282' title='bbox 518 3187 560 3232; x_wconf 90' lang='lat' dir='ltr'>per</span> <span class='ocrx_word' id='word_1_283' title='bbox 573 3175 635 3220; x_wconf 79' lang='lat' dir='ltr'>irrita</span> <span class='ocrx_word' id='word_1_284' title='bbox 647 3175 740 3231; x_wconf 81' lang='lat' dir='ltr'>proemin</span> <span class='ocrx_word' id='word_1_285' title='bbox 753 3171 815 3236; x_wconf 75' lang='lat' dir='ltr'>vulqi</span> <span class='ocrx_word' id='word_1_286' title='bbox 825 3170 939 3217; x_wconf 83' lang='lat' dir='ltr'>declaret:</span> <span class='ocrx_word' id='word_1_287' title='bbox 952 3173 1005 3234; x_wconf 87' lang='lat' dir='ltr'>quis</span> <span class='ocrx_word' id='word_1_288' title='bbox 1017 3171 1109 3216; x_wconf 88' lang='lat' dir='ltr'>dubitet</span> <span class='ocrx_word' id='word_1_289' title='bbox 1125 3181 1219 3232; x_wconf 80' lang='lat' dir='ltr'>poetam</span> 
     </span>
     <span class='ocr_line' id='line_1_30' title="bbox 171 3235 1221 3301; baseline -0.001 -18"><span class='ocrx_word' id='word_1_290' title='bbox 171 3251 229 3283; x_wconf 81' lang='grc' dir='ltr'>υιιιιο</span> <span class='ocrx_word' id='word_1_291' title='bbox 241 3235 314 3284; x_wconf 82' lang='lat' dir='ltr'>lundis</span> <span class='ocrx_word' id='word_1_292' title='bbox 325 3243 537 3300; x_wconf 72' lang='lat' dir='ltr'>wwnscripsisse.</span> <span class='ocrx_word' id='word_1_293' title='bbox 555 3242 588 3286; x_wconf 89' lang='lat' dir='ltr'>lta</span> <span class='ocrx_word' id='word_1_294' title='bbox 605 3257 628 3288; x_wconf 87' lang='lat' dir='ltr'>et</span> <span class='ocrx_word' id='word_1_295' title='bbox 645 3245 694 3290; x_wconf 86' lang='lat' dir='ltr'>Nic.</span> <span class='ocrx_word' id='word_1_296' title='bbox 712 3245 791 3288; x_wconf 88' lang='lat' dir='ltr'>lleins.</span> <span class='ocrx_word' id='word_1_297' title='bbox 808 3243 929 3297; x_wconf 85' lang='lat' dir='ltr'>emendat,</span> <span class='ocrx_word' id='word_1_298' title='bbox 948 3253 970 3288; x_wconf 88' lang='lat' dir='ltr'>et</span> <span class='ocrx_word' id='word_1_299' title='bbox 988 3252 1099 3301; x_wconf 71' lang='lat' dir='ltr'>praterea</span> <span class='ocrx_word' id='word_1_300' title='bbox 1112 3238 1221 3284; x_wconf 81' lang='lat' dir='ltr'>lactatum</span> 
     </span>
     <span class='ocr_line' id='line_1_31' title="bbox 171 3305 1219 3376; baseline 0.011 -22"><span class='ocrx_word' id='word_1_301' title='bbox 171 3305 243 3372; x_wconf 61' lang='lat' dir='ltr'>legit,</span> <span class='ocrx_word' id='word_1_302' title='bbox 256 3309 326 3356; x_wconf 85' lang='lat' dir='ltr'>bene.</span> <span class='ocrx_word' id='word_1_303' title='bbox 342 3331 352 3350; x_wconf 86' lang='grc' dir='ltr'>ι</span> <span class='ocrx_word' id='word_1_304' title='bbox 362 3312 455 3357; x_wconf 80' lang='lat' dir='ltr'>Festus:</span> <span class='ocrx_word' id='word_1_305' title='bbox 470 3309 538 3364; x_wconf 90' lang='lat' dir='ltr'>lacit,</span> <span class='ocrx_word' id='word_1_306' title='bbox 557 3313 685 3376; x_wconf 80' lang='lat' dir='ltr'>decipiendo</span> <span class='ocrx_word' id='word_1_307' title='bbox 703 3317 803 3367; x_wconf 75' lang='lat' dir='ltr'>inducit,¹</span> <span class='ocrx_word' id='word_1_308' title='bbox 821 3313 858 3359; x_wconf 82' lang='lat' dir='ltr'>lar</span> <span class='ocrx_word' id='word_1_309' title='bbox 872 3315 951 3359; x_wconf 76' lang='lat' dir='ltr'>etenim</span> <span class='ocrx_word' id='word_1_310' title='bbox 962 3311 1034 3374; x_wconf 67' lang='lat' dir='ltr'>fiam</span> <span class='ocrx_word' id='word_1_311' title='bbox 1051 3319 1098 3362; x_wconf 70' lang='lat' dir='ltr'>ests</span> <span class='ocrx_word' id='word_1_312' title='bbox 1112 3309 1179 3365; x_wconf 82' lang='lat' dir='ltr'>lacit,</span> <span class='ocrx_word' id='word_1_313' title='bbox 1195 3313 1219 3356; x_wconf 62' lang='lat'>5²¹</span> 
     </span>
    </p>
   </div>
   <div class='ocr_carea' id='block_1_7' title="bbox 89 3463 1221 4178">
    <p class='ocr_par' dir='ltr' id='par_1_8' title="bbox 172 3463 1221 3859">
     <span class='ocr_line' id='line_1_32' title="bbox 208 3463 1220 3536; baseline -0.002 -18"><span class='ocrx_word' id='word_1_314' title='bbox 208 3465 298 3534; x_wconf 86' lang='lat' dir='ltr'>Quum</span> <span class='ocrx_word' id='word_1_315' title='bbox 308 3464 452 3519; x_wconf 77' lang='lat' dir='ltr'>difficultas</span> <span class='ocrx_word' id='word_1_316' title='bbox 462 3463 541 3536; x_wconf 83' lang='lat' dir='ltr'>hujus</span> <span class='ocrx_word' id='word_1_317' title='bbox 550 3469 674 3520; x_wconf 87' lang='lat' dir='ltr'>carminis</span> <span class='ocrx_word' id='word_1_318' title='bbox 718 3467 807 3531; x_wconf 88' lang='lat' dir='ltr'>luerit,</span> <span class='ocrx_word' id='word_1_319' title='bbox 813 3463 990 3536; x_wconf 76' lang='lat' dir='ltr'>philosophie</span> <span class='ocrx_word' id='word_1_320' title='bbox 996 3463 1220 3534; x_wconf 83' lang='lat' dir='ltr'>Epicurioperaru</span> 
     </span>
     <span class='ocr_line' id='line_1_33' title="bbox 173 3543 1219 3618; baseline -0.005 -18"><span class='ocrx_word' id='word_1_321' title='bbox 173 3545 366 3618; x_wconf 85' lang='lat' dir='ltr'>interpretandi</span> <span class='ocrx_word' id='word_1_322' title='bbox 390 3544 549 3617; x_wconf 85' lang='lat' dir='ltr'>plerumque</span> <span class='ocrx_word' id='word_1_323' title='bbox 572 3563 604 3598; x_wconf 83' lang='lat' dir='ltr'>ex</span> <span class='ocrx_word' id='word_1_324' title='bbox 629 3546 675 3598; x_wconf 88' lang='lat' dir='ltr'>de·</span> <span class='ocrx_word' id='word_1_325' title='bbox 720 3545 784 3598; x_wconf 86' lang='lat' dir='ltr'>dare</span> <span class='ocrx_word' id='word_1_326' title='bbox 807 3547 851 3598; x_wconf 88' lang='lat' dir='ltr'>ait.</span> <span class='ocrx_word' id='word_1_327' title='bbox 875 3544 957 3596; x_wconf 90' lang='lat' dir='ltr'>Color</span> <span class='ocrx_word' id='word_1_328' title='bbox 977 3545 1105 3595; x_wconf 86' lang='lat' dir='ltr'>orationis</span> <span class='ocrx_word' id='word_1_329' title='bbox 1127 3543 1219 3595; x_wconf 88' lang='lat' dir='ltr'>similis</span> 
     </span>
     <span class='ocr_line' id='line_1_34' title="bbox 172 3621 1221 3700; baseline -0.005 -20"><span class='ocrx_word' id='word_1_330' title='bbox 172 3639 284 3700; x_wconf 84' lang='lat' dir='ltr'>prarata</span> <span class='ocrx_word' id='word_1_331' title='bbox 298 3625 412 3678; x_wconf 88' lang='lat' dir='ltr'>lectione</span> <span class='ocrx_word' id='word_1_332' title='bbox 423 3621 623 3696; x_wconf 80' lang='lat' dir='ltr'>proficiscatur:</span> <span class='ocrx_word' id='word_1_333' title='bbox 638 3623 673 3677; x_wconf 93' lang='lat' dir='ltr'>ad</span> <span class='ocrx_word' id='word_1_334' title='bbox 718 3638 758 3676; x_wconf 91' lang='lat' dir='ltr'>est</span> <span class='ocrx_word' id='word_1_335' title='bbox 773 3623 924 3677; x_wconf 84' lang='lat' dir='ltr'>Catulliano</span> <span class='ocrx_word' id='word_1_336' title='bbox 942 3624 1052 3675; x_wconf 88' lang='lat' dir='ltr'>carmini</span> <span class='ocrx_word' id='word_1_337' title='bbox 1068 3623 1149 3674; x_wconf 71' lang='lat' dir='ltr'>lxlv</span> <span class='ocrx_word' id='word_1_338' title='bbox 1160 3623 1221 3675; x_wconf 81' lang='lat' dir='ltr'>Etsi</span> 
     </span>
     <span class='ocr_line' id='line_1_35' title="bbox 173 3701 1218 3776; baseline -0.007 -15"><span class='ocrx_word' id='word_1_339' title='bbox 173 3711 279 3762; x_wconf 84' lang='lat' dir='ltr'>criticos</span> <span class='ocrx_word' id='word_1_340' title='bbox 290 3705 532 3760; x_wconf 79' lang='lat' dir='ltr'>animadversiones</span> <span class='ocrx_word' id='word_1_341' title='bbox 544 3704 673 3776; x_wconf 90' lang='lat' dir='ltr'>pleraque</span> <span class='ocrx_word' id='word_1_342' title='bbox 719 3722 761 3756; x_wconf 85' lang='lat' dir='ltr'>me</span> <span class='ocrx_word' id='word_1_343' title='bbox 775 3704 877 3757; x_wconf 82' lang='lat' dir='ltr'>assiduo</span> <span class='ocrx_word' id='word_1_344' title='bbox 889 3703 1039 3774; x_wconf 80' lang='lat' dir='ltr'>confectum</span> <span class='ocrx_word' id='word_1_345' title='bbox 1051 3720 1114 3754; x_wconf 81' lang='lat' dir='ltr'>curu</span> <span class='ocrx_word' id='word_1_346' title='bbox 1129 3701 1218 3754; x_wconf 78' lang='lat' dir='ltr'>dolore</span> 
     </span>
     <span class='ocr_line' id='line_1_36' title="bbox 174 3781 1219 3859; baseline -0.014 -20"><span class='ocrx_word' id='word_1_347' title='bbox 174 3790 283 3859; x_wconf 86' lang='lat' dir='ltr'>rejicere</span> <span class='ocrx_word' id='word_1_348' title='bbox 295 3799 321 3839; x_wconf 88' lang='lat' dir='ltr'>et</span> <span class='ocrx_word' id='word_1_349' title='bbox 333 3785 377 3838; x_wconf 89' lang='lat' dir='ltr'>hic</span> <span class='ocrx_word' id='word_1_350' title='bbox 388 3784 565 3837; x_wconf 74' lang='lat' dir='ltr'>necesseluit.</span> <span class='ocrx_word' id='word_1_351' title='bbox 717 3785 827 3838; x_wconf 70' lang='lat' dir='ltr'>Sennem</span> <span class='ocrx_word' id='word_1_352' title='bbox 844 3803 860 3835; x_wconf 86' lang='lat' dir='ltr'>a</span> <span class='ocrx_word' id='word_1_353' title='bbox 881 3785 976 3846; x_wconf 82' lang='lat' dir='ltr'>doctis,</span> <span class='ocrx_word' id='word_1_354' title='bbox 994 3781 1119 3847; x_wconf 71' lang='lat' dir='ltr'>Hortalo,</span> <span class='ocrx_word' id='word_1_355' title='bbox 1139 3782 1219 3855; x_wconf 69' lang='lat' dir='ltr'>virqi.</span> 
     </span>
    </p>

    <p class='ocr_par' dir='ltr' id='par_1_9' title="bbox 89 3860 1220 4178">
     <span class='ocr_line' id='line_1_37' title="bbox 213 3860 1219 3938; baseline -0.006 -19"><span class='ocrx_word' id='word_1_356' title='bbox 213 3884 265 3920; x_wconf 87' lang='lat' dir='ltr'>r....</span> <span class='ocrx_word' id='word_1_357' title='bbox 275 3883 301 3936; x_wconf 86' lang='lat'>9.</span> <span class='ocrx_word' id='word_1_358' title='bbox 320 3860 463 3938; x_wconf 62' lang='lat' dir='ltr'>‹luffgenda</span> <span class='ocrx_word' id='word_1_359' title='bbox 480 3877 557 3916; x_wconf 67' lang='lat' dir='ltr'>eunte</span> <span class='ocrx_word' id='word_1_360' title='bbox 577 3863 672 3916; x_wconf 73' lang='lat' dir='ltr'>Eut...</span> <span class='ocrx_word' id='word_1_361' title='bbox 718 3865 803 3916; x_wconf 82' lang='lat' dir='ltr'>nibus.</span> <span class='ocrx_word' id='word_1_362' title='bbox 824 3864 895 3916; x_wconf 76' lang='lat' dir='ltr'>vario</span> <span class='ocrx_word' id='word_1_363' title='bbox 915 3881 1004 3916; x_wconf 83' lang='lat' dir='ltr'>amore</span> <span class='ocrx_word' id='word_1_364' title='bbox 1021 3861 1120 3926; x_wconf 79' lang='lat' dir='ltr'>laudis,</span> <span class='ocrx_word' id='word_1_365' title='bbox 1137 3864 1219 3914; x_wconf 86' lang='lat' dir='ltr'>variis</span> 
     </span>
     <span class='ocr_line' id='line_1_38' title="bbox 175 3941 1219 4016; baseline -0.009 -16"><span class='ocrx_word' id='word_1_366' title='bbox 175 3965 228 4000; x_wconf 83' lang='lat' dir='ltr'>non</span> <span class='ocrx_word' id='word_1_367' title='bbox 238 3959 326 4000; x_wconf 79' lang='lat' dir='ltr'>tumen</span> <span class='ocrx_word' id='word_1_368' title='bbox 335 3947 466 4000; x_wconf 80' lang='lat' dir='ltr'>absistam.</span> <span class='ocrx_word' id='word_1_369' title='bbox 477 3945 506 3996; x_wconf 93' lang='lat' dir='ltr'>ln</span> <span class='ocrx_word' id='word_1_370' title='bbox 516 3945 608 4016; x_wconf 90' lang='lat' dir='ltr'>primis</span> <span class='ocrx_word' id='word_1_371' title='bbox 618 3962 675 3996; x_wconf 87' lang='lat' dir='ltr'>ver·</span> <span class='ocrx_word' id='word_1_372' title='bbox 718 3944 805 3998; x_wconf 86' lang='lat' dir='ltr'>modis</span> <span class='ocrx_word' id='word_1_373' title='bbox 827 3963 859 3998; x_wconf 87' lang='lat' dir='ltr'>ao</span> <span class='ocrx_word' id='word_1_374' title='bbox 877 3945 926 3997; x_wconf 79' lang='lat' dir='ltr'>viis</span> <span class='ocrx_word' id='word_1_375' title='bbox 946 3942 1052 3996; x_wconf 84' lang='lat' dir='ltr'>laudern</span> <span class='ocrx_word' id='word_1_376' title='bbox 1074 3953 1100 3993; x_wconf 89' lang='lat' dir='ltr'>et</span> <span class='ocrx_word' id='word_1_377' title='bbox 1120 3941 1219 3992; x_wconf 83' lang='lat' dir='ltr'>famam</span> 
     </span>
     <span class='ocr_line' id='line_1_39' title="bbox 175 4015 1220 4096; baseline -0.011 -16"><span class='ocrx_word' id='word_1_378' title='bbox 175 4027 247 4080; x_wconf 85' lang='lat' dir='ltr'>sibus</span> <span class='ocrx_word' id='word_1_379' title='bbox 265 4045 307 4088; x_wconf 84' lang='lat' dir='ltr'>se,</span> <span class='ocrx_word' id='word_1_380' title='bbox 327 4015 483 4096; x_wconf 74' lang='lat' dir='ltr'>abjectis&#39;iis</span> <span class='ocrx_word' id='word_1_381' title='bbox 495 4021 604 4086; x_wconf 85' lang='lat' dir='ltr'>studiis,</span> <span class='ocrx_word' id='word_1_382' title='bbox 618 4027 675 4096; x_wconf 90' lang='lat' dir='ltr'>qui·</span> <span class='ocrx_word' id='word_1_383' title='bbox 719 4037 830 4078; x_wconf 85' lang='lat' dir='ltr'>venatus</span> <span class='ocrx_word' id='word_1_384' title='bbox 841 4035 905 4076; x_wconf 86' lang='lat' dir='ltr'>erat.</span> <span class='ocrx_word' id='word_1_385' title='bbox 920 4021 972 4075; x_wconf 85' lang='lat' dir='ltr'>Sed</span> <span class='ocrx_word' id='word_1_386' title='bbox 983 4039 1009 4072; x_wconf 80' lang='lat' dir='ltr'>v.</span> <span class='ocrx_word' id='word_1_387' title='bbox 1019 4023 1081 4072; x_wconf 83' lang='lat' dir='ltr'>Var.</span> <span class='ocrx_word' id='word_1_388' title='bbox 1095 4021 1166 4070; x_wconf 88' lang='lat' dir='ltr'>Lect.</span> <span class='ocrx_word' id='word_1_389' title='bbox 1182 4019 1220 4068; x_wconf 84' lang='lat' dir='ltr'>ir·</span> 
     </span>
     <span class='ocr_line' id='line_1_40' title="bbox 89 4097 1220 4178; baseline -0.011 -18"><span class='ocrx_word' id='word_1_390' title='bbox 89 4097 92 4102; x_wconf 44' lang='lat'>¹</span> <span class='ocrx_word' id='word_1_391' title='bbox 176 4105 226 4159; x_wconf 85' lang='lat' dir='ltr'>bus</span> <span class='ocrx_word' id='word_1_392' title='bbox 242 4105 315 4178; x_wconf 83' lang='lat' dir='ltr'>apud</span> <span class='ocrx_word' id='word_1_393' title='bbox 328 4105 422 4177; x_wconf 67' lang='lat' dir='ltr'>tulgus</span> <span class='ocrx_word' id='word_1_394' title='bbox 441 4103 616 4158; x_wconf 74' lang='lat' dir='ltr'>inclarescere</span> <span class='ocrx_word' id='word_1_395' title='bbox 630 4123 676 4158; x_wconf 81' lang='lat' dir='ltr'>vo·</span> <span class='ocrx_word' id='word_1_396' title='bbox 721 4105 772 4156; x_wconf 79' lang='lat' dir='ltr'>rita</span> <span class='ocrx_word' id='word_1_397' title='bbox 780 4103 890 4177; x_wconf 80' lang='lat' dir='ltr'>prsemis</span> <span class='ocrx_word' id='word_1_398' title='bbox 898 4100 943 4167; x_wconf 72' lang='lat' dir='ltr'>,ln</span> <span class='ocrx_word' id='word_1_399' title='bbox 953 4099 1149 4164; x_wconf 81' lang='lat' dir='ltr'>rana‚insnia;</span> <span class='ocrx_word' id='word_1_400' title='bbox 1158 4107 1220 4150; x_wconf 86' lang='lat' dir='ltr'>sunt</span> 
     </span>
    </p>
   </div>
   <div class='ocr_carea' id='block_1_8' title="bbox 0 0 1510 4694">
    <p class='ocr_par' dir='ltr' id='par_1_10' title="bbox 0 0 1510 4694">
     <span class='ocr_line' id='line_1_41' title="bbox 0 0 1510 4694; baseline 0 0"><span class='ocrx_word' id='word_1_401' title='bbox 0 0 1510 4694; x_wconf 95' lang='lat' dir='ltr'> </span> 
     </span>
    </p>
   </div>
  </div>
 </body>
</html>
