3000 4674
326 337 647 464 conuenienti
662 375 706 440 1u
722 377 928 444 acnoouu
944 379 1003 444 111.
1121 357 1208 448 255‘

522 569 805 632 ExeulcaTlO.

190 759 216 800 i.
229 739 352 801 Primus.
365 739 425 799 Dic
436 739 595 813 numera,
608 737 712 818 cujum
726 749 771 796 est
785 734 893 818 pecus?
904 737 986 798 Hinc
995 735 1060 820 jam
1075 740 1188 824 incipit

147 842 330 888 contemtus.
345 829 442 907 Quasi
454 827 541 887 dicat
553 823 676 908 cujum?
688 845 759 885 nam
774 846 838 885 non
851 839 949 886 tuum.
964 829 1003 886 Es
1016 849 1054 888 nc
1066 827 1186 890 furatus

147 913 258 974 alicui?
270 936 308 974 an
326 931 372 976 eat
382 915 513 976 fortasse
528 911 685 974 Meliboei?
696 911 787 974 Alter.
800 915 906 995 Neque
924 930 970 973 est
982 915 1135 992 Meliboei,
1152 933 1188 978 ut

147 1000 241 1079 dicia,
256 1002 308 1062 aed
320 1004 463 1085 AEgonia:
478 1021 577 1084 neque
588 1021 662 1061 vero
675 1021 732 1082 ego
748 997 798 1060 fur
810 1021 894 1076 sun13
910 1021 982 1060 nain
994 1023 1094 1084 nuper
1109 1002 1188 1063 milri

147 1091 243 1170 AEgon
260 1090 337 1150 illud
353 1091 540 1172 pascendum
555 1091 722 1150 commisit.

183 1178 214 1237 3.
226 1179 298 1238 Jam
311 1177 363 1238 hic
376 1181 477 1260 aperit
487 1177 569 1238 clare
581 1177 739 1238 Menalcas
751 1175 897 1238 hostilem
911 1179 1070 1237 animum:
1084 1199 1103 1239 o
1116 1199 1188 1239 orca

601 1366 737 1428 NOTAE.

187 1551 208 1586 ι.
223 1533 273 1587 Dic
285 1533 353 1588 milri
361 1537 491 1589 Damoeta.
501 1537 608 1590 Transit
619 1538 645 1589 in
692 1537 770 1589 rebus
778 1536 965 1589 communibus
973 1537 1110 1604 veniente,
1120 1531 1204 1589 com·'

148 1613 274 1686 Eulogarn
289 1616 395 1686 plenam
408 1613 500 1688 litigii,
517 1629 543 1668 et
555 1629 646 1689 patto·
692 1617 789 1687 posuit.
804 1615 890 1668 Habet
903 1617 987 1678 enirn,
1000 1615 1026 1666 iu
1039 1616 1098 1686 ipso
1113 1618 1190 1688 quati

150 1693 244 1746 reliam
254 1697 440 1746 convitiorum.
454 1695 506 1763 Qui
519 1698 588 1748 enim
599 1695 648 1746 llu-
692 1697 779 1766 primo
801 1711 926 1761 occursu,
949 1691 1008 1746 litea
1029 1705 1055 1745 et
1072 1695 1187 1766 jurgia:

149 1771 236 1824 colina
253 1773 359 1838 scribit,
378 1791 472 1826 curare
489 1773 569 1844 debet
585 1785 646 1826 aute
691 1774 754 1827 inde
762 1777 889 1846 quaeritur
893 1772 983 1844 judex,
990 1786 1190 1844 quopreaente,

149 1853 253 1917 omnia,
263 1871 296 1906 ne
306 1854 404 1906 similet
415 1853 465 1906 eibi
474 1855 525 1906 aiut
535 1853 645 1926 eelogae:
691 1853 808 1908 habeant
818 1854 970 1906 conflictum
982 1865 1008 1906 et
1021 1853 1191 1925 disceptatio·

150 1930 307 2000 quodetiam
314 1933 588 2004 Virqssiuaioeit.Nam
594 1933 648 2004 pri·
690 1951 761 1986 uem.
769 1934 893 2005 Sequitur
901 1932 965 1988 iude
975 1935 1120 1998 sententia,
1130 1950 1188 2003 quae

149 2010 646 2078 ma,habetuoiueotium:etalteriua‚
691 2015 814 2066 universa
834 2011 980 2066 concludit.
1001 2013 1072 2064 Serv.
1091 2041 1126 2072 -,
1145 2011 1189 2064 Art

150 2092 195 2161 qui
206 2091 239 2144 de
251 2110 300 2144 auo
311 2111 375 2166 agro
383 2091 505 2164 pellitur,
515 2109 647 2162 conquea-
689 2090 816 2144 Metiboet.
827 2094 897 2160 Quia
907 2086 1054 2148 dubitatde
1063 2091 1188 2158 domiuo,

148 2171 256 2222 tionem.
269 2169 404 2238 Secunda,
415 2183 547 2222 amantem
560 2169 647 2241 expri·
689 2172 796 2225 videtur
806 2175 918 2237 sentire,
933 2172 1083 2227 Damoetaru
1094 2172 1189 2244 vulga·

148 2247 340 2303 mitruaticum.
354 2253 485 2302 llaecverc
498 2247 657 2302 liteahabet.
690 2269 746 2302 rem
756 2269 813 2303 case
823 2253 1029 2316 mercenarium,
1043 2253 1122 2322 etqui
1131 2251 1188 2321 qui·

148 2345 175 2383 et
189 2331 398 2386 altercationem.
410 2329 487 2382 Unde
497 2331 578 2382 etiam
588 2328 647 2382 dra·
689 2329 781 2396 bueria
793 2348 868 2382 auam
877 2327 1182 2402 operemlocetdlamoe,

148 2401 247 2462 matico
256 2409 409 2463 charactere
417 2410 515 2480 scripta
523 2409 647 2462 eetNam
665 2460 668 2469 ,
692 2423 732 2462 tos
744 2427 823 2476 vero,
835 2421 864 2460 ut
877 2421 972 2462 contro
986 2427 1053 2480 effre
1069 2411 1187 2466 faceret:

149 2507 282 2561 nusquam
296 2503 375 2562 poeta
389 2489 525 2560 loquitur:
546 2485 593 2540 aed
605 2488 647 2538 in·
691 2489 763 2554 Non,
771 2491 867 2562 inquit,
875 2487 1003 2556 Meliboei,
1010 2487 1058 2541 aed
1066 2489 1186 2560 AEgooim

148 2567 278 2622 traductae
295 2581 398 2632 tantum
413 2585 543 2642 peraonae.
565 2565 648 2616 Novi·
692 2565 1026 2634 nomeuriralisadodium
1035 2567 1188 2637 subjiciens,

149 2665 208 2710 niue
228 2661 316 2702 autem
335 2661 387 2700 tree
405 2664 462 2700 esse
482 2645 647 2698 characteres
693 2663 723 2701 ut
737 2648 812 2700 illum
829 2650 885 2718 ejua
902 2647 1040 2720 opulentia
1052 2647 1189 2703 remorde-

149 2726 273 2780 dicendi:
287 2729 375 2780 Unum
387 2727 607 2800 exegematicon,
620 2726 648 2776 iu
692 2741 741 2781 ret.
750 2725 868 2794 Deinde,
878 2740 909 2780 ut
915 2744 944 2778 ae
952 2745 967 2780 a
975 2725 1109 2780 calumnia
1118 2746 1190 2780 ema·

151 2825 204 2878 quo
219 2820 321 2860 tautum
333 2819 415 2879 poeta
427 2805 545 2877 loquitur
559 2826 564 2855 :
581 2803 648 2855 alte·
693 2808 871 2878 ceratigregis
881 2807 1019 2871 eximeret,
1032 2818 1190 2878 temporem

150 2905 210 2937 rum
220 2885 409 2953 dramaticum,
422 2897 451 2935 ut
461 2875 539 2934 eet'in
552 2900 649 2935 comoe-
693 2884 822 2938 defendit·
835 2883 931 2936 Noun.

150 2965 201 3016 diia
210 2978 236 3016 et
244 2963 387 3038 tragoediis.
400 2965 520 3018 Tertium
528 2963 648 3032 mistum,
729 2981 752 3016 a.
767 2967 845 3016 Non:
859 2980 948 3014 verum
960 2962 1079 3034 AEponit.
1093 2963 1189 3018 Amare

151 3055 182 3094 ut
199 3045 283 3094 estin
300 3041 428 3096 AEneide:
446 3060 507 3094 nam
527 3053 553 3092 et
569 3054 650 3112 poeta
693 3047 773 3096 etiem
783 3043 940 3096 haeoriralie
954 3045 1011 3111 ejus
1023 3061 1122 3112 pecora
1133 3063 1191 3098 eaeo

151 3121 220 3184 illic,
241 3133 267 3174 et
285 3119 443 3173 introducta
463 3136 585 3189 personae
605 3119 647 3170 lo·
694 3120 1191 3180 dicit:etutdivitiaailliuaoatendat.

153 3211 278 3270 quantur.
299 3201 354 3250 uos
371 3210 460 3249 autem
477 3215 569 3248 omnes
586 3195 649 3248 cha-
694 3214 720 3254 et
737 3201 808 3254 dicat
824 3200 978 3253 duracease
995 3199 1074 3268 hujus
1088 3214 1192 3270 partes,

151 3291 267 3330 caeterea
279 3279 305 3329 in
321 3274 445 3328 Bucolico
456 3293 512 3327 esse
526 3276 659 3328 convenit'
693 3282 715 3331 ai
727 3278 833 3349 quidem
843 3277 931 3328 rivalia
942 3281 1012 3346 ejue,
1022 3278 1126 3330 truditis
1136 3281 1193 3332 ovi-
1234 3303 1239 3314 ·

152 3358 285 3410 carmine:
299 3358 367 3409 sicut
376 3354 444 3408 liber
453 3355 533 3407 etiam
543 3355 593 3405 iate
604 3353 649 3405 de·
693 3359 758 3422 bus,
771 3357 843 3410 eolus
856 3359 946 3412 amica
959 3360 1106 3410 communis
1120 3377 1193 3412 amo.

151 3448 290 3490 monstrat.
302 3437 371 3488 Nem
383 3434 462 3488 habet
474 3432 548 3486 illum
559 3451 651 3504 exege·
694 3437 768 3490 ribua
779 3447 864 3488 vacet.
873 3434 989 3488 -Milri
999 3435 1114 3488 tradidit.
1125 3439 1191 3490 Men

110 3523 115 3528 '
152 3519 292 3582 maticum,
306 3517 333 3566 in
344 3531 397 3586 quo
408 3525 510 3564 tanturn
519 3525 601 3584 poeta
611 3511 650 3562 lo·
694 3515 757 3567 lidei
768 3514 914 3584 commisit,
925 3525 952 3566 et
965 3512 1087 3580 credidit.
1099 3515 1171 3570 Sem.

152 3597 258 3668 quitur:
271 3609 314 3662 ut,
324 3591 448 3648 Sicelides
457 3593 555 3658 Mose,
567 3589 650 3662 paulo
674 3642 678 3650 ,
730 3593 890 3646 3.Neoeram.
898 3595 1016 3648 Amicam
1025 3612 1192 3654 communem

151 3677 252 3748 niujora
268 3693 402 3726 canamus.
424 3671 511 3724 Habet
529 3673 649 3736 mistum,
695 3671 769 3726 a'uaru
780 3685 807 3726 et
814 3673 949 3742 Menalcae.
959 3674 1102 3744 rii-Dum
1105 3675 1189 3745 fovet.

152 3747 651 3826 ut,Extremumlruncdretlrueomilii
695 3753 784 3821 Quum
802 3751 939 3808 blandiciis
959 3752 1074 3824 aliquem
1094 3754 1191 3810 delini-

152 3835 263 3888 eoncede
275 3834 398 3888 laborem.
412 3833 572 3884 Nemetiam
586 3829 650 3883 Gal·
695 3850 767 3898 mua,
790 3832 881 3884 fovere
907 3831 1020 3888 dicimur
1042 3833 1192 3904 homiuem,

153 3915 209 3967 lum
217 3915 271 3968 illic
279 3915 380 3968 inducit
390 3914 551 3985 loquentem.
563 3911 649 3966 Habet
695 3911 788 3974 Cicero
798 3910 832 3962 ad
839 3911 871 3978 Q.
880 3911 964 3964 Fratr.
980 3913 1050 3966 Puto
1055 3915 1192 3984 perPom.

154 3993 342 4064 dramaticum,
353 4007 383 4046 ut
395 3995 422 4048 iu
434 3994 520 4068 prima
535 3991 648 4064 Ecloqaz
693 3990 806 4063 portium
815 3987 963 4062 fovendam
978 3992 1026 4044 tibi
1041 4009 1091 4044 eree
1108 3993 1193 4065 ipsum

154 4075 254 4134 iteruin
264 4073 328 4142 hac,
341 4091 423 4152 quarn
430 4073 495 4128 urire
504 4071 653 4142 ordinmex
664 4135 668 4144 ,
695 4069 873 4126 Hortensium.
884 4070 1191 4144 Amamtibushoceura,
