2998 4670
245 419 310 487 620
573 416 952 484 COMMENTARIA

241 542 331 602 Maro
351 561 422 602 vere
438 553 598 624 poetarum
620 543 771 623 princeps.
785 538 937 616 Quaehsec
950 562 1051 604 rerum
1064 511 1282 632 imagoillind

241 629 385 712 Orpheus
400 629 458 690 suh
474 651 551 712 rupe
569 629 620 690 llet
634 629 673 690 ad
688 649 839 720 aquarum
853 628 970 704 lluxns3
987 633 1067 694 feras
1083 653 1202 714 movet3
1218 640 1279 722 syl.

239 735 293 777 vas
310 720 389 800 agit3
410 718 521 779 mulcet
538 739 627 778 saxa:
644 719 717 776 inde
736 715 909 777 Philomela
928 739 1014 778 ramo
1034 724 1165 801 insidet,
1185 725 1281 808 plena

240 807 428 884 gemituum,
441 807 586 882 fletuum,
598 808 786 880 carminum,
800 805 996 885 querelarum
1006 809 1163 892 :Orpheus
1175 835 1280 874 rursus

239 891 309 953 loca
321 910 465 976 peragrat
476 894 574 976 glacie
587 894 730 968 horrida,
749 897 820 954 nive
833 893 951 970 obsita,
970 899 1091 978 pruinis
1101 900 1211 982 plena:
1225 904 1280 983 qui

240 982 275 1041 in
294 981 342 1042 his
360 983 494 1044 luctibus
510 1005 546 1044 ex
568 986 750 1066 poenitentia
769 983 971 1060 recreandus,
988 986 1092 1046 subito
1110 990 1281 1068 occiditur,

240 1073 395 1152 tragicum
406 1073 555 1155 quiddam
569 1072 761 1156 spirantibus
773 1075 981 1133 carminibus:
992 1074 1158 1154 laceratur3
1171 1081 1282 1139 discer-

239 1159 339 1240 pitur,
351 1160 490 1222 membra
500 1163 580 1243 agris
591 1161 715 1238 dantur,
724 1176 820 1243 caput
830 1161 940 1234 iluvio,
952 1161 1006 1222 ubi
1018 1167 1155 1225 exoritur
1163 1187 1281 1226 novum

239 1253 331 1322 πάθος,
346 1265 376 1310 et
389 1251 625 1313 nullihactenus
638 1251 796 1325 auditum,
812 1251 850 1310 de
864 1251 987 1332 lingua,
1003 1273 1109 1329 amne,
1125 1257 1220 1338 ripis,
1232 1258 1281 1315 in-

239 1333 447 1401 clamantibus
461 1362 556 1401 unam
575 1339 761 1421 Eurydicen,
777 1361 871 1422 quam
888 1338 940 1399 ille
956 1339 1123 1418 dilexerat,
1139 1363 1175 1402 ac
1191 1341 1282 1404 dulce

239 1420 300 1485 hoc
312 1449 426 1490 nomen
441 1452 521 1512 saepe
533 1431 763 1490 insonantibus.

279 1515 346 1576 528.
362 1519 512 1581 Absoluto
524 1521 666 1596 oraculo,
681 1522 810 1580 Proteus
825 1521 856 1578 in
872 1541 957 1580 mare
968 1520 1100 1595 desiliit,
1114 1533 1217 1603 etqua
1231 1519 1282 1582 de·

239 1601 329 1679 siliit,
342 1628 455 1689 aquam
469 1613 573 1686 torsit,
585 1611 793 1692 excitavitque
806 1629 950 1692 spumam
962 1612 1020 1670 sub
1034 1613 1163 1686 vertice,
1178 1611 1280 1687 idest,

240 1689 299 1752 sub
313 1697 423 1776 capite.
524 1701 528 1712 '

280 1781 347 1843 530.
365 1787 403 1845 rit
419 1809 483 1849 non
500 1791 618 1870 Cyrene
635 1789 752 1864 timuit,
771 1787 879 1848 audito
897 1787 1039 1865 oraculo,
1054 1791 1100 1849 uti
1118 1788 1280 1848 Aristaeus:

239 1869 303 1927 imo
318 1872 384 1953 ipsa
399 1877 558 1936 timentem
579 1891 688 1936 natum
705 1897 847 1956 aggressa
863 1889 907 1935 est
920 1879 1025 1958 prior,
1043 1891 1075 1936 et
1088 1873 1281 1950 consolatur,

238 1975 406 2042 monetque
419 1987 507 2025 curas
521 1965 676 2046 deponat,
690 1981 719 2024 et
732 1966 807 2024 sciat
821 1987 890 2045 apes
903 1968 1068 2024 exstinctas
1083 1967 1114 2023 in
1129 1963 1281 2023 ultionem

239 2061 371 2108 mortuae
384 2053 552 2135 Eurydices
564 2077 570 2111 :
582 2052 734 2134 Nymphae
747 2055 848 2127 enim,
861 2074 930 2133 quae
943 2075 1003 2112 une
1017 2075 1086 2113 cnm
1098 2052 1151 2110 illa
1167 2051 1281 2111 choros

237 2135 425 2215 miscebant,
437 2144 594 2223 regionem
607 2141 693 2200 illam
705 2153 877 2214 vastarunt,
890 2137 972 2199 facto
985 2159 1080 2222 apum
1090 2141 1184 2197 esitio
1195 2161 1201 2195 :
1214 2141 1282 2198 istae

238 2243 328 2302 ergo,
349 2227 466 2307 inquit,
487 2231 669 2290 muneribus
690 2227 746 2289 tibi
767 2227 923 2302 colendae,
939 2229 1004 2288 istae
1022 2223 1221 2298 venerandae3
1239 2225 1279 2283 ab

238 2309 288 2370 his
305 2333 365 2393 pax
378 2317 526 2396 petenda;
541 2317 662 2378 dabunt
677 2319 816 2392 veniam,
831 2339 870 2377 ne
889 2314 1017 2393 dubita,
1036 2317 1193 2375 remittent
1207 2315 1281 2373 iras.

278 2401 345 2482 537.
362 2405 467 2485 Aperit
482 2423 556 2469 noto
574 2407 721 2483 modum,
737 2428 799 2488 quo
814 2405 940 2466 orandae
959 2419 991 2465 et
1007 2401 1170 2465 exorandae
1186 2401 1281 2482 Nym·

235 2484 323 2568 phas,
337 2491 436 2572 vides,
453 2498 573 2578 inquit,
587 2511 706 2572 tauros,
719 2499 773 2578 qui
783 2497 840 2556 tihi
854 2509 927 2555 sunt
941 2495 973 2554 in
988 2507 1092 2554 moute
1105 2493 1215 2574 Lyraeo
1227 2491 1280 2550 Ar·

237 2579 350 2656 cadiae3
371 2605 406 2644 ex
425 2585 472 2646 his
490 2603 626 2668 quatuor
642 2609 779 2663 assume,
797 2609 861 2648 non
883 2605 1086 2667 quoscunque
1107 2596 1137 2642 et
1155 2581 1280 2656 obvios3

238 2666 309 2742 sed,
322 2669 502 2752 deligentem
517 2677 576 2734 sint
586 2678 686 2736 eximii
690 2700 701 2748 ,·
713 2677 776 2734 sint
785 2675 932 2756 prestanti
943 2692 1077 2752 corpore:
1090 2669 1223 2748 adjunge
1235 2680 1281 2726 to·

238 2753 335 2814 tidem
351 2779 415 2818 non
430 2783 551 2839 vaccas,
569 2761 782 2845 sedjuvencas,
797 2781 865 2844 quae
878 2777 1040 2839 nunquam
1054 2770 1192 2815 aratrum
1209 2772 1280 2834 por·

238 2935 302 3005 quia
320 2953 402 3008 quum
424 2952 505 3010 caput
524 2943 579 3010 ejus
597 2939 631 2992 sd
650 2940 735 3010 ripam
782 2939 911 3008 Tortaque
929 2932 1035 3006 remigio
1051 2929 1147 3002 spumis
1162 2929 1281 2980 incanuit

237 3013 355 3067 delatum
371 3033 480 3090 serpens
497 3019 619 3072 mordere
638 3018 736 3070 volnis-
780 3017 860 3069 unda.

238 3107 295 3161 tet,
324 3109 363 3148 est
388 3117 531 3151 conversus
558 3102 584 3152 iu
609 3097 734 3169 lapidem.
817 3097 876 3150 530.
890 3095 988 3147 Atrion
1002 3094 1105 3163 Cyrene.
1116 3088 1196 3141 Deest
1209 3088 1281 3140 teni·

236 3174 305 3226 Serv,
320 3205 357 3216 -
367 3177 474 3231 Constat
490 3193 573 3251 ,caput
591 3177 692 3250 Orphei
708 3179 734 3228 in
782 3189 808 3228 ta
821 3187 872 3228 est:
886 3172 960 3246 quod
973 3190 1004 3224 ex
1016 3168 1188 3241 sequentibus
1200 3167 1281 3219 datur

237 3253 354 3306 Hebrum
374 3262 537 3328 projectum,
552 3273 577 3311 et
594 3259 689 3311 fluctus
708 3259 735 3308 iu
781 3255 902 3328 intelligi.
915 3250 1073 3306 Seru-Ch
1084 3251 1152 3299 Voss
1166 3248 1204 3299 sic
1221 3265 1281 3299 sen·

237 3331 352 3385 Lesbum
375 3337 489 3390 insulam
514 3338 648 3391 detulisse.
673 3336 736 3390 Phi·
781 3339 891 3389 tentiam
911 3333 1034 3405 supplet:
1056 3343 1081 3382 at
1100 3347 1154 3380 non
1177 3329 1279 3400 Cyrene

133 3465 137 3470 .
221 3408 736 3484 ‚lssry·-Mannorea.l'rocsndidaet
781 3415 902 3487 exemplo
915 3414 1002 3464 Protei
1016 3412 1042 3460 in
1055 3425 1128 3459 mare
1139 3407 1278 3458 insilientis

238 3491 367 3561 pulchra,
379 3498 417 3547 sic
430 3499 499 3548 enim
515 3497 670 3549 scholiastes
684 3497 736 3546 llo-
781 3495 863 3546 filium
885 3495 1022 3546 Aristaeum
1041 3487 1197 3556 dereliquit;
1216 3503 1280 3538 nam

238 3573 305 3621 Μή
317 3572 391 3624 lllfld·
407 3594 440 3640 γ,
458 3577 513 3627 1²6.
531 3572 678 3643 μαρμαρίηι.
696 3576 736 3624 in·
781 3578 818 3627 sic
834 3575 918 3627 allata
933 3585 971 3624 est
985 3569 1067 3621 illum.
1081 3597 1116 3608 -
1126 3566 1278 3617 Timentem.

239 3662 401 3721 ωΓΡΓΕῙΜΨ
425 3653 551 3718 λψηᾶν,
578 3649 666 3704 atomi.
694 3651 736 3704 Sic
782 3655 899 3707 Orarulo
909 3651 996 3702 Protei
1007 3647 1185 3719 perterritum.
1198 3645 1279 3696 Tault.

239 3731 354 3798 Ennius,
363 3730 405 3782 vel
415 3746 443 3782 ut
454 3732 499 3784 alii
507 3734 597 3784 volunt
607 3732 735 3784 Lucilius:
816 3733 874 3786 535.
890 3733 982 3783 Petens
991 3745 1089 3801 pacem.
1102 3723 1279 3790 beneficium,

237 3822 303 3865 stare
312 3811 426 3884 pupillas
438 3814 541 3864 Pectore
555 3829 704 3864 mensores.
780 3814 1002 3866 benevolentiam,
1020 3810 1087 3862 Serv,
1105 3833 1138 3844 -
1150 3805 1260 3855 veniam
1267 3841 1277 3868 ‚

275 3893 733 3962 529.Subverticetorsit.OvidFast.
780 3895 889 3946 Nonius.
912 3896 952 3943 lta
976 3888 1047 3960 apud
1072 3887 1155 3938 Plaut.
1181 3881 1278 3952 Amph.

239 3973 278 4023 V:
301 3972 352 4024 Ille
369 3992 437 4026 meas
456 3973 529 4025 remis
545 3973 644 4024 aduena
667 3974 737 4024 torsit
781 3986 832 4025 act.
850 3977 882 4036 V,
910 3989 930 4023 t.
950 3970 1022 4022 Jovis
1035 3985 1125 4040 pacem
1148 3974 1277 4035 expetere,

154 4049 156 4054 ¹
240 4069 327 4121 aquas.
347 4051 475 4122 Loquitur
493 4051 615 4104 videlicet
632 4052 735 4106 Tiberis
781 4066 833 4118 est,
850 4053 940 4103 lovem
955 4051 1005 4100 sibi
1020 4048 1164 4117 propitium
1178 4041 1278 4094 habere

241 4129 275 4180 de
287 4127 419 4183 Evandro.
434 4130 519 4186 Catul.
535 4131 568 4184 de
582 4133 664 4204 Nupt.
680 4131 734 4184 Pel.
784 4131 860 4184 velle.
876 4131 946 4182 Nam
960 4141 987 4180 et
998 4127 1056 4178 Pax
1068 4136 1093 4178 et
1104 4123 1201 4189 Venia,
1218 4139 1279 4174 rer-
