2986 4694
787 423 1200 461 mmmmm

391 693 970 823 PROOEMIUM

305 1117 308 1124 .
425 1045 497 1136 IN
528 1046 965 1140 CATALECTA„

160 1624 361 1725 Minorem
372 1654 598 1734 catalectum.
608 1679 636 1722 e.
648 1655 683 1722 in
692 1679 869 1724 numerum
878 1659 992 1740 relata,
1004 1661 1198 1750 conscripta,

158 1764 296 1832 collecta
306 1767 462 1849 carmina,
474 1765 643 1832 »ariam
656 1763 725 1842 in,
739 1767 792 1832 vel
803 1765 1013 1844 Catalecton,
1024 1767 1092 1835 scil'.
1104 1769 1200 1836 libel-

158 1867 242 1952 lum,
271 1873 451 1961 scripsisse,
477 1871 669 1961 pervulgata
691 1893 743 1937 rcs
768 1889 831 1954 est,
858 1896 964 1963 eaque
986 1857 1110 1941 credita
1132 1899 1200 1942 non

156 1973 258 2042 modo
272 1960 480 2043 librariorum
495 1975 576 2059 fide,
592 1977 650 2066 qui
664 1976 792 2066 Virgilii
806 1979 932 2043 nomini
946 1979 1041 2068 plura
1055 1980 1201 2071 adscrip-

156 2101 228 2146 sere
244 2097 382 2164 temere,
398 2084 555 2174 quoniam
567 2081 609 2148 ad
623 2083 747 2150 calcem
759 2081 913 2151 codicum
927 2085 1053 2174 Virgilii
1068 2109 1201 2176 poema·

155 2187 214 2267 tia,
232 2187 334 2254 modo
350 2188 435 2272 haec,
455 2188 556 2254 modo
571 2189 640 2270 illa,
656 2206 755 2279 prout
771 2192 927 2278 spatium,
944 2191 1035 2281 quod
1050 2193 1198 2275 vacabat,

156 2311 302 2382 caperet,
318 2297 448 2384 appicta
462 2293 634 2376 videbant;
647 2317 762 2361 verum
777 2311 811 2359 et
822 2295 1117 2386 Grammaticorum
1126 2321 1202 2364 auc-

156 2399 301 2480 toritate,
323 2398 569 2466 Pseudodonati
587 2401 622 2464 in
640 2400 715 2464 Vita
733 2399 860 2489 Virgilii
879 2409 908 2490 5.
929 2401 985 2482 28,
1008 2418 1041 2466 et
1056 2403 1201 2469 Pseudo-

155 2505 253 2570 servii
267 2504 310 2570 ad
320 2507 390 2569 AEn.
403 2507 418 2570 Ι
429 2528 477 2596 pr.
491 2508 590 2587 Nam,
606 2523 761 2571 neutrum
770 2504 881 2570 locum
891 2505 932 2570 ab
942 2508 1079 2597 antiquo
1089 2507 1202 2599 aliquo

156 2609 377 2678 Grammatico
400 2611 587 2702 proiectum
611 2634 696 2692 esse,
721 2611 824 2676 multa
845 2613 1018 2678 manifeste
1039 2614 1200 2704 produnt3

112 2783 114 2790 ,
156 2734 203 2798 et,
219 2741 318 2808 quam
333 2718 414 2794 levis
428 2716 603 2784 hominum
615 2715 698 2782 fides
712 2717 768 2797 sit,
782 2717 881 2782 etiarn
892 2715 957 2782 hoc
971 2719 1090 2808 arguit,
1109 2718 1201 2810 quod

154 2823 217 2888 alia
231 2826 394 2913 poematia
407 2825 544 2914 Virgilio
559 2823 723 2903 tribuunt,
739 2846 813 2913 quae
829 2822 899 2914 ejus
909 2847 978 2889 non
990 2846 1061 2890 esse
1072 2825 1201 2916 liquido

155 2947 292 2996 constat.
312 2933 395 2996 Nam
414 2931 525 3020 priore
543 2930 641 2998 loco:
665 2929 832 2998 Poeticam
846 2952 931 3017 puer
941 2934 1147 3019 auspicatus,
1167 2935 1202 2997 in

156 3033 322 3100 Balistam
334 3075 371 3084 —
381 3035 513 3101 Deinde
529 3036 720 3105 catalecton
734 3051 767 3101 et
780 3035 963 3111 Moratum,
980 3053 1012 3102 et
1026 3035 1201 3124 Priapeia,

156 3137 939 3231 etEpigrammata,etDiras,etCulicem,qaam
949 3155 1201 3206 essetannoram

156 3241 350 3333 qaindecim.
365 3245 477 3311 Altero
491 3264 621 3312 autem:
640 3243 777 3334 Scripsit
790 3261 901 3311 autem
913 3263 1035 3332 septem
1048 3249 1114 3312 sive
1129 3263 1202 3312 acm

157 3347 255 3415 libros
269 3349 348 3416 lios:
368 3350 535 3428 Cin'nam,
552 3349 711 3427 AEtnam,
726 3351 891 3426 Culicem,
906 3349 1083 3436 Priapeia,
1099 3350 1201 3417 Cata-

157 3456 275 3532 lecton,
284 3455 551 3547 Epigrammata,
560 3456 700 3543 Copam,
708 3455 822 3521 Diras.
833 3457 891 3520 Est
900 3471 1010 3520 tamen
1020 3457 1200 3546 antiquior,

156 3586 262 3654 eaque
276 3565 419 3654 gravior,
435 3566 611 3630 auctoritas
625 3565 762 3630 Ausonii
777 3565 811 3628 in
827 3563 1115 3653 Technopaegnio:
1134 3565 1200 3632 Dic

155 3668 238 3760 quid
252 3671 436 3760 signficant
450 3673 613 3739 catalecta
631 3671 804 3737 Maronis?
825 3673 912 3759 Ergo
927 3670 996 3760 jam
1015 3673 1135 3737 saeculo
1154 3674 1199 3737 lV

156 3777 439 3844 oles=catalecton
458 3778 562 3845 libelli
574 3779 728 3858 extitere;
747 3783 794 3863 (r.
812 3801 885 3868 sup.
904 3781 1043 3842 Prooem.
1061 3779 1095 3844 in
1112 3781 1200 3845 Culi-

155 3887 248 3971 cem)
262 3899 295 3948 et
306 3881 525 3975 Epigramma
541 3885 673 3976 Virgilii
684 3883 792 3975 (quod
803 3886 861 3949 inf.
877 3883 988 3972 Epigr.
1004 3885 1035 3948 ΙΙ
1050 3891 1117 3972 ast)
1130 3911 1200 3954 me-

156 4006 320 4054 moratum
329 3989 398 4081 jam
412 3992 709 4075 estQuinctiliano,
721 3992 826 4057 instit.
843 3991 899 4056 Or.
911 3990 1006 4070 Vlll,
1025 3991 1059 4070 3,
1079 4011 1129 4079 27,
1147 3993 1198 4058 28.

157 4094 226 4160 Etsi
240 4118 319 4184 ergo
333 4119 457 4166 nomen
468 4100 573 4168 serius
585 4098 736 4183 accessit,
751 4098 887 4188 antiqua
898 4112 1008 4162 tamen
1020 4098 1107 4162 fama
1119 4120 1200 4164 non·
