2970 4714
534 391 801 456 PRAEFATIO.
1168 395 1186 460 5

148 512 249 585 libris
271 511 427 586 duobus.
452 515 612 611 Repetite
635 531 721 586 sunt
743 538 892 612 quoque
914 514 1040 587 eadem
1065 518 1102 586 in
1127 519 1188 588 Pi·

149 626 296 699 thoeana
322 629 635 727 Epigrammatum
664 645 698 700 et
724 630 995 700 Poematiorum
1024 645 1187 702 veterum

149 740 362 814 collectione
381 743 470 839 1590
483 758 517 814 et
535 743 641 840 1596;
656 741 759 812 nulla
773 759 912 830 tamen,
928 747 996 814 nisi
1011 747 1048 814 in
1064 748 1188 841 paucis

149 855 255 944 locis,
272 881 354 954 quae
370 861 474 929 tacite
489 858 678 929 emendata
694 875 797 945 sunt,
814 883 923 954 opera
937 856 1131 946 collocata;
1150 863 1188 928 in
1255 939 1258 946 ¹

149 971 475 1045 Emendationibus
501 972 546 1042 ad
573 973 754 1043 Poematia
780 987 952 1043 monetur
978 969 1056 1044 hac
1077 998 1190 1071 opus-

151 1083 251 1172 cula,
272 1089 438 1183 inprimis
454 1111 542 1158 vero
562 1085 743 1173 Culicem,
764 1087 865 1158 Cirin
887 1103 920 1156 et
938 1089 1099 1175 AEtnam,
1118 1113 1191 1158 arn·

150 1197 284 1296 pliores
307 1216 411 1271 notas
433 1217 497 1271 aut
520 1205 641 1298 potius
659 1200 777 1298 justos
798 1203 1076 1271 commentarios
1102 1200 1193 1271 desi-

151 1311 294 1402 derare;
318 1318 440 1411 itaque
464 1339 504 1384 ea
527 1317 653 1410 seponi
676 1313 722 1383 ad
738 1312 899 1384 meliora
926 1317 1008 1384 otia.
1036 1313 1125 1384 Inde
1154 1319 1192 1385 in
1300 1407 1302 1412 Ι

151 1427 357 1497 Heinsianis
375 1426 595 1497 editionibus
615 1443 750 1497 servata
772 1444 916 1498 tantum
932 1444 1018 1498 sunt
1035 1452 1092 1514 ea,
1111 1451 1194 1524 quae

153 1539 275 1637 aliqua
297 1539 423 1612 saltem
446 1565 532 1611 cum
556 1545 696 1611 ratione
721 1540 901 1637 probabili
927 1541 972 1612 ad
998 1539 1194 1637 Virgilium

153 1652 276 1725 referri
291 1671 457 1752 poterant
473 1657 486 1749 (
510 1656 535 1749 ).

163 1841 167 1852 ,
202 1771 330 1860 Quum
346 1772 650 1866 interpretationis
671 1773 792 1840 omnis
815 1773 971 1840 severior
985 1774 1077 1841 ratio
1094 1796 1115 1840 a
1129 1768 1196 1840 lec·

154 1885 263 1954 tionis
287 1887 433 1954 veritate
457 1881 728 1980 proficiscatur,
750 1888 788 1955 in
811 1883 885 1973 his,
909 1909 992 1982 quae
1016 1910 1115 1955 ame
1137 1908 1198 1953 cu-

155 1996 271 2068 randa
284 2015 403 2086 erant,
424 2000 556 2070 critica
569 1997 757 2070 subtilitati
774 1998 1077 2097 conjectandique
1092 1997 1199 2068 licen-

156 2115 214 2183 tiae
232 2110 468 2184 tribuendum
484 2129 558 2184 erat
574 2113 676 2211 plue,
695 2139 807 2212 quam
825 2129 888 2183 aut
903 2137 983 2183 mos
999 2137 1119 2200 meus,
1137 2129 1201 2183 aut

158 2231 292 2315 otium,
316 2243 379 2299 aut
396 2231 587 2327 ingenium
608 2226 757 2300 fortasse
774 2226 925 2314 ferebat3
949 2250 1201 2324 necunquam

157 2341 204 2412 ad
216 2341 434 2413 emendandi
450 2342 522 2414 boc
536 2367 666 2440 genus,
684 2341 786 2440 quod
799 2365 875 2412 non
892 2346 929 2411 in
946 2345 1128 2412 sententiis
1139 2367 1204 2437 per

159 2455 450 2528 emendationem
466 2456 744 2544 constituendis,
767 2472 830 2528 aut
852 2461 889 2527 in
912 2459 1085 2528 orationis
1104 2458 1203 2525 casti·

160 2587 230 2642 tate
247 2587 281 2642 et
296 2575 498 2670 integritate
518 2571 737 2644 vindicanda
757 2587 935 2658 versatur,
954 2594 1082 2640 verum
1103 2572 1141 2638 in
1162 2568 1205 2639 li-

159 2685 368 2756 brariorum
385 2672 569 2759 erroribus
584 2685 839 2785 congerendis,
854 2689 939 2757 etin
957 2682 1074 2755 verbis
1090 2683 1204 2754 litora·

160 2825 320 2900 rumque
333 2800 498 2899 apciibus
513 2801 711 2890 variandis,
724 2804 844 2872 verius
857 2825 969 2898 quam
984 2799 1206 2896 corrigendis

161 2912 287 3002 haeret,
308 2919 390 2988 satis
406 2943 540 3016 magna
558 2941 618 2988 me
638 2919 882 3014 propensione
897 2917 1011 2984 animi
1028 2909 1114 2983 ferri
1132 2939 1208 2984 me-

161 3033 270 3118 mini;
292 3035 355 3101 etsi
377 3035 471 3102 inter
488 3035 639 3130 ingenui
659 3030 760 3102 lusus
777 3055 908 3130 genera
922 3053 1116 3125 nunquam
1131 3051 1207 3098 non

163 3142 256 3213 illud
267 3144 389 3233 retuli,
406 3171 472 3217 uec
490 3146 774 3236 detractavi,aut
788 3143 922 3241 refugi,
934 3137 1074 3240 quoties
1089 3166 1143 3212 res
1160 3145 1209 3211 ita

162 3257 321 3344 ferebat,
349 3275 391 3328 ut
417 3260 634 3330 novandum
657 3259 797 3358 aliquid
825 3282 898 3328 esse
920 3254 1106 3325 viderem:
1136 3250 1209 3325 boc

165 3387 285 3442 tamen
296 3370 440 3470 judicio
454 3370 637 3461 adhibito,
652 3390 694 3444 ut
709 3378 747 3444 in
765 3396 825 3459 e0,
841 3369 960 3468 quod,
975 3371 1211 3465 circumspec-

163 3489 208 3556 tis
227 3489 285 3574 iis,
309 3511 390 3584 quae
415 3491 492 3584 ipsa
515 3512 570 3558 res
593 3502 627 3557 et
648 3485 756 3558 verba
780 3503 814 3556 et
836 3487 1010 3556 sententia
1033 3501 1210 3580 posceret,

166 3625 239 3672 sese
249 3597 410 3688 offerret,
427 3607 691 3700 acquiescerem
701 3631 710 3688 ;
728 3606 783 3672 sin
794 3602 915 3698 primo
925 3601 1045 3670 statim
1057 3621 1212 3671 occursu

168 3712 279 3802 nihil,
307 3715 408 3812 quod
433 3721 515 3788 satis
544 3716 755 3815 probarem,
781 3739 816 3785 se
840 3711 1004 3801 offerret,
1029 3715 1147 3783 otium
1173 3718 1212 3786 in

171 3854 265 3899 vano
288 3845 423 3900 conatu
443 3830 546 3904 haud
570 3856 841 3918 consumerem,
860 3828 939 3916 sed,
961 3830 1127 3926 apposito
1151 3853 1213 3900 seu

204 4011 244 4084 (ι)
254 4013 294 4066 De
306 4012 433 4086 Scaligeri
446 4027 473 4067 et
485 4015 580 4070 Pitboei
592 4035 676 4089 opera
687 4018 714 4068 in
723 4016 765 4069 bit
777 4015 920 4068 Catalectia
932 4011 1065 4065 collocata
1077 4009 1138 4064 vide
1148 4013 1201 4063 Bm·

169 4110 295 4146 mannum
307 4091 458 4148 Secundum
469 4098 546 4168 pref.
558 4097 667 4151 Antbol.
680 4117 707 4170 p.
719 4097 805 4149 XXXI
819 4113 878 4166 sqq.
