3000 4674
266 328 329 376 aoa
512 307 548 372 P.
571 299 804 368 VlRGlLll
826 297 1059 368 Mtttortts

264 428 431 520 Conponit
441 426 567 507 tabula,
581 443 614 507 et
626 423 753 516 tepidas
765 447 866 514 super
877 423 997 512 ingerit
1009 420 1126 490 undae.

262 535 434 601 Contrahit
445 532 604 600 admistos
616 555 705 599 nunc
718 531 826 598 fontes
838 547 938 620 atque
951 531 1087 612 farinas;
1278 553 1311 612 4⁵

262 643 477 708 Transversat
490 639 605 706 durata
616 663 730 720 mann,
744 637 940 728 liquidoque
953 654 1067 703 coacto

265 746 436 814 Interdum
448 769 581 837 grumos
593 747 717 836 spargit
727 744 804 810 sale.
817 745 959 834 Jamque
972 742 1145 810 subactum

263 855 374 920 Laevat
386 877 484 944 opus,
498 853 682 943 palmisque
695 874 791 917 snum
805 850 918 916 dilatat
930 851 964 915 in
978 849 1109 932 orbem,

263 962 305 1026 Et
317 976 422 1042 notet,
436 960 590 1049 inpressis
603 982 700 1049 aequo
713 957 904 1024 discrimine
916 955 1062 1047 quadris·

263 1067 368 1131 Infert
380 1065 457 1132 inde
471 1067 546 1131 foco
558 1089 565 1128 :
579 1063 699 1154 Cybele
711 1062 929 1129 mundaverat
940 1079 1056 1153 aptum

264 1174 348 1237 Ante
360 1171 489 1237 locum:
503 1172 661 1260 testisque
673 1169 769 1258 tegit3
782 1190 883 1259 super
894 1187 1027 1258 aggerat
1038 1169 1140 1256 ignes.

263 1279 419 1366 Dumque
432 1299 506 1342 suas
517 1277 644 1366 peragit
655 1275 823 1340 Vulcanus
835 1291 987 1363 testaque
997 1290 1122 1365 partes,

263 1384 406 1450 Simulus
418 1385 544 1448 interea
555 1404 658 1446 vacua
670 1403 738 1448 non
751 1396 855 1447 cessat
867 1379 901 1443 in
913 1381 1011 1460 hora;

172 1541 174 1549 ,
263 1491 389 1554 Verum
400 1487 497 1553 aliam
509 1486 571 1552 sibi
584 1486 703 1575 quaerit
714 1509 828 1584 opem;
841 1508 907 1550 neu
920 1486 989 1550 sole
1000 1485 1111 1576 palato

264 1678 286 1717 et
297 1667 327 1715 al.
340 1667 390 1714 Jam
401 1668 426 1712 in
438 1665 500 1728 Copa
514 1679 543 1710 no
555 1663 639 1709 munda
648 1663 722 1710 Ceres.
733 1689 763 1702 -
774 1663 813 1722 45.
826 1673 874 1710 tum
883 1665 907 1710 in
917 1661 995 1727 rulqg.
1005 1663 1165 1727 importunum
1179 1674 1232 1727 port
1245 1662 1309 1710 idem

263 1757 314 1787 roe.
324 1756 346 1787 v.
359 1739 389 1796 43
403 1739 428 1783 in
440 1753 516 1792 nunc,
528 1735 565 1783 rel
574 1739 624 1799 jum
636 1736 774 1783 mutandum
787 1748 844 1783 erat.
861 1751 921 1783 nunc
935 1737 1038 1799 Scaliger
1050 1751 1144 1800 quoque
1161 1735 1309 1783 emendabat.

260 1811 374 1856 admixtus
391 1817 438 1853 taam
444 1807 523 1870 fortem
539 1805 664 1862 rettedd„
680 1805 744 1869 quod
758 1822 882 1853 correxere
896 1806 935 1853 alii
943 1841 950 1863 ,
967 1818 993 1853 ut
1007 1805 1044 1852 ed.
1061 1807 1309 1854 [tormentantur.

188 1901 189 1904 ¹
261 1880 374 1926 udmrrtus
387 1888 433 1923 tum
438 1876 547 1940 frondes,
561 1877 613 1932 alii,
631 1889 657 1923 nt
671 1876 767 1936 Aldina,
779 1877 892 1922 odmr'rtne
907 1883 954 1922 lum
961 1876 1049 1939 sonus.
1060 1879 1120 1923 Tum
1134 1879 1311 1940 interpungitur

262 1949 332 2010 rulqo
344 1947 491 2012 poetfimtes,
501 1963 583 2010 parum
595 1946 724 1993 commode.
735 1947 792 1992 Nam
804 1947 913 1993 fontenet
923 1947 1009 1993 farinae
1019 1945 1121 1994 Simulus
1132 1949 1194 2009 cogit
1208 1961 1235 1992 ac
1248 1961 1310 1993 eon·

263 2019 333 2066 trahit
346 2021 371 2064 in
383 2035 455 2065 unum
470 2020 580 2083 globum,
592 2031 618 2065 ut
630 2021 777 2065 moritorum
790 2033 861 2064 manu
871 2021 956 2082 injecta
969 2019 1067 2081 digerat.
1077 2021 1149 2065 Totus
1159 2034 1191 2065 va.
1203 2017 1232 2074 45
1242 2035 1255 2064 a
1264 2033 1309 2065 me.

261 2088 357 2137 Kneler.
372 2089 459 2136 aberat.
469 2115 499 2126 —
509 2088 547 2146 46.
565 2091 713 2136 Truruuersut
728 2089 811 2136 durata
825 2105 901 2135 mauu.
918 2088 1020 2150 Scaliger
1034 2089 1157 2136 emendat:
1170 2091 1310 2135 Tmrnvcrao

261 2161 344 2207 dnmtu
358 2175 426 2206 monn
439 2159 566 2224 liquidique
577 2169 654 2207 coactu
666 2177 674 2205 .·
686 2173 712 2205 ut
723 2171 851 2206 tranaveraa
864 2174 935 2205 mann
950 2159 1072 2206 contrahat
1082 2161 1161 2224 'fontes
1174 2157 1312 2224 utquefun'·

260 2246 317 2287 nas,
329 2231 422 2277 duroto.
430 2232 505 2291 Quam
515 2231 588 2278 dure!
601 2233 682 2278 Ferant
694 2233 773 2294 itaque
783 2230 911 2294 vulgatam,
921 2231 961 2277 aed
973 2229 1094 2278 emendata
1105 2232 1311 2292 interpunctione:
1340 2271 1342 2277 ,

264 2305 412 2348 linntversut
420 2302 503 2348 durata
512 2317 596 2347 munu:
608 2319 633 2348 ea
639 2336 646 2358 ,
653 2316 706 2367 quae
717 2297 846 2347 induruere
856 2300 975 2363 cogendo,
983 2302 1131 2347 transversim
1142 2302 1226 2346 iterum
1237 2311 1309 2345 mann
1332 2313 1334 2320 ¹

260 2373 354 2436 subigit.
368 2375 475 2436 Conjieio
492 2386 569 2420 tamen
583 2375 695 2435 scriptum
708 2373 793 2420 fultae:
808 2377 829 2418 T
828 2383 956 2420 mnsuersut
971 2375 1082 2437 dumique
1096 2387 1172 2417 manu.
1187 2369 1309 2416 Barthiun

178 2446 183 2457 '
258 2459 354 2508 quoqne
372 2447 514 2507 conjectasse
533 2444 622 2504 rideq:
644 2446 782 2490 Transversu
800 2445 896 2490 durante
915 2459 991 2489 manu.
1010 2443 1066 2488 Mor
1083 2441 1211 2506 liquidoque
1227 2448 1308 2486 coactu

257 2518 352 2562 Arcena.
364 2517 538 2578 interpretatur.
549 2517 595 2562 Sed
603 2531 662 2578 quoe
671 2516 792 2578 subjungit
799 2531 891 2580 qrumoe
899 2515 979 2560 farinae
988 2516 1005 2560 ii
1017 2529 1064 2560 non
1072 2514 1116 2559 niti
1128 2511 1212 2576 liquido
1221 2514 1306 2566 coeco,

257 2601 301 2648 per
312 2584 441 2649 liquorem,
454 2603 552 2651 aquam,
563 2586 685 2650 particulia
696 2587 777 2632 farine
790 2586 976 2642 coherentibus,
989 2587 1087 2631 existere
1098 2597 1212 2647 potuere:
1226 2585 1307 2648 itaque

258 2655 387 2720 liquidoque
398 2666 486 2704 coucmr
497 2660 560 2720 conj.
576 2659 670 2711 Helue,
685 2671 728 2702 nec
739 2655 808 2702 male.
821 2657 886 2702 ldem
898 2655 980 2718 paullo
994 2667 1047 2701 ante
1059 2669 1152 2710 munus,
1166 2655 1307 2714 nescioquo

258 2729 344 2774 fructu.
353 2753 384 2762 -
393 2729 431 2792 47.
443 2745 524 2795 qrunm
539 2739 594 2776 vett.
611 2729 665 2775 edd.
681 2743 733 2774 eum
748 2743 790 2774 rna.
802 2728 896 2775 Koeler.
913 2739 937 2774 et
950 2727 1047 2773 llelmet.
1062 2725 1121 2773 satis
1130 2742 1222 2791 qrumus
1233 2727 1251 2772 ai
1268 2724 1307 2772 ltin

258 2813 359 2861 quaerae,
374 2796 500 2860 legendum
513 2811 561 2845 erat
572 2813 578 2844 :
590 2813 682 2862 qrumoe
696 2801 782 2862 epnrqr't
796 2795 869 2843 suhi:
885 2797 943 2843 inde.
959 2799 1053 2843 Poterat
1067 2809 1090 2843 et
1103 2812 1195 2862 grumos
1210 2795 1258 2842 aule
1274 2797 1306 2842 na

257 2869 364 2930 accipere
374 2867 473 2932 aliquia,
486 2868 510 2915 la.
522 2883 616 2930 grnmoe
627 2867 657 2913 de
668 2865 729 2923 eale,
747 2865 808 2912 salit.
820 2867 847 2912 ln
861 2865 907 2913 fine
918 2867 1015 2929 Jamque
1026 2865 1131 2928 subjectu
1141 2865 1245 2912 Norimb.
1258 2865 1306 2911 To·

257 2951 307 2986 tum
319 2939 396 2988 locum
409 2941 488 2988 licina,
500 2938 530 2984 ad
541 2938 610 2983 Orid.
622 2939 682 2984 Faat.
693 2939 719 2994 l,
732 2937 777 2984 338
791 2939 824 2984 aie
839 2937 994 2984 emendabat:
1007 2936 1124 2984 coneum
1133 2939 1234 2984 αάηιίςω
1246 2949 1307 2981 nune

252 3010 357 3075 firntibus
369 3014 433 3072 (non
442 3010 544 3074 fortibus
554 3011 576 3068 ),
592 3018 660 3074 utque
671 3009 765 3074 surinus
783 3013 921 3056 Transverso
941 3009 1052 3074 duretque
1071 3024 1159 3054 manu:
1178 3007 1307 3072 liquidoque

257 3092 345 3129 coactos
355 3083 471 3128 interdum
480 3095 572 3144 yrumos
583 3078 815 3145 emittam-48.
826 3082 904 3126 luvet
917 3096 985 3144 opus,
1000 3097 1029 3128 ex
1043 3091 1099 3126 vett.
1116 3079 1171 3126 edd.
1185 3079 1305 3126 revocavi·

256 3165 308 3201 mua
316 3189 323 3210 ,
332 3141 449 3216 scaligero
458 3167 553 3216 quoque
563 3151 671 3200 hortante
681 3169 686 3199 :
699 3167 753 3198 nam
762 3151 852 3218 laeviqat
862 3167 946 3215 panem
958 3154 984 3216 in
993 3151 1107 3215 placentur
1119 3166 1207 3195 morem
1218 3161 1240 3196 et
1250 3147 1307 3195 dila·

257 3234 297 3270 tat.
310 3223 393 3271 Aldina
405 3221 485 3270 dedit:
497 3221 588 3268 Fomtnt
600 3237 664 3286 opus.
675 3249 707 3260 -
717 3225 754 3269 lt.
767 3223 828 3268 Ante
835 3221 917 3286 focum
928 3221 993 3268 lieet.
1003 3223 1066 3284 conj.
1077 3235 1130 3266 curn
1143 3219 1247 3266 lleinein.
1261 3227 1307 3264 tes·

257 3299 329 3361 risque
339 3299 407 3360 lenit:
418 3308 500 3356 auper;
512 3295 544 3340 tic
561 3293 615 3340 Ald.
632 3309 685 3341 curn
699 3311 741 3342 me.
755 3294 866 3350 Koeler.,
884 3309 982 3357 eamque
998 3294 1097 3356 priscam
1113 3290 1239 3337 lectionem
1255 3305 1305 3336 eere

257 3367 360 3431 Scaliger
375 3379 478 3414 tentatur.
489 3365 567 3428 Vulgo
583 3366 687 3414 editum:
700 3371 806 3431 testisque
821 3375 895 3431 teqens
908 3381 993 3430 super:
1005 3364 1069 3428 qnod
1085 3375 1163 3410 tamen
1177 3377 1240 3408 nune
1257 3376 1306 3408 non

258 3438 357 3485 multum
369 3438 449 3484 absum
463 3437 522 3500 quin
537 3437 658 3500 praeferam
674 3449 713 3484 aut
728 3438 841 3484 scribant:
855 3440 916 3482 testie
933 3439 985 3502 teqr't
999 3445 1022 3481 et
1035 3449 1105 3498 super
1116 3442 1214 3498 uqqemt.
1224 3457 1256 3469 -
1268 3434 1305 3479 52.

261 3508 379 3555 Vulcanus
391 3509 505 3571 Vestaque
516 3519 584 3554 vetua
598 3521 632 3555 eat
640 3508 712 3554 lectio
723 3523 793 3571 quarn
803 3523 852 3554 nou
863 3510 918 3554 tatia
929 3522 1050 3571 aaeequor.
1061 3509 1109 3552 Aut
1120 3509 1182 3552 enirn
1196 3504 1259 3551 idem
1269 3515 1305 3551 eat

257 3595 396 3644 utrumque,
413 3592 453 3626 aut
468 3595 521 3626 enm
537 3581 648 3626 decentio
665 3581 727 3626 inter
740 3581 876 3626 craaaiorem
892 3592 915 3628 et
930 3581 1062 3626 tenuiorem
1081 3580 1160 3642 ignem
1179 3577 1304 3624 diacrimen

257 3653 335 3702 lacere
346 3665 441 3696 neeeaae
451 3661 493 3696 eat.
506 3649 586 3711 ltaque
598 3648 726 3710 amplector
739 3648 848 3696 Aldinam
861 3649 1003 3698 lectionem:
1017 3657 1130 3712 usuque,
1145 3663 1199 3694 nara
1214 3663 1227 3692 a
1241 3649 1306 3694 tertia

257 3721 375 3768 calefactia
389 3720 465 3765 coctio
479 3719 546 3780 pania
559 3717 710 3764 acceleratur.
725 3720 774 3766 Niai
790 3722 860 3768 Veste
874 3721 940 3768 torua
956 3717 1082 3776 eat-54·
1099 3734 1127 3768 ne
1141 3718 1178 3766 ed.
1194 3722 1306 3775 decenn,

295 3856 337 3928 45.
349 3856 574 3928 Repraesentanda
586 3857 631 3911 hic
646 3872 683 3912 est
701 3861 762 3914 ani·
804 3865 895 3936 parari
919 3865 976 3916 sine
1001 3864 1149 3928 fermento,
1169 3877 1303 3932 azymum:

259 3959 304 3992 nau
314 3939 425 4011 pistoria
434 3957 516 4012 opera
526 3940 553 3990 in
566 3937 713 4012 subigenda
725 3943 762 3993 fa·
806 3955 899 3994 tumr.
916 3944 950 4014 49
965 3945 992 3995 in
1008 3941 1124 4016 quadrae
1143 3939 1305 4006 dissectum,

260 4015 328 4076 rina.
347 4022 445 4073 Panem
468 4033 557 4073 autem
579 4019 622 4072 hie
640 4019 761 4075 videmus
808 4041 873 4096 quas
885 4021 1001 4093 Scaliger
1014 4020 1085 4074 adh.
1098 4020 1115 4073 l.
1130 4017 1278 4072 illustrarit.
