2986 4694
321 389 370 476 P.
404 383 702 476 VIRGI'LII
734 385 1043 476 MARONIS

541 653 824 793 CIRIS¹

462 947 542 1026 Au
569 945 915 1029 Massiuam

163 1211 1209 1240 mmmmmmmfflmss!

511 1451 864 1515 ARGUMENTUM.

164 1663 233 1748 Μ.
252 1691 392 1754 vinno
405 1691 553 1754 uuum
566 1693 752 1776 inscriptum
764 1707 810 1756 est
820 1715 964 1758 carmem
978 1698 1069 1778 eique
1078 1697 1115 1758 in
1125 1713 1212 1756 exor-

164 1773 218 1834 dio
238 1779 312 1840 satis
331 1777 446 1842 diseno
466 1779 506 1842 ad
525 1803 554 1842 t.
577 1803 632 1843 too
648 1782 725 1844 illud
746 1782 842 1846 offert
862 1795 965 1866 poeta.
986 1786 1119 1844 Ner-rere
1137 1779 1212 1842 iude

164 1865 275 1949 incipit
284 1867 424 1932 fabulam
434 1871 473 1932 de
486 1873 602 1956 Scylla,
614 1875 694 1949 Nisi,
705 1873 936 1956 Megarensium
948 1878 1042 1957 regis,
1058 1873 1133 1934 iiliu.
1146 1872 1211 1932 lle·

162 1951 259 2015 hebet
270 1958 361 2019 Nisus
373 1961 405 2021 in
417 1964 529 2023 vertice
543 1964 660 2022 crinem
677 1983 887 2044 purpureum,
900 1963 970 2024 urbi
980 1985 1015 2022 ac
1025 1981 1122 2045 regno
1137 1957 1214 2020 luta·

163 2040 242 2118 lem,
264 2059 298 2105 ut
317 2050 387 2130 capi
408 2051 534 2132 Megara
553 2071 618 2112 non
634 2065 779 2134 possent,
801 2051 952 2134 quamdiu
973 2050 1026 2116 ille
1046 2046 1212 2110 incolumis

162 2148 253 2196 esset.
262 2135 375 2213 Minos,
384 2139 492 2217 Cretas,
501 2162 553 2201 rex
563 2141 691 2224 Megara
700 2141 810 2202 urbem
820 2164 919 2224 quum
927 2141 1092 2216 obsideret,
1100 2136 1213 2222 Scylla,

163 2241 261 2302 quum
272 2243 308 2284 ex
319 2247 410 2288 muro
423 2227 504 2290 forte
514 2251 585 2290 eum
599 2232 819 2314 prospexisset,
831 2233 942 2294 insano
953 2231 1020 2323 ejus
1031 2249 1137 2289 amore
1145 2247 1220 2314 cor·¹

161 2325 251 2393 repta
262 2328 325 2374 est:
342 2337 406 2398 quo
422 2315 475 2377 illa
489 2321 572 2380 victa
585 2333 683 2380 noctu
696 2321 846 2397 surrexit,
857 2335 893 2382 ut
902 2322 1019 2382 crinem
1031 2318 1121 2378 illum
1133 2313 1213 2376 fata·
1283 2351 1288 2362 ι

162 2395 325 2462 lemclam
340 2405 543 2482 rescinderet,
562 2429 626 2490 quo
645 2409 703 2468 sibi
723 2411 841 2470 Minois
861 2429 1001 2471 amorem
1019 2405 1212 2472 conciliaret.

163 2485 339 2555 Exeuntem
354 2491 503 2558 cubioulo
522 2495 748 2558 animadvertit
761 2499 880 2572 nutrix,
900 2499 1026 2572 Germe,
1045 2497 1117 2556 lori
1133 2493 1211 2556 olim

162 2588 280 2651 amate,
291 2585 331 2640 αι’
339 2601 403 2664 quo
414 2582 467 2642 illa
478 2585 681 2670 Britomartin
692 2601 867 2668 pepererat.
878 2587 922 2646 Ee
933 2585 1069 2646 alumne
1081 2581 1213 2643 meliora

161 2665 300 2744 primum
313 2669 482 2750 persuasit,
495 2691 566 2734 mox
578 2687 681 2734 autem
695 2673 803 2736 multis
814 2673 928 2736 frustra
939 2675 1065 2735 tentetis
1075 2686 1111 2732 ut
1120 2671 1212 2730 Nisus

161 2756 310 2836 pactione
320 2755 438 2819 bellurn
450 2775 669 2844 componeret,
681 2764 715 2824 in
728 2765 870 2848 nutricioe
882 2765 1071 2825 sententium
1084 2777 1213 2822 conces-
1293 2757 1296 2764 '

162 2849 211 2907 sit
222 2849 345 2910 Resecta
359 2851 454 2934 igitur
465 2853 540 2912 Niso
551 2873 641 2914 corna
654 2873 748 2932 aurea
759 2868 870 2915 etcum
884 2852 962 2922 urbe
974 2853 1075 2913 Minoi
1086 2849 1211 2911 tradita.

162 2933 190 2993 ls
201 2955 275 2996 vero
289 2934 409 2999 lacinus
424 2951 488 3000 tem
499 2955 589 3002 atrox
601 2955 632 3001 et
647 2943 782 3024 impium
797 2957 971 3019 aversatus,
985 2939 1083 3024 quuln
1094 2937 1212 2999 in'Cre·

163 3033 228 3082 tam
241 3025 370 3102 rediret,
379 3026 534 3110 puellam,
545 3052 585 3090 ue
595 3031 720 3112 piaculo
731 3046 818 3093 tento
829 3033 960 3094 classem
972 3031 1212 3101 contaminaret,

163 3113 287 3173 nenati
301 3111 427 3193 quidem
443 3118 581 3198 recipere
597 3118 721 3194 voluit,
728 3119 779 3180 sed
796 3141 832 3179 ex
847 3121 937 3180 nevis
949 3121 1100 3182 exteriore
1113 3115 1212 3176 latere

163 3189 324 3278 alligatam
333 3219 439 3264 secum
450 3202 550 3270 duxit.
560 3206 641 3266 Tum
652 3204 706 3268 illa
715 3207 813 3269 multe
826 3207 881 3268 diu
891 3220 1065 3288 conquesta
1078 3205 1109 3264 in
1122 3221 1211 3262 avem

161 3286 260 3350 Cirim
271 3301 393 3354 mutata
403 3305 463 3352 eet:
475 3291 603 3353 additus
613 3309 716 3356 tamen
727 3317 799 3356 mox
811 3299 839 3356 ei
850 3308 938 3378 pater
947 3297 1039 3357 Nisus
1049 3296 1081 3353 in
1092 3289 1213 3352 heliseo·

162 3387 232 3435 tum
243 3391 401 3456 mutatus,
418 3382 474 3463 qui
491 3383 589 3442 (litim
604 3403 693 3446 avem
706 3387 900 3448 intemocino
912 3383 987 3443 odio
1001 3382 1210 3464 persequitur.

197 3693 238 3766 (t)
249 3691 316 3748 ciris
327 3711 453 3764 quatiam·
460 3693 594 3748 veteribus
607 3697 663 3750 avit
708 3695 781 3750 dere.
794 3713 819 3748 v.
830 3693 953 3748 Munler.
964 3692 1000 3746 ad
1007 3695 1101 3767 Hygia.
1116 3694 1136 3745 l.
1151 3695 1208 3764 ¹9⁸·

163 3773 234 3828 dicte
249 3775 347 3834 inerit.
364 3773 485 3828 nondum
501 3777 566 3830 tatit
582 3794 663 3848 expe·
707 3776 747 3828 lle
764 3775 887 3830 haliaeto
905 3773 1064 3846 (helpetum
1087 3773 1209 3828 scribunt

163 3853 221 3912 dita
228 3867 329 3910 retest.
340 3857 482 3928 Accipitrit
495 3875 579 3930 genet
588 3860 663 3914 inere
709 3857 771 3924 alii,
784 3874 839 3909 nou
849 3857 913 3910 satit
922 3854 1007 3926 bene)
1017 3857 1105 3910 mittor
1113 3867 1153 3908 est
1161 3854 1211 3906 du-

162 3937 207 4008 qtti
226 3947 367 4006 putarentt
389 3935 472 4008 itique
492 3937 605 4010 Etymol.
625 3939 661 3992 tt.
708 3937 820 3992 bitatio:
833 3935 1211 4008 quumipaurnnoruenequi-

162 4011 249 4068 flium
265 4036 272 4066 t
295 4016 380 4085 iiiior,
401 4009 458 4072 nider
478 4013 573 4085 limet.
598 4017 664 4074 ludo
708 4017 763 4074 lem
775 4018 905 4070 marinam
918 4015 1030 4088 prodat,
1044 4027 1070 4068 et
1082 4015 1211 4066 Aristote-

164 4091 210 4148 olii
219 4093 333 4150 enodem
348 4097 566 4152 sentenciae
580 4097 664 4152 tradi·
708 4097 824 4154 letllitt.
838 4097 926 4150 duim.
939 4095 1024 4161 1x‚c.
1037 4095 1070 4150 da
1083 4095 1153 4146 iuter
1164 4109 1211 4148 tex
