2998 4670
260 359 324 451 590
586 353 970 422 oouuanranm

302 481 454 567 17o.llem
467 478 596 560 ingenio
611 477 800 539 illustratam
815 477 913 540 efficit
927 479 1129 544 illustriorem
1143 507 1303 570 compara⁴

256 577 353 635 tione.
375 566 495 628 Audisti
512 587 576 649 quo
594 568 705 628 ardore
719 568 872 650 Cyclopes
889 567 1058 630 conficiunt
1074 572 1228 636 fulmina:
1249 575 1303 636 alii
1321 577 1322 584 ’

258 661 416 743 accipiunt
432 658 465 715 in
477 654 623 732 follibus,
638 656 836 740 redduntque
852 677 887 718 ex
905 658 966 720 illis
981 679 1086 736 euras3
1109 662 1163 724 alii
1176 667 1303 726 immer-

258 764 337 836 gunt
346 747 476 809 lacubus
489 747 626 827 ignitum
636 761 668 808 et
679 747 855 808 scintillans
866 748 1093 832 ferrum,quod
1107 752 1183 813 dum
1196 756 1306 836 mergi·

257 859 309 905 tur
323 837 449 901 stridet:
464 837 595 917 ingemit
606 838 697 900 AEtna
708 837 890 914 incudibus,
903 854 997 922 atque
1007 843 1119 902 ictibus
1132 845 1306 926 Cyclopum

259 928 469 995 attollentium
482 925 610 987 brachia
621 930 652 987 vi
667 947 796 1010 magna,
811 931 1063 1012 versantiumque
1077 930 1193 992 ferrum
1210 929 1305 994 lorci-

257 1023 359 1106 pibus.
371 1020 439 1080 Non
454 1017 535 1076 alius
545 1016 636 1077 labor
645 1040 754 1100 apum3
765 1017 844 1079 adeo
855 1017 918 1080 illae
927 1023 1032 1102 operis
1043 1024 1106 1082 suis
1117 1023 1307 1082 avidissimae

259 1112 345 1172 sunt!
366 1107 444 1168 adeo
465 1105 535 1167 illas
554 1127 644 1168 amor
662 1106 802 1169 habendi
819 1123 923 1191 urget,
943 1112 1133 1195 premitque!
1153 1111 1213 1172 Hic
1233 1131 1306 1194 apes

259 1199 433 1279 Cecropiae,
446 1195 477 1254 id
491 1207 551 1270 est,
564 1197 674 1256 Atticae
688 1211 867 1280 ponuntur,
881 1199 937 1258 κατ’
947 1203 1052 1280 tinxit.

302 1289 367 1370 178.
389 1283 545 1345 Sententia
569 1297 629 1363 est,
652 1288 789 1348 seniores
813 1306 886 1368 apes
909 1289 991 1347 intus
1014 1289 1138 1370 operari
1160 1286 1305 1347 favorum

258 1377 437 1450 structioni;
447 1371 588 1454 juniores
602 1374 678 1435 foris
690 1373 885 1437 subvectioni
895 1376 1012 1460 thymi3
1025 1389 1192 1459 narratque
1205 1377 1306 1436 obiter

253 1466 334 1541 alia,
356 1483 427 1547 quae
447 1477 561 1545 praeter
583 1461 743 1547 thymum,
765 1465 985 1548 depascantur,
1009 1479 1040 1526 et
1057 1465 1159 1528 multa
1180 1475 1308 1525 exornat

258 1554 383 1637 poetica
398 1550 612 1635 epithetorum
627 1550 706 1614 luce.

303 1639 367 1715 184.
381 1639 465 1700 Dicit
480 1641 513 1699 in
526 1637 583 1700 hac
598 1640 758 1722 republica
772 1661 971 1702 communem
984 1661 1051 1702 esse
1064 1641 1201 1723 quietem
1214 1657 1309 1721 apum

258 1730 418 1801 omnium,
437 1745 636 1786 communem
655 1729 806 1788 laborem.
829 1731 900 1790 Hoc
915 1727 1076 1811 explicans
1094 1727 1217 1808 adjicit,
1237 1745 1310 1808 apes

258 1817 329 1877 luce
344 1829 413 1876 orta
427 1812 521 1873 simul
540 1835 577 1873 ex
596 1819 696 1896 portis
715 1835 804 1876 ruere
823 1817 1007 1876 festinanter
1024 1817 1063 1876 ad
1078 1808 1171 1900 opus;
1191 1813 1308 1897 vesperi

260 1917 363 1964 autem
384 1901 485 1961 redire
505 1899 544 1958 ad
564 1903 702 1963 curanda
720 1923 868 1986 corpora,
891 1919 921 1963 et
938 1904 1128 1986 capiendum
1144 1921 1307 1977 somnum,

261 2073 312 2124 rito
324 2074 405 2144 igitur
415 2069 466 2122 bot
478 2081 567 2124 nerent
577 2090 656 2143 apes,
667 2071 761 2141 idest,
846 2089 903 2144 177.
914 2072 1054 2143 θεωρίας.
1062 2071 1092 2124 ld
1102 2085 1156 2135 est,
1165 2069 1310 2122 Athenien·

261 2165 399 2218 avertunt,
414 2151 443 2204 id
459 2153 530 2206 enim
540 2151 662 2206 Graeeum
673 2151 761 2223 spato,
807 2171 863 2220 sea,
885 2171 902 2206 a
919 2151 1038 2224 Cecrope
1057 2170 1119 2223 repe
1135 2151 1242 2213 Atticae,
1262 2148 1310 2201 ubi

261 2245 291 2284 ut
302 2232 451 2285 Germunm
462 2230 515 2284 hoe
530 2232 609 2288 docet
621 2253 653 2288 ex
664 2235 763 2288 Home·
808 2235 909 2306 optima
925 2233 1006 2286 mella
1017 2243 1172 2288 nascuntur.
1185 2231 1256 2283 Sem.

261 2332 301 2364 ro.
311 2313 438 2366 -Pecus
449 2324 567 2377 vetuste,
580 2315 644 2384 quia
659 2314 763 2368 aniana·
846 2315 904 2386 178.
917 2315 1053 2387 Quamque
1061 2330 1116 2366 suo·
1126 2313 1222 2378 Recte,
1233 2323 1262 2361 ut
1271 2308 1310 2362 la·

260 2390 297 2444 lia
308 2393 398 2444 omnia
406 2392 509 2464 antiqui
518 2391 762 2466 dicebantpecora.
807 2394 873 2448 bore
885 2412 934 2448 suo
947 2406 1083 2466 querant,
1095 2410 1149 2444 non
1167 2389 1255 2443 aliena
1267 2389 1310 2440 di-

261 2501 295 2513 -
309 2472 437 2543 Proesepe'a
449 2471 576 2524 dicuntur
589 2492 644 2524 nou
659 2487 763 2526 tantum
807 2477 916 2546 ripiaut.
927 2471 1045 2546 Pbilarq.
1057 2503 1090 2512 -
1102 2465 1252 2525 Grundoevis
1265 2487 1311 2540 op-

262 2555 290 2603 in
308 2553 489 2620 jumentorum
513 2568 577 2602 usus
601 2553 691 2618 fucta,
715 2552 763 2605 sed
805 2553 870 2626 pido
879 2570 954 2605 curoe.
964 2551 1038 2604 Sicut
1047 2567 1123 2604 senes
1133 2567 1224 2600 muros
1234 2561 1311 2598 tuen-

262 2631 361 2701 queris
373 2631 411 2680 sic
424 2628 595 2698 appellantur
606 2628 664 2680 loeo
675 2630 764 2683 clausa
807 2645 864 2698 tur,
877 2634 965 2684 necin
977 2631 1049 2683 bella
1060 2639 1248 2702 prorumpunt.
1262 2627 1289 2677 S.

261 2721 288 2762 et
303 2719 366 2760 tutu.
383 2705 451 2758 Vide
467 2720 544 2759 notas
563 2720 590 2759 et
608 2707 763 2762 columella
846 2713 903 2764 182.
923 2713 1082 2783 Crurumque
1095 2708 1233 2759 rubmtem.
1252 2705 1308 2756 Sal·

261 2789 353 2841 locum
371 2785 483 2837 relatum
502 2787 531 2836 in
547 2785 600 2836 vol.
620 2787 648 2852 l,
665 2799 763 2839 nostru·
806 2789 901 2841 iustius
915 2791 942 2839 in
954 2787 1073 2839 historiis
1086 2787 1135 2851 ait,
1147 2786 1180 2836 ln
1190 2803 1243 2857 qua
1254 2801 1310 2836 cro-

263 2868 326 2921 edit.
337 2885 398 2939 pag.
413 2865 473 2916 5²6.
806 2885 865 2922 eum
872 2869 1105 2942 qiqniturlgenerc
1114 2877 1209 2918 neutro
1218 2881 1311 2916 secun·
1376 2857 1379 2868 '

302 2944 359 3018 175.
376 2945 410 2998 ln
426 2959 586 2995 eumenem:
606 2951 680 2997 certo
700 2963 765 3017 quo·
808 2948 872 3000 dum
889 2959 972 3001 artem
988 2963 1052 2998 usus
1070 2959 1124 2998 est:
1141 2943 1186 2996 hie
1203 2945 1310 2996 Poetice

264 3027 325 3080 dam
340 3023 447 3086 ordiue;
464 3035 490 3076 et
505 3041 649 3076 numeroso
662 3025 764 3078 caden-
807 3027 970 3092 masculino,
988 3027 1105 3078 referens
1126 3023 1160 3076 ad
1179 3041 1310 3096 puerum,

263 3104 764 3158 tiummalleurumcnncentn:adbane
810 3105 1069 3179 quiinbuncllorem
1078 3103 1311 3158 dieituressecon-

262 3203 356 3237 vocem
365 3183 763 3255 multaetproeclararetulitCl.
808 3205 909 3240 versus.
926 3188 996 3240 Serv.
1012 3213 1047 3228 --
1061 3187 1133 3236 luter
1145 3197 1240 3236 neutra
1254 3185 1310 3234 sin·

263 3265 332 3316 Voss
339 3263 374 3316 de
380 3265 533 3336 prestantia
543 3264 648 3336 Lingua
655 3263 765 3316 Germa·
808 3267 913 3341 quiteria
922 3264 1065 3318 Diomedes
1075 3280 1176 3316 crocum
1186 3273 1310 3314 numerat

263 3345 764 3419 uicoesupracaeteraslluropaelingunse
809 3350 834 3414 l,
857 3365 886 3413 a,
901 3359 927 3401 et
942 3345 1015 3398 bunc
1032 3345 1152 3396 Maronis
1166 3343 1255 3394 locum
1269 3353 1311 3394 at-

265 3445 324 3498 quae
337 3425 445 3498 quidem
457 3443 518 3477 vera
531 3443 585 3476 non
598 3430 764 3498 negaverim
809 3429 887 3500 tingit
903 3427 974 3478 Non.
988 3427 1071 3478 Mare.
1086 3439 1110 3474 c.
1128 3423 1157 3488 3,
1175 3423 1222 3473 ubi
1239 3421 1311 3473 idem

265 3506 313 3558 sed
325 3519 389 3556 tuuc
401 3524 454 3555 non
464 3515 519 3557 emt
528 3505 566 3557 lu's
576 3505 654 3557 loeus.
663 3507 766 3558 -Fou
810 3507 897 3559 docet.
913 3507 1000 3558 Sanct.
1014 3507 1041 3556 in
1054 3505 1188 3568 Minerva,
1201 3521 1229 3574 p.
1244 3503 1310 3566 301,

264 3585 328 3656 cipe.
337 3583 485 3636 fabrorum
495 3585 699 3636 instrumentum
711 3599 764 3648 est,
802 3587 898 3664 florem
911 3585 968 3637 vult
980 3584 1127 3637 subaudiri.
1140 3582 1220 3654 Apud
1232 3582 1311 3633 Juve-

265 3664 299 3715 de
315 3679 369 3736 quo
381 3660 460 3712 lsiod.
477 3661 540 3726 xx,
559 3663 604 3714 13:
621 3664 764 3734 asomum
809 3667 862 3719 nal.
873 3669 950 3718 etiam
961 3661 1309 3738 spiranteisqueerocos,8at.

265 3741 398 3817 capiendo.
404 3741 538 3812 fonnem,
549 3741 590 3793 vel
598 3742 709 3814 fornum
716 3783 724 3809 ,
735 3758 766 3796 nt
810 3748 870 3810 vu,
880 3748 938 3799 208.
946 3747 1107 3797 -Meminit
1114 3741 1238 3814 pellentis
1245 3740 1312 3792 ouri

265 3825 335 3876 Non.
349 3823 433 3874 Mare.
452 3839 475 3873 c.
497 3822 544 3886 13,
561 3833 628 3874 teste
643 3822 763 3876 Cassiod.
810 3826 876 3877 Stat.
887 3823 1018 3877 Thebaid.
1031 3825 1075 3874 Vl.
1087 3825 1174 3874 Emm.

266 3902 300 3957 de
319 3901 437 3973 orthogr.
458 3901 502 3965 lV,
523 3911 625 3953 veteres
643 3901 767 3956 dixerunt
850 3898 1311 3975 187.Coqroracurunt.Serefrciunt:

266 3983 380 4034 calidum
396 4003 403 4031 .-
422 3980 487 4033 alias
507 3981 621 4056 origines
641 3983 767 4055 repudiat
809 3995 854 4035 ut:
868 3984 984 4054 Fessique
994 3993 1020 4033 et
1027 3999 1104 4054 equos
1117 3989 1144 4030 et
1152 3995 1258 4049 corpora
1267 3997 1311 4027 cu·

268 4059 370 4114 Charis.
383 4060 499 4114 Gratum.
515 4063 541 4126 l,
558 4078 579 4112 ι.
592 4062 679 4116 Erum.
702 4091 712 4108 ·
811 4074 877 4116 rant.
891 4061 960 4117 Sane
972 4079 1060 4114 curare
1070 4076 1172 4131 comus,
1184 4060 1207 4111 sl
1218 4057 1251 4111 de
1262 4057 1310 4110 uo·
