2918 4682
341 379 393 442 IN
416 375 804 443 GEORGIGORUM
828 381 921 442 LIB.
947 381 996 444 ll.
1131 387 1190 472 471

150 502 299 583 agricola,
321 505 348 562 si
367 503 421 562 uni
436 502 624 576 committat,
646 502 730 581 quod
751 515 796 561 est
809 501 945 564 alterius.
967 505 1072 564 Primo
1087 504 1194 579 docet,

150 594 203 672 qui
217 607 423 672 cognoscatur
435 590 537 650 solum
553 609 673 664 rarum,
688 603 742 649 aut
753 591 904 652 densum:
921 594 1005 675 quod
1021 594 1194 676 plurimum

151 681 292 756 interest,
310 702 383 742 nam
403 679 535 742 densum
555 679 924 762 immutescamus,
945 705 1050 744 rarum
1073 687 1196 746 vinetis.

152 769 242 831 llario
255 793 328 832 vero
341 770 406 832 brec
419 785 481 831 est:
494 791 571 852 cape
583 769 686 830 locum
699 771 810 846 oculis,
824 770 856 831 id
869 787 929 848 est,
944 775 1040 856 elige:
1051 773 1129 855 jube
1140 795 1198 856 pu·

150 867 234 916 teum
248 859 345 920 altum
357 858 465 920 defodi
481 861 516 918 in
529 879 566 918 eo
582 859 652 918 loco
664 856 767 920 solido
786 860 878 937 (nam
892 862 918 920 si
934 881 1029 922 cavus
1044 865 1099 937 sit,
1111 877 1143 922 et
1155 865 1197 921 ri·

151 965 273 1022 mosus,
292 947 374 1010 nihil
394 948 508 1024 facies)
526 967 643 1029 repone
666 949 780 1006 iterum
797 961 911 1008 terram
933 965 1068 1024 erutam,
1091 970 1198 1032 preme

151 1033 238 1094 illam
257 1038 404 1118 pedibus:
421 1040 446 1098 si
465 1037 544 1098 desit
561 1051 643 1098 terra
664 1036 701 1096 ed
722 1037 904 1119 replendam
919 1041 1083 1101 cavitatem
1097 1042 1198 1121 putei,

150 1121 269 1186 clarum
286 1127 439 1188 indicium
451 1127 603 1200 raritatis3
617 1123 697 1186 banc
709 1127 807 1207 igitur
818 1131 955 1209 pascuis,
968 1143 998 1188 et
1008 1131 1121 1189 vinetis
1133 1128 1200 1188 des·

150 1211 234 1271 nna:
251 1215 277 1272 si
289 1215 405 1296 repleto
416 1229 526 1295 puteo,
541 1213 645 1274 adhuc
659 1228 739 1274 terra
751 1217 919 1296 supererit,
934 1237 967 1277 ea
980 1215 1198 1300 proculdubio

149 1299 287 1361 multam
310 1301 404 1364 habet
427 1303 608 1376 densitatis,
632 1315 663 1362 et
687 1301 917 1384 spissitudinis3
944 1319 1012 1364 tum
1037 1319 1198 1385 exspecta,

150 1390 270 1468 proba,
280 1393 420 1472 experire
432 1391 540 1474 glebas
552 1391 620 1450 illas
632 1405 829 1468 cunctantes,
841 1393 890 1453 vel
905 1395 1019 1454 otiosas
1031 1405 1061 1453 ct
1071 1394 1199 1466 inertes,

150 1478 200 1537 vel
222 1495 404 1542 cunctantes
425 1483 685 1563 opperientesqee
709 1480 905 1564 diligentiam
926 1497 1028 1558 tuam,
1053 1496 1099 1556 et,
1127 1483 1200 1562 quia

151 1565 255 1625 solum
267 1566 347 1628 illud
364 1589 503 1630 crassum
516 1586 577 1646 est,
588 1568 714 1651 juvenci
727 1572 791 1630 sint
802 1569 910 1632 validi.
923 1573 980 1630 His
995 1571 1127 1645 indicat,
1144 1583 1202 1628 ter·

152 1673 222 1712 rant
236 1655 367 1716 densam
382 1669 490 1739 aptam
502 1679 567 1719 esse
580 1658 757 1718 frumentis.

152 1865 206 1920 qua
224 1849 400 1924 perissologia
419 1855 614 1924 repetitionem.
627 1856 654 1908 S,
737 1872 795 1926 ²²9·
817 1857 902 1908 Densa
921 1854 1003 1927 maqis
1020 1853 1110 1906 cmvi.
1131 1854 1201 1904 Rene

188 1929 246 1982 228.
258 1930 357 1982 Altera.
370 1933 456 1986 Docet
468 1935 597 2006 experiri,
610 1953 656 1986 ra·
700 1933 805 1988 addidit
821 1935 920 2008 trapis:
938 1951 1000 1986 nam
1016 1933 1069 1986 boc
1086 1931 1143 1984 salt
1159 1949 1203 1984 os·

152 2026 211 2060 runt
233 2028 266 2062 an
288 2013 401 2081 spissum
423 2011 509 2066 solum
530 2015 580 2080 sit,
601 2012 655 2064 hoc
700 2015 809 2068 tendere
822 2015 889 2086 quid
902 2016 949 2068 ubi
961 2014 1054 2066 melius
1066 2015 1202 2073 nescitum
1309 2011 1319 2026 ‘

93 2125 97 2134 .
151 2088 233 2141 modo
245 2111 251 2140 r
268 2091 361 2144 Facito
373 2094 402 2146 iu
414 2092 501 2147 solide
514 2107 585 2146 terra
599 2094 655 2146 fos-
699 2110 788 2168 potest
799 2099 871 2149 enirn
882 2097 1081 2148 estrumentum
1089 2095 1116 2145 iu
1127 2111 1203 2159 rara,

152 2187 225 2233 οπως
236 2184 262 2223 et
272 2171 334 2226 inde
347 2174 447 2246 repleto
461 2175 555 2228 eadem
568 2189 654 2241 terra,
700 2190 727 2229 et
738 2179 828 2228 vinum
842 2179 869 2228 in
881 2176 982 2241 densa,
994 2175 1042 2227 sed
1054 2193 1109 2230 uon
1119 2174 1204 2226 fetici-

153 2264 180 2303 et
196 2253 299 2306 calcato
317 2255 431 2326 pedibus
448 2277 454 2306 =
475 2257 496 2308 si
514 2272 585 2309 terra
600 2275 655 2308 non
700 2269 741 2308 ter
751 2257 833 2307 nasci.
844 2257 914 2308 Serv.

155 2332 271 2401 aquabit
292 2333 461 2404 superficiem
480 2338 576 2403 losse,
596 2353 655 2387 rara
738 2337 797 2388 230.
812 2336 909 2406 Capiet.
923 2333 1027 2404 Eligam
1040 2343 1084 2396 ut,
1098 2329 1201 2384 AEneid.
1317 2347 1320 2354 ·

154 2421 212 2460 este
225 2411 247 2460 si
259 2413 413 2483 superabit,
427 2415 512 2485 spissa
525 2427 572 2466 est.
586 2416 657 2467 Rara
702 2415 803 2484 1,396‚
816 2415 978 2485 Aotcopere,
990 2423 1037 2463 aret
1051 2414 1202 2483 captasjam

154 2500 194 2539 est
203 2489 299 2542 idonea
310 2495 435 2563 pecoriet
445 2495 543 2546 ritibus
554 2517 560 2546 ι
571 2497 657 2566 spissa
701 2495 845 2567 despectare
861 2494 988 2545 videntur.
999 2491 1071 2544 Ser-r.

154 2579 195 2618 est
206 2567 303 2621 idonea
320 2573 417 2624 tritico.
436 2570 584 2626 Columella
602 2577 655 2626 ait:
738 2575 802 2628 233.
811 2576 840 2628 Si
851 2575 967 2627 dcerunt.
975 2575 1005 2625 lu
1012 2571 1110 2624 Medic.
1122 2583 1149 2624 et
1158 2589 1204 2624 an·

156 2647 230 2700 -e'ed
253 2651 275 2700 si
298 2651 364 2704 velis
386 2652 526 2706 scrobibus
550 2653 656 2708 effossis
700 2653 1205 2728 tiquisaliisdeensnt,stderuat‚facta

156 2751 168 2774 ι
179 2741 296 2800 egestam
315 2731 426 2783 humum
443 2732 610 2799 recondere,
631 2748 658 2787 et
701 2739 825 2809 synerosi
844 2755 877 2789 er
895 2733 1002 2788 duobus
1020 2753 1048 2786 ee
1064 2735 1091 2785 in
1111 2751 1202 2786 unum.

157 2809 300 2876 «calcare,
313 2812 334 2864 si
348 2811 539 2878 abundaverit,
555 2827 657 2867 certum
703 2819 771 2870 Pier.
786 2847 822 2859 -
835 2818 934 2870 Vitibur
949 2816 1032 2868 almis
1048 2816 1086 2866 llo
1103 2813 1205 2886 siguifi-

159 2903 286 2944 rcstesse
294 2893 522 2966 pinguem3qanm
532 2893 658 2959 deluerit,
703 2910 764 2950 cato
785 2897 911 2950 videntur
927 2898 995 2948 vites
1014 2893 1092 2946 dicte
1111 2894 1186 2946 alme
1195 2933 1205 2961 ‚

159 2970 381 3042 nexilemquunt
388 2977 657 3044 equoveeittomm,
704 2995 759 3049 quo
771 2977 890 3031 bacchus
907 2978 1009 3042 almus,
1024 2975 1103 3027 Ceres
1120 2976 1206 3040 alma,

156 3073 170 3097 a
180 3067 237 3102 esse
248 3050 427 3118 mediocrem,
436 3071 598 3127 quamquem
608 3059 659 3109 ists
703 3059 839 3110 immerite
850 3057 935 3117 elatat
948 3056 1073 3108 nimirum
1088 3053 1121 3105 ab
1134 3053 1207 3106 alen·

159 3147 239 3201 uque
254 3149 326 3182 nunc
342 3131 436 3197 retuli,
453 3150 508 3186 non
524 3147 579 3188 tam
595 3155 660 3188 rere
702 3137 755 3199 dot
768 3139 819 3189 nisi
832 3138 891 3208 quis
904 3147 1028 3206 torqueat
1044 3131 1079 3184 ad
1092 3151 1147 3186 rem
1164 3149 1208 3185 ta-

160 3209 401 3280 ·possuntvideri;
412 3213 433 3263 si
446 3213 563 3284 eitpulla
574 3228 659 3284 terra,
705 3233 792 3280 cram,
809 3228 835 3268 et
852 3213 967 3266 dicatam
983 3210 1097 3265 Baccho.
1116 3211 1204 3264 Cerdo.

158 3287 275 3342 «melius
291 3301 438 3360 protentus
452 3291 558 3366 frugum
573 3311 660 3348 anno·
742 3295 801 3360 284.
826 3293 920 3364 Aptius
943 3293 1005 3343 alter
1027 3292 1084 3342 erit.
1111 3291 1207 3362 Aptior

159 3390 170 3416 ι
180 3380 281 3421 tantur.
292 3391 303 3416 n
318 3369 356 3420 Er
368 3387 440 3440 aqua
451 3369 550 3424 celesti
561 3385 663 3427 naara
704 3374 815 3426 ubertus
825 3385 851 3426 et
863 3371 994 3424 fertilitas.
1001 3371 1168 3424 Seru-*Sin
1178 3373 1206 3422 in

159 3448 234 3500 terre
254 3451 425 3521 cognoscitur
443 3471 449 3504 e
470 3467 529 3521 quse
548 3452 662 3506 imbrem
705 3469 834 3525 ruspans
845 3451 976 3524 crepabunt
986 3451 1027 3502 lte
1038 3449 1207 3504 locollicri·

156 3529 247 3579 statim
259 3527 366 3594 sorbet,
379 3545 441 3582 rara
451 3543 506 3592 ests
520 3547 579 3602 que
591 3531 661 3584 diffi·
704 3533 785 3587 detur
792 3533 983 3604 qassiseusum
991 3543 1018 3584 et
1028 3544 1207 3584 mentemter-

157 3608 243 3661 culter
254 3607 337 3674 bibit,
350 3610 437 3680 spisse
452 3623 500 3664 eet.
515 3611 661 3684 Cognosci-
705 3633 740 3666 re
754 3614 806 3687 ipsi
816 3611 951 3674 miletum
966 3623 1064 3686 erepant
1076 3612 1124 3679 ire,
1138 3631 1206 3687 pro,

157 3691 293 3742 teretium
309 3702 395 3756 terra,
412 3693 468 3747 iota
485 3693 661 3764 crepidines
703 3711 760 3746 son
769 3701 884 3766 porrum.

158 3769 268 3842 quando
280 3769 379 3824 herbas
393 3781 469 3824 ¹creat
485 3785 580 3844 sponte
596 3774 661 3828 vali·
743 3773 803 3828 236.
818 3772 910 3826 Glebas
919 3783 1075 3826 mutantes.
1088 3772 1206 3834 (ἔκνους

158 3849 537 3923 das,tuncterrasetspissa;
552 3853 662 3926 vando
707 3873 768 3906 cum
785 3871 861 3905 mora
875 3865 903 3905 et
921 3851 1078 3905 difficaltate
1094 3855 1208 3924 proscis-

156 3944 232 3982 crcat
244 3929 384 4002 languidas
393 3930 662 3998 uehementissime
705 3951 766 4000 sas,
779 3945 805 3984 et
813 3943 931 3984 aratrum
942 3931 1088 3984 tardantes.

159 4008 218 4060 solo
228 4009 440 4080 topbusrabe'st,
450 4025 497 4064 aut
506 4029 664 4078 ereua,ons-
745 4012 804 4082 ²37·
816 4013 952 4084 Exspecta.
966 4011 1005 4063 Ex
1021 4009 1108 4063 allatis
1125 4010 1207 4064 morlo

157 4105 195 4140 ne
212 4088 367 4143 alimentum
384 4105 505 4146 resumet
521 4095 549 4146 iu
565 4093 665 4149 radici·
707 4091 814 4146 indiciis
823 4089 931 4161 judica,
944 4101 970 4142 et
981 4107 1032 4160 pro
1045 4096 1118 4140 certo
1128 4088 1207 4145 habe.

160 4167 522 4246 coenomanensi.
708 4167 1209 4243 -Vatidisjumds-Qweiwsw
