<?xml version="1.0" encoding="UTF-8"?>
<!DOCTYPE html PUBLIC "-//W3C//DTD XHTML 1.0 Transitional//EN"
    "http://www.w3.org/TR/xhtml1/DTD/xhtml1-transitional.dtd">
<html xmlns="http://www.w3.org/1999/xhtml" xml:lang="en" lang="en">
 <head>
  <title>
</title>
<meta http-equiv="Content-Type" content="text/html;charset=utf-8" />
  <meta name='ocr-system' content='tesseract 3.04.00' />
  <meta name='ocr-capabilities' content='ocr_page ocr_carea ocr_par ocr_line ocrx_word'/>
</head>
<body>
  <div class='ocr_page' id='page_1' title='image "./pvirgiliusmaroq04barbgoog_0058.png"; bbox 0 0 2970 4714; ppageno 0'>
   <div class='ocr_carea' id='block_1_1' title="bbox 292 351 1090 428">
    <p class='ocr_par' dir='ltr' id='par_1_1' title="bbox 292 351 1090 428">
     <span class='ocr_line' id='line_1_1' title="bbox 292 351 1090 428; baseline 0.009 -9"><span class='ocrx_word' id='word_1_1' title='bbox 292 357 333 428; x_wconf 82' lang='lat'>50</span> <span class='ocrx_word' id='word_1_2' title='bbox 540 351 1090 426; x_wconf 78' lang='lat' dir='ltr'>P.V1RG1L11Mtttottrs</span> 
     </span>
    </p>
   </div>
   <div class='ocr_carea' id='block_1_2' title="bbox 284 478 1143 1326">
    <p class='ocr_par' dir='ltr' id='par_1_2' title="bbox 285 478 1143 1210">
     <span class='ocr_line' id='line_1_2' title="bbox 289 478 1077 574; baseline -0.003 -23"><span class='ocrx_word' id='word_1_3' title='bbox 289 485 384 574; x_wconf 84' lang='lat' dir='ltr'>Inpia</span> <span class='ocrx_word' id='word_1_4' title='bbox 396 481 543 573; x_wconf 75' lang='lat' dir='ltr'><strong>germani</strong></span> <span class='ocrx_word' id='word_1_5' title='bbox 555 494 666 545; x_wconf 83' lang='lat' dir='ltr'>manat</span> <span class='ocrx_word' id='word_1_6' title='bbox 677 478 768 570; x_wconf 88' lang='lat' dir='ltr'>quod</span> <span class='ocrx_word' id='word_1_7' title='bbox 781 481 941 570; x_wconf 76' lang='lat' dir='ltr'>sunguine</span> <span class='ocrx_word' id='word_1_8' title='bbox 953 481 1077 550; x_wconf 81' lang='lat' dir='ltr'>dextra.</span> 
     </span>
     <span class='ocr_line' id='line_1_3' title="bbox 287 586 1143 678; baseline -0.001 -19"><span class='ocrx_word' id='word_1_9' title='bbox 287 593 398 659; x_wconf 85' lang='lat' dir='ltr'>Eheu!</span> <span class='ocrx_word' id='word_1_10' title='bbox 412 586 590 654; x_wconf 80' lang='lat' dir='ltr'>mutandus</span> <span class='ocrx_word' id='word_1_11' title='bbox 602 607 775 678; x_wconf 79' lang='lat' dir='ltr'>nunquam</span> <span class='ocrx_word' id='word_1_12' title='bbox 786 587 889 654; x_wconf 76' lang='lat' dir='ltr'>labor.</span> <span class='ocrx_word' id='word_1_13' title='bbox 902 590 1045 656; x_wconf 81' lang='lat' dir='ltr'>Auferor</span> <span class='ocrx_word' id='word_1_14' title='bbox 1056 589 1143 657; x_wconf 81' lang='lat' dir='ltr'>ultra</span> 
     </span>
     <span class='ocr_line' id='line_1_4' title="bbox 289 691 1089 783; baseline -0.003 -19"><span class='ocrx_word' id='word_1_15' title='bbox 289 699 329 764; x_wconf 87' lang='lat' dir='ltr'>ln</span> <span class='ocrx_word' id='word_1_16' title='bbox 343 697 472 764; x_wconf 81' lang='lat' dir='ltr'>diversa</span> <span class='ocrx_word' id='word_1_17' title='bbox 483 693 586 783; x_wconf 76' lang='lat' dir='ltr'>magis</span> <span class='ocrx_word' id='word_1_18' title='bbox 598 716 605 756; x_wconf 93' lang='lat'>:</span> <span class='ocrx_word' id='word_1_19' title='bbox 619 691 771 760; x_wconf 72' lang='lat' dir='ltr'>distantia</span> <span class='ocrx_word' id='word_1_20' title='bbox 784 694 898 759; x_wconf 84' lang='lat' dir='ltr'>limine</span> <span class='ocrx_word' id='word_1_21' title='bbox 910 719 1031 764; x_wconf 88' lang='lat' dir='ltr'>cerno:</span> <span class='ocrx_word' id='word_1_22' title='bbox 1085 713 1089 722; x_wconf 92' lang='lat'>&#39;</span> 
     </span>
     <span class='ocr_line' id='line_1_5' title="bbox 286 798 1056 896; baseline -0.004 -25"><span class='ocrx_word' id='word_1_23' title='bbox 286 805 432 896; x_wconf 75' lang='lat' dir='ltr'>Elysiam</span> <span class='ocrx_word' id='word_1_24' title='bbox 444 798 622 868; x_wconf 75' lang='lat' dir='ltr'>tenuandus</span> <span class='ocrx_word' id='word_1_25' title='bbox 633 821 714 889; x_wconf 78' lang='lat' dir='ltr'>agor</span> <span class='ocrx_word' id='word_1_26' title='bbox 725 799 854 867; x_wconf 80' lang='lat' dir='ltr'>deletus</span> <span class='ocrx_word' id='word_1_27' title='bbox 865 799 907 866; x_wconf 88' lang='lat' dir='ltr'>ad</span> <span class='ocrx_word' id='word_1_28' title='bbox 921 801 1056 868; x_wconf 86' lang='lat' dir='ltr'>undem.</span> 
     </span>
     <span class='ocr_line' id='line_1_6' title="bbox 286 905 1077 997; baseline -0.006 -18"><span class='ocrx_word' id='word_1_29' title='bbox 286 912 393 979; x_wconf 85' lang='lat' dir='ltr'><strong>Obvia</strong></span> <span class='ocrx_word' id='word_1_30' title='bbox 406 906 617 997; x_wconf 83' lang='lat' dir='ltr'><strong>Persephone</strong></span> <span class='ocrx_word' id='word_1_31' title='bbox 629 907 767 972; x_wconf 81' lang='lat' dir='ltr'><strong>comites</strong></span> <span class='ocrx_word' id='word_1_32' title='bbox 781 905 944 973; x_wconf 79' lang='lat' dir='ltr'>Heroides</span> <span class='ocrx_word' id='word_1_33' title='bbox 957 926 1077 997; x_wconf 79' lang='lat' dir='ltr'>urguet</span> 
     </span>
     <span class='ocr_line' id='line_1_7' title="bbox 286 1011 1029 1106; baseline -0.009 -21"><span class='ocrx_word' id='word_1_34' title='bbox 286 1019 448 1085; x_wconf 76' lang='lat' dir='ltr'>Adversas</span> <span class='ocrx_word' id='word_1_35' title='bbox 459 1014 608 1106; x_wconf 84' lang='lat' dir='ltr'>perferre</span> <span class='ocrx_word' id='word_1_36' title='bbox 620 1013 719 1078; x_wconf 81' lang='lat' dir='ltr'>faces.</span> <span class='ocrx_word' id='word_1_37' title='bbox 733 1013 871 1078; x_wconf 84' lang='lat' dir='ltr'>Alcestis</span> <span class='ocrx_word' id='word_1_38' title='bbox 882 1011 924 1078; x_wconf 83' lang='lat' dir='ltr'>ob</span> <span class='ocrx_word' id='word_1_39' title='bbox 936 1017 1029 1079; x_wconf 88' lang='lat' dir='ltr'>omni</span> 
     </span>
     <span class='ocr_line' id='line_1_8' title="bbox 285 1116 980 1210; baseline -0.009 -18"><span class='ocrx_word' id='word_1_40' title='bbox 285 1125 446 1192; x_wconf 70' lang='lat' dir='ltr'>Inviolatus</span> <span class='ocrx_word' id='word_1_41' title='bbox 457 1137 549 1188; x_wconf 77' lang='lat' dir='ltr'>vemt</span> <span class='ocrx_word' id='word_1_42' title='bbox 561 1142 653 1200; x_wconf 83' lang='lat' dir='ltr'>curu,</span> <span class='ocrx_word' id='word_1_43' title='bbox 669 1116 762 1210; x_wconf 89' lang='lat' dir='ltr'>quod</span> <span class='ocrx_word' id='word_1_44' title='bbox 774 1141 859 1186; x_wconf 64' lang='grc' dir='ltr'>θωνα</span> <span class='ocrx_word' id='word_1_45' title='bbox 870 1121 980 1186; x_wconf 79' lang='lat' dir='ltr'>mariti</span> 
     </span>
    </p>

    <p class='ocr_par' dir='ltr' id='par_1_3' title="bbox 284 1226 959 1326">
     <span class='ocr_line' id='line_1_9' title="bbox 284 1226 959 1326; baseline -0.015 -24"><span class='ocrx_word' id='word_1_46' title='bbox 284 1238 359 1326; x_wconf 77' lang='lat' dir='ltr'>lpse</span> <span class='ocrx_word' id='word_1_47' title='bbox 371 1233 438 1300; x_wconf 84' lang='lat' dir='ltr'>suis</span> <span class='ocrx_word' id='word_1_48' title='bbox 451 1230 525 1295; x_wconf 81' lang='lat' dir='ltr'>fatie</span> <span class='ocrx_word' id='word_1_49' title='bbox 537 1226 669 1293; x_wconf 82' lang='lat' dir='ltr'>Admeti</span> <span class='ocrx_word' id='word_1_50' title='bbox 682 1227 748 1293; x_wconf 79' lang='lat' dir='ltr'>futu</span> <span class='ocrx_word' id='word_1_51' title='bbox 760 1243 887 1294; x_wconf 80' lang='lat' dir='ltr'>morata</span> <span class='ocrx_word' id='word_1_52' title='bbox 899 1243 959 1292; x_wconf 88' lang='lat' dir='ltr'>est.</span> 
     </span>
    </p>
   </div>
   <div class='ocr_carea' id='block_1_3' title="bbox 275 1395 1337 3459">
    <p class='ocr_par' dir='ltr' id='par_1_4' title="bbox 275 1395 1337 3459">
     <span class='ocr_line' id='line_1_10' title="bbox 278 1395 1337 1458; baseline -0.006 -6"><span class='ocrx_word' id='word_1_53' title='bbox 278 1415 345 1458; x_wconf 73' lang='lat' dir='ltr'>antus</span> <span class='ocrx_word' id='word_1_54' title='bbox 356 1401 421 1450; x_wconf 81' lang='lat' dir='ltr'>haud</span> <span class='ocrx_word' id='word_1_55' title='bbox 432 1399 505 1445; x_wconf 88' lang='lat' dir='ltr'>dubie</span> <span class='ocrx_word' id='word_1_56' title='bbox 520 1409 584 1443; x_wconf 84' lang='lat' dir='ltr'>recte</span> <span class='ocrx_word' id='word_1_57' title='bbox 600 1395 701 1443; x_wconf 69' lang='lat' dir='ltr'>bembus</span> <span class='ocrx_word' id='word_1_58' title='bbox 713 1395 832 1453; x_wconf 78' lang='lat' dir='ltr'>ediderat,</span> <span class='ocrx_word' id='word_1_59' title='bbox 851 1409 877 1443; x_wconf 89' lang='lat' dir='ltr'>nt</span> <span class='ocrx_word' id='word_1_60' title='bbox 893 1399 966 1444; x_wconf 86' lang='lat' dir='ltr'>rnirer</span> <span class='ocrx_word' id='word_1_61' title='bbox 979 1397 1112 1444; x_wconf 78' lang='lat' dir='ltr'>adversatus</span> <span class='ocrx_word' id='word_1_62' title='bbox 1126 1397 1212 1444; x_wconf 80' lang='lat' dir='ltr'>iterun</span> <span class='ocrx_word' id='word_1_63' title='bbox 1228 1396 1337 1446; x_wconf 78' lang='lat' dir='ltr'>relictura</span> 
     </span>
     <span class='ocr_line' id='line_1_11' title="bbox 280 1467 1334 1535; baseline -0.006 -13"><span class='ocrx_word' id='word_1_64' title='bbox 280 1494 342 1535; x_wconf 64' lang='grc' dir='ltr'>ραις</span> <span class='ocrx_word' id='word_1_65' title='bbox 356 1477 401 1522; x_wconf 87' lang='lat' dir='ltr'>nisi</span> <span class='ocrx_word' id='word_1_66' title='bbox 417 1471 502 1518; x_wconf 83' lang='lat' dir='ltr'>melius</span> <span class='ocrx_word' id='word_1_67' title='bbox 515 1475 646 1522; x_wconf 71' lang='lat' dir='ltr'><strong><em>aversatur,</em></strong></span> <span class='ocrx_word' id='word_1_68' title='bbox 664 1467 729 1531; x_wconf 85' lang='lat' dir='ltr'>quod</span> <span class='ocrx_word' id='word_1_69' title='bbox 748 1470 773 1513; x_wconf 91' lang='lat' dir='ltr'>in</span> <span class='ocrx_word' id='word_1_70' title='bbox 791 1469 857 1515; x_wconf 84' lang='lat' dir='ltr'>Voss.</span> <span class='ocrx_word' id='word_1_71' title='bbox 875 1480 924 1516; x_wconf 89' lang='lat' dir='ltr'>est:</span> <span class='ocrx_word' id='word_1_72' title='bbox 939 1469 1053 1533; x_wconf 82' lang='lat' dir='ltr'>qnodqtae</span> <span class='ocrx_word' id='word_1_73' title='bbox 1069 1468 1225 1533; x_wconf 80' lang='lat' dir='ltr'>Oudendorp.</span> <span class='ocrx_word' id='word_1_74' title='bbox 1240 1469 1271 1518; x_wconf 90' lang='lat' dir='ltr'>ad</span> <span class='ocrx_word' id='word_1_75' title='bbox 1283 1469 1334 1518; x_wconf 81' lang='lat' dir='ltr'>sot.</span> 
     </span>
     <span class='ocr_line' id='line_1_12' title="bbox 279 1537 1334 1600; baseline -0.01 -3"><span class='ocrx_word' id='word_1_76' title='bbox 279 1551 336 1597; x_wconf 88' lang='lat' dir='ltr'>Obs.</span> <span class='ocrx_word' id='word_1_77' title='bbox 350 1564 371 1594; x_wconf 88' lang='lat' dir='ltr'>c.</span> <span class='ocrx_word' id='word_1_78' title='bbox 387 1541 430 1591; x_wconf 83' lang='lat'>118</span> <span class='ocrx_word' id='word_1_79' title='bbox 444 1557 457 1588; x_wconf 87' lang='lat' dir='ltr'>e</span> <span class='ocrx_word' id='word_1_80' title='bbox 471 1553 524 1586; x_wconf 83' lang='lat' dir='ltr'>mss.</span> <span class='ocrx_word' id='word_1_81' title='bbox 534 1537 616 1592; x_wconf 63' lang='lat' dir='ltr'>aliern</span> <span class='ocrx_word' id='word_1_82' title='bbox 626 1549 650 1582; x_wconf 91' lang='lat' dir='ltr'>at</span> <span class='ocrx_word' id='word_1_83' title='bbox 663 1539 688 1582; x_wconf 93' lang='lat' dir='ltr'>in</span> <span class='ocrx_word' id='word_1_84' title='bbox 702 1539 779 1583; x_wconf 76' lang='lat' dir='ltr'>Peter.</span> <span class='ocrx_word' id='word_1_85' title='bbox 794 1546 921 1584; x_wconf 70' lang='lat' dir='ltr'>meatus.</span> <span class='ocrx_word' id='word_1_86' title='bbox 931 1561 963 1574; x_wconf 92' lang='lat'>-</span> <span class='ocrx_word' id='word_1_87' title='bbox 973 1539 1026 1600; x_wconf 85' lang='lat'>²⁵7·</span> <span class='ocrx_word' id='word_1_88' title='bbox 1041 1540 1111 1584; x_wconf 81' lang='lat' dir='ltr'>Heu!</span> <span class='ocrx_word' id='word_1_89' title='bbox 1125 1538 1182 1584; x_wconf 81' lang='lat' dir='ltr'>heu!</span> <span class='ocrx_word' id='word_1_90' title='bbox 1193 1551 1249 1586; x_wconf 76' lang='lat' dir='ltr'>vett.</span> <span class='ocrx_word' id='word_1_91' title='bbox 1262 1539 1334 1598; x_wconf 81' lang='lat' dir='ltr'>edd,</span> 
     </span>
     <span class='ocr_line' id='line_1_13' title="bbox 277 1607 1336 1686; baseline -0.008 -24"><span class='ocrx_word' id='word_1_92' title='bbox 277 1618 344 1686; x_wconf 80' lang='lat' dir='ltr'>quod</span> <span class='ocrx_word' id='word_1_93' title='bbox 356 1633 385 1665; x_wconf 83' lang='lat' dir='ltr'>ea</span> <span class='ocrx_word' id='word_1_94' title='bbox 393 1616 498 1661; x_wconf 78' lang='lat' dir='ltr'>virorum</span> <span class='ocrx_word' id='word_1_95' title='bbox 509 1607 632 1654; x_wconf 80' lang='lat' dir='ltr'>doctorum</span> <span class='ocrx_word' id='word_1_96' title='bbox 641 1609 755 1668; x_wconf 85' lang='lat' dir='ltr'>opinione</span> <span class='ocrx_word' id='word_1_97' title='bbox 767 1619 872 1669; x_wconf 65' lang='lat' dir='ltr'>praten</span> <span class='ocrx_word' id='word_1_98' title='bbox 888 1619 938 1653; x_wconf 86' lang='lat' dir='ltr'>tum</span> <span class='ocrx_word' id='word_1_99' title='bbox 951 1607 1070 1671; x_wconf 71' lang='lat' dir='ltr'>distinguo</span> <span class='ocrx_word' id='word_1_100' title='bbox 1081 1621 1134 1672; x_wconf 85' lang='lat' dir='ltr'>post</span> <span class='ocrx_word' id='word_1_101' title='bbox 1149 1608 1219 1655; x_wconf 78' lang='lat' dir='ltr'>labor.</span> <span class='ocrx_word' id='word_1_102' title='bbox 1233 1611 1336 1675; x_wconf 65' lang='lat' dir='ltr'>dunler-ur</span> 
     </span>
     <span class='ocr_line' id='line_1_14' title="bbox 277 1674 1333 1745; baseline -0.003 -14"><span class='ocrx_word' id='word_1_103' title='bbox 277 1688 340 1736; x_wconf 72' lang='lat' dir='ltr'>ultro</span> <span class='ocrx_word' id='word_1_104' title='bbox 349 1689 378 1731; x_wconf 88' lang='lat' dir='ltr'>ln</span> <span class='ocrx_word' id='word_1_105' title='bbox 392 1684 415 1729; x_wconf 85' lang='lat' dir='ltr'>d.</span> <span class='ocrx_word' id='word_1_106' title='bbox 431 1681 509 1745; x_wconf 74' lang='lat' dir='ltr'>muqis.</span> <span class='ocrx_word' id='word_1_107' title='bbox 524 1678 582 1722; x_wconf 84' lang='lat' dir='ltr'>Nam</span> <span class='ocrx_word' id='word_1_108' title='bbox 598 1679 717 1738; x_wconf 72' lang='lat' dir='ltr'>superiora</span> <span class='ocrx_word' id='word_1_109' title='bbox 730 1674 771 1722; x_wconf 87' lang='lat' dir='ltr'>illa</span> <span class='ocrx_word' id='word_1_110' title='bbox 783 1676 861 1724; x_wconf 89' lang='lat' dir='ltr'>adhuc</span> <span class='ocrx_word' id='word_1_111' title='bbox 873 1677 903 1722; x_wconf 89' lang='lat' dir='ltr'>ad</span> <span class='ocrx_word' id='word_1_112' title='bbox 915 1676 1034 1724; x_wconf 78' lang='lat' dir='ltr'>Eteocleos</span> <span class='ocrx_word' id='word_1_113' title='bbox 1053 1690 1076 1724; x_wconf 89' lang='lat' dir='ltr'>et</span> <span class='ocrx_word' id='word_1_114' title='bbox 1094 1677 1229 1744; x_wconf 72' lang='lat' dir='ltr'>Polynicen</span> <span class='ocrx_word' id='word_1_115' title='bbox 1247 1682 1333 1730; x_wconf 77' lang='lat' dir='ltr'>refero.</span> 
     </span>
     <span class='ocr_line' id='line_1_15' title="bbox 278 1746 1335 1816; baseline -0.004 -12"><span class='ocrx_word' id='word_1_116' title='bbox 278 1761 388 1805; x_wconf 75' lang='lat' dir='ltr'>AErumna</span> <span class='ocrx_word' id='word_1_117' title='bbox 399 1765 479 1799; x_wconf 86' lang='lat' dir='ltr'>eorum</span> <span class='ocrx_word' id='word_1_118' title='bbox 492 1747 589 1794; x_wconf 69' lang='lat' dir='ltr'>aeterno!</span> <span class='ocrx_word' id='word_1_119' title='bbox 602 1747 665 1792; x_wconf 85' lang='lat' dir='ltr'>Miro</span> <span class='ocrx_word' id='word_1_120' title='bbox 674 1763 732 1794; x_wconf 87' lang='lat' dir='ltr'>ausu</span> <span class='ocrx_word' id='word_1_121' title='bbox 743 1763 823 1795; x_wconf 82' lang='lat' dir='ltr'>versus</span> <span class='ocrx_word' id='word_1_122' title='bbox 835 1747 878 1794; x_wconf 91' lang='lat' dir='ltr'>hos</span> <span class='ocrx_word' id='word_1_123' title='bbox 890 1757 937 1794; x_wconf 86' lang='lat' dir='ltr'>tres</span> <span class='ocrx_word' id='word_1_124' title='bbox 953 1749 1005 1810; x_wconf 77' lang='lat'>²⁵7·</span> <span class='ocrx_word' id='word_1_125' title='bbox 1020 1746 1071 1794; x_wconf 76' lang='lat'>258.</span> <span class='ocrx_word' id='word_1_126' title='bbox 1086 1749 1130 1811; x_wconf 76' lang='lat'>²59</span> <span class='ocrx_word' id='word_1_127' title='bbox 1142 1753 1219 1814; x_wconf 84' lang='lat' dir='ltr'>rejicit</span> <span class='ocrx_word' id='word_1_128' title='bbox 1233 1751 1335 1816; x_wconf 69' lang='lat' dir='ltr'>Scaliger</span> 
     </span>
     <span class='ocr_line' id='line_1_16' title="bbox 277 1817 1335 1890; baseline -0.006 -13"><span class='ocrx_word' id='word_1_129' title='bbox 277 1829 339 1878; x_wconf 76' lang='lat' dir='ltr'>iufra</span> <span class='ocrx_word' id='word_1_130' title='bbox 349 1839 403 1890; x_wconf 90' lang='lat' dir='ltr'>post</span> <span class='ocrx_word' id='word_1_131' title='bbox 413 1841 436 1872; x_wconf 81' lang='lat' dir='ltr'>s.</span> <span class='ocrx_word' id='word_1_132' title='bbox 450 1820 503 1869; x_wconf 78' lang='lat'>382.</span> <span class='ocrx_word' id='word_1_133' title='bbox 514 1818 572 1875; x_wconf 84' lang='lat'>383,</span> <span class='ocrx_word' id='word_1_134' title='bbox 584 1819 625 1866; x_wconf 84' lang='lat' dir='ltr'>uhi</span> <span class='ocrx_word' id='word_1_135' title='bbox 637 1818 692 1866; x_wconf 84' lang='lat' dir='ltr'>side</span> <span class='ocrx_word' id='word_1_136' title='bbox 703 1819 758 1865; x_wconf 85' lang='lat' dir='ltr'>Var.</span> <span class='ocrx_word' id='word_1_137' title='bbox 772 1820 836 1864; x_wconf 86' lang='lat' dir='ltr'>Lect.</span> <span class='ocrx_word' id='word_1_138' title='bbox 846 1845 878 1854; x_wconf 94' lang='lat'><em>-</em></span> <span class='ocrx_word' id='word_1_139' title='bbox 889 1817 942 1865; x_wconf 78' lang='lat'>258.</span> <span class='ocrx_word' id='word_1_140' title='bbox 953 1821 1046 1865; x_wconf 79' lang='lat' dir='ltr'>nurnsiro</span> <span class='ocrx_word' id='word_1_141' title='bbox 1055 1820 1162 1867; x_wconf 75' lang='lat' dir='ltr'>distentio</span> <span class='ocrx_word' id='word_1_142' title='bbox 1173 1823 1243 1870; x_wconf 83' lang='lat' dir='ltr'>velim</span> <span class='ocrx_word' id='word_1_143' title='bbox 1255 1823 1335 1887; x_wconf 79' lang='lat' dir='ltr'>expli·</span> 
     </span>
     <span class='ocr_line' id='line_1_17' title="bbox 278 1889 1336 1960; baseline -0.007 -8"><span class='ocrx_word' id='word_1_144' title='bbox 278 1916 317 1952; x_wconf 81' lang='lat' dir='ltr'>cut</span> <span class='ocrx_word' id='word_1_145' title='bbox 329 1897 387 1948; x_wconf 86' lang='lat' dir='ltr'>mihi</span> <span class='ocrx_word' id='word_1_146' title='bbox 398 1896 491 1960; x_wconf 86' lang='lat' dir='ltr'>aliquis.</span> <span class='ocrx_word' id='word_1_147' title='bbox 504 1891 564 1938; x_wconf 75' lang='lat' dir='ltr'>de.</span> <span class='ocrx_word' id='word_1_148' title='bbox 576 1903 631 1939; x_wconf 78' lang='lat' dir='ltr'>vett.</span> <span class='ocrx_word' id='word_1_149' title='bbox 645 1889 744 1947; x_wconf 81' lang='lat' dir='ltr'>lumino,</span> <span class='ocrx_word' id='word_1_150' title='bbox 759 1890 824 1955; x_wconf 89' lang='lat' dir='ltr'>quod</span> <span class='ocrx_word' id='word_1_151' title='bbox 839 1891 870 1938; x_wconf 87' lang='lat' dir='ltr'>de</span> <span class='ocrx_word' id='word_1_152' title='bbox 884 1891 1014 1956; x_wconf 66' lang='lat' dir='ltr'>Elysiorum</span> <span class='ocrx_word' id='word_1_153' title='bbox 1023 1892 1081 1939; x_wconf 80' lang='lat' dir='ltr'>celo</span> <span class='ocrx_word' id='word_1_154' title='bbox 1090 1910 1151 1956; x_wconf 87' lang='lat' dir='ltr'>puro</span> <span class='ocrx_word' id='word_1_155' title='bbox 1162 1911 1189 1942; x_wconf 91' lang='lat' dir='ltr'>ac</span> <span class='ocrx_word' id='word_1_156' title='bbox 1201 1913 1284 1944; x_wconf 84' lang='lat' dir='ltr'>sereno</span> <span class='ocrx_word' id='word_1_157' title='bbox 1294 1914 1336 1944; x_wconf 86' lang='lat' dir='ltr'>ac-</span> 
     </span>
     <span class='ocr_line' id='line_1_18' title="bbox 277 1963 1335 2038; baseline -0.005 -17"><span class='ocrx_word' id='word_1_158' title='bbox 277 1977 326 2038; x_wconf 85' lang='lat' dir='ltr'>cipi</span> <span class='ocrx_word' id='word_1_159' title='bbox 340 1982 429 2037; x_wconf 85' lang='lat' dir='ltr'>potest;</span> <span class='ocrx_word' id='word_1_160' title='bbox 441 1965 484 2014; x_wconf 90' lang='lat' dir='ltr'>sed</span> <span class='ocrx_word' id='word_1_161' title='bbox 498 1965 575 2012; x_wconf 82' lang='lat' dir='ltr'>limina</span> <span class='ocrx_word' id='word_1_162' title='bbox 586 1975 704 2028; x_wconf 74' lang='lat' dir='ltr'>praestant.</span> <span class='ocrx_word' id='word_1_163' title='bbox 715 1965 797 2024; x_wconf 70' lang='lat' dir='ltr'>Margo</span> <span class='ocrx_word' id='word_1_164' title='bbox 809 1963 847 2010; x_wconf 90' lang='lat' dir='ltr'>ed.</span> <span class='ocrx_word' id='word_1_165' title='bbox 859 1964 921 2010; x_wconf 87' lang='lat' dir='ltr'>Ven.</span> <span class='ocrx_word' id='word_1_166' title='bbox 933 1980 971 2027; x_wconf 81' lang='lat' dir='ltr'>np.</span> <span class='ocrx_word' id='word_1_167' title='bbox 986 1967 1080 2012; x_wconf 87' lang='lat' dir='ltr'>Scotum</span> <span class='ocrx_word' id='word_1_168' title='bbox 1096 1979 1119 2013; x_wconf 87' lang='lat' dir='ltr'>et</span> <span class='ocrx_word' id='word_1_169' title='bbox 1130 1967 1172 2013; x_wconf 80' lang='lat' dir='ltr'>Ed.</span> <span class='ocrx_word' id='word_1_170' title='bbox 1185 1967 1274 2016; x_wconf 73' lang='lat' dir='ltr'>Falerio.</span> <span class='ocrx_word' id='word_1_171' title='bbox 1282 1971 1335 2032; x_wconf 78' lang='lat' dir='ltr'>fin·</span> 
     </span>
     <span class='ocr_line' id='line_1_19' title="bbox 276 2032 1336 2106; baseline 0 -20"><span class='ocrx_word' id='word_1_172' title='bbox 276 2049 354 2100; x_wconf 68' lang='lat' dir='ltr'>mna,</span> <span class='ocrx_word' id='word_1_173' title='bbox 366 2037 431 2106; x_wconf 86' lang='lat' dir='ltr'>quod</span> <span class='ocrx_word' id='word_1_174' title='bbox 445 2039 515 2086; x_wconf 87' lang='lat' dir='ltr'>etinnr</span> <span class='ocrx_word' id='word_1_175' title='bbox 528 2035 619 2082; x_wconf 84' lang='lat' dir='ltr'>melius.</span> <span class='ocrx_word' id='word_1_176' title='bbox 635 2035 743 2080; x_wconf 77' lang='lat' dir='ltr'>distantia</span> <span class='ocrx_word' id='word_1_177' title='bbox 754 2032 828 2079; x_wconf 78' lang='lat' dir='ltr'>limine</span> <span class='ocrx_word' id='word_1_178' title='bbox 839 2043 900 2080; x_wconf 82' lang='lat' dir='ltr'>certo</span> <span class='ocrx_word' id='word_1_179' title='bbox 911 2033 1004 2081; x_wconf 84' lang='lat' dir='ltr'>relinrir</span> <span class='ocrx_word' id='word_1_180' title='bbox 1015 2035 1126 2100; x_wconf 75' lang='lat' dir='ltr'>Scaliger.</span> <span class='ocrx_word' id='word_1_181' title='bbox 1138 2041 1229 2084; x_wconf 72' lang='lat' dir='ltr'>nomino</span> <span class='ocrx_word' id='word_1_182' title='bbox 1240 2040 1336 2096; x_wconf 62' lang='lat' dir='ltr'>Petam</span> 
     </span>
     <span class='ocr_line' id='line_1_20' title="bbox 276 2103 1337 2176; baseline -0.008 -13"><span class='ocrx_word' id='word_1_183' title='bbox 276 2116 338 2165; x_wconf 81' lang='lat' dir='ltr'>torre</span> <span class='ocrx_word' id='word_1_184' title='bbox 350 2103 487 2176; x_wconf 72' lang='lat' dir='ltr'>jungendo:</span> <span class='ocrx_word' id='word_1_185' title='bbox 500 2107 528 2152; x_wconf 86' lang='lat' dir='ltr'>ln</span> <span class='ocrx_word' id='word_1_186' title='bbox 540 2107 644 2152; x_wconf 82' lang='lat' dir='ltr'>diverso:</span> <span class='ocrx_word' id='word_1_187' title='bbox 654 2109 724 2170; x_wconf 75' lang='lat' dir='ltr'>moqa&#39;s</span> <span class='ocrx_word' id='word_1_188' title='bbox 737 2105 843 2150; x_wconf 63' lang='lat' dir='ltr'>doram</span> <span class='ocrx_word' id='word_1_189' title='bbox 851 2123 859 2159; x_wconf 79' lang='lat'>‚-</span> <span class='ocrx_word' id='word_1_190' title='bbox 871 2103 901 2150; x_wconf 80' lang='lat' dir='ltr'>cf.</span> <span class='ocrx_word' id='word_1_191' title='bbox 916 2119 968 2168; x_wconf 89' lang='lat' dir='ltr'>sup.</span> <span class='ocrx_word' id='word_1_192' title='bbox 983 2103 1036 2150; x_wconf 69' lang='lat' dir='ltr'>sir.</span> <span class='ocrx_word' id='word_1_193' title='bbox 1046 2128 1078 2141; x_wconf 92' lang='lat'>-</span> <span class='ocrx_word' id='word_1_194' title='bbox 1090 2104 1142 2166; x_wconf 80' lang='lat'>259.</span> <span class='ocrx_word' id='word_1_195' title='bbox 1158 2106 1261 2154; x_wconf 84' lang='lat' dir='ltr'>Primum</span> <span class='ocrx_word' id='word_1_196' title='bbox 1276 2107 1337 2170; x_wconf 79' lang='lat' dir='ltr'>Ely-</span> 
     </span>
     <span class='ocr_line' id='line_1_21' title="bbox 276 2175 1335 2241; baseline -0.004 -11"><span class='ocrx_word' id='word_1_197' title='bbox 276 2190 335 2235; x_wconf 71' lang='lat' dir='ltr'>eiam</span> <span class='ocrx_word' id='word_1_198' title='bbox 345 2184 429 2230; x_wconf 80' lang='lat' dir='ltr'>undam</span> <span class='ocrx_word' id='word_1_199' title='bbox 439 2179 546 2226; x_wconf 87' lang='lat' dir='ltr'>nondum</span> <span class='ocrx_word' id='word_1_200' title='bbox 556 2176 611 2240; x_wconf 67' lang='lat' dir='ltr'>legi.</span> <span class='ocrx_word' id='word_1_201' title='bbox 622 2177 683 2223; x_wconf 82' lang='lat' dir='ltr'>Tum</span> <span class='ocrx_word' id='word_1_202' title='bbox 696 2177 821 2222; x_wconf 70' lang='lat' dir='ltr'>namnum</span> <span class='ocrx_word' id='word_1_203' title='bbox 833 2175 898 2241; x_wconf 87' lang='lat' dir='ltr'>qood</span> <span class='ocrx_word' id='word_1_204' title='bbox 912 2189 1041 2223; x_wconf 87' lang='lat' dir='ltr'>monstrum</span> <span class='ocrx_word' id='word_1_205' title='bbox 1051 2179 1163 2225; x_wconf 85' lang='lat' dir='ltr'>orationis</span> <span class='ocrx_word' id='word_1_206' title='bbox 1173 2179 1219 2224; x_wconf 86' lang='lat' dir='ltr'>est!</span> <span class='ocrx_word' id='word_1_207' title='bbox 1229 2177 1335 2240; x_wconf 70' lang='lat' dir='ltr'>Elysium</span> 
     </span>
     <span class='ocr_line' id='line_1_22' title="bbox 275 2247 1333 2320; baseline -0.008 -14"><span class='ocrx_word' id='word_1_208' title='bbox 275 2257 369 2320; x_wconf 77' lang='lat' dir='ltr'>legebat</span> <span class='ocrx_word' id='word_1_209' title='bbox 376 2251 455 2301; x_wconf 84' lang='lat' dir='ltr'>Barth.</span> <span class='ocrx_word' id='word_1_210' title='bbox 463 2251 525 2307; x_wconf 77' lang='lat' dir='ltr'>xxi,</span> <span class='ocrx_word' id='word_1_211' title='bbox 532 2247 701 2296; x_wconf 75' lang='lat' dir='ltr'>collirinahat</span> <span class='ocrx_word' id='word_1_212' title='bbox 709 2250 746 2295; x_wconf 86' lang='lat' dir='ltr'>Jo.</span> <span class='ocrx_word' id='word_1_213' title='bbox 755 2247 878 2295; x_wconf 82' lang='lat' dir='ltr'>Schrader.</span> <span class='ocrx_word' id='word_1_214' title='bbox 887 2249 1004 2296; x_wconf 77' lang='lat' dir='ltr'>Eridanus</span> <span class='ocrx_word' id='word_1_215' title='bbox 1013 2251 1138 2308; x_wconf 70' lang='lat' dir='ltr'>trunondus</span> <span class='ocrx_word' id='word_1_216' title='bbox 1146 2251 1154 2310; x_wconf 84' lang='lat'><strong>(</strong></span> <span class='ocrx_word' id='word_1_217' title='bbox 1161 2251 1210 2295; x_wconf 77' lang='lat' dir='ltr'>AEn.</span> <span class='ocrx_word' id='word_1_218' title='bbox 1219 2251 1333 2315; x_wconf 78' lang='lat' dir='ltr'>vr,659).</span> 
     </span>
     <span class='ocr_line' id='line_1_23' title="bbox 276 2317 1334 2386; baseline -0.007 -10"><span class='ocrx_word' id='word_1_219' title='bbox 276 2327 353 2376; x_wconf 88' lang='lat' dir='ltr'>Obelo</span> <span class='ocrx_word' id='word_1_220' title='bbox 364 2321 535 2386; x_wconf 72' lang='lat' dir='ltr'>transfigendas</span> <span class='ocrx_word' id='word_1_221' title='bbox 549 2331 571 2367; x_wconf 86' lang='lat' dir='ltr'>et</span> <span class='ocrx_word' id='word_1_222' title='bbox 583 2319 623 2366; x_wconf 89' lang='lat' dir='ltr'>hic</span> <span class='ocrx_word' id='word_1_223' title='bbox 634 2334 714 2366; x_wconf 79' lang='lat' dir='ltr'>versus</span> <span class='ocrx_word' id='word_1_224' title='bbox 728 2335 756 2365; x_wconf 84' lang='lat' dir='ltr'>ea</span> <span class='ocrx_word' id='word_1_225' title='bbox 770 2321 873 2382; x_wconf 67' lang='lat' dir='ltr'>margine</span> <span class='ocrx_word' id='word_1_226' title='bbox 888 2317 979 2377; x_wconf 86' lang='lat' dir='ltr'>illatus,</span> <span class='ocrx_word' id='word_1_227' title='bbox 998 2330 1022 2365; x_wconf 88' lang='lat' dir='ltr'>et</span> <span class='ocrx_word' id='word_1_228' title='bbox 1039 2335 1065 2364; x_wconf 83' lang='lat' dir='ltr'>er</span> <span class='ocrx_word' id='word_1_229' title='bbox 1078 2335 1100 2366; x_wconf 84' lang='lat' dir='ltr'>s.</span> <span class='ocrx_word' id='word_1_230' title='bbox 1117 2319 1161 2376; x_wconf 73' lang='lat' dir='ltr'>sih</span> <span class='ocrx_word' id='word_1_231' title='bbox 1172 2321 1334 2369; x_wconf 80' lang='lat' dir='ltr'>confictus.-</span> 
     </span>
     <span class='ocr_line' id='line_1_24' title="bbox 278 2388 1333 2459; baseline -0.006 -13"><span class='ocrx_word' id='word_1_232' title='bbox 278 2400 330 2446; x_wconf 79' lang='lat'><strong>260.</strong></span> <span class='ocrx_word' id='word_1_233' title='bbox 340 2393 490 2459; x_wconf 76' lang='lat' dir='ltr'>Persephone.</span> <span class='ocrx_word' id='word_1_234' title='bbox 503 2391 614 2437; x_wconf 79' lang='lat' dir='ltr'>Restituit</span> <span class='ocrx_word' id='word_1_235' title='bbox 626 2391 735 2438; x_wconf 83' lang='lat' dir='ltr'>Bemhus.</span> <span class='ocrx_word' id='word_1_236' title='bbox 744 2389 804 2436; x_wconf 80' lang='lat' dir='ltr'>iidd.</span> <span class='ocrx_word' id='word_1_237' title='bbox 817 2403 873 2438; x_wconf 82' lang='lat' dir='ltr'>ven.</span> <span class='ocrx_word' id='word_1_238' title='bbox 889 2390 1022 2455; x_wconf 82' lang='lat' dir='ltr'>Tisiphone,</span> <span class='ocrx_word' id='word_1_239' title='bbox 1034 2393 1071 2436; x_wconf 85' lang='lat' dir='ltr'>oni</span> <span class='ocrx_word' id='word_1_240' title='bbox 1085 2391 1109 2434; x_wconf 90' lang='lat' dir='ltr'>in</span> <span class='ocrx_word' id='word_1_241' title='bbox 1119 2388 1176 2436; x_wconf 78' lang='lat' dir='ltr'>loris</span> <span class='ocrx_word' id='word_1_242' title='bbox 1188 2390 1268 2456; x_wconf 74' lang='lat' dir='ltr'>Elysiis</span> <span class='ocrx_word' id='word_1_243' title='bbox 1277 2392 1333 2439; x_wconf 85' lang='lat' dir='ltr'>nnl-</span> 
     </span>
     <span class='ocr_line' id='line_1_25' title="bbox 275 2460 1332 2523; baseline -0.006 -7"><span class='ocrx_word' id='word_1_244' title='bbox 275 2469 313 2517; x_wconf 88' lang='lat' dir='ltr'>lus</span> <span class='ocrx_word' id='word_1_245' title='bbox 325 2469 399 2516; x_wconf 86' lang='lat' dir='ltr'>locus.</span> <span class='ocrx_word' id='word_1_246' title='bbox 408 2491 440 2502; x_wconf 91' lang='lat'><em>-</em></span> <span class='ocrx_word' id='word_1_247' title='bbox 450 2463 504 2509; x_wconf 79' lang='lat'>261.</span> <span class='ocrx_word' id='word_1_248' title='bbox 520 2460 650 2508; x_wconf 78' lang='lat' dir='ltr'>Adversum</span> <span class='ocrx_word' id='word_1_249' title='bbox 664 2460 719 2506; x_wconf 88' lang='lat' dir='ltr'>edd.</span> <span class='ocrx_word' id='word_1_250' title='bbox 735 2473 805 2514; x_wconf 71' lang='lat' dir='ltr'>rere,</span> <span class='ocrx_word' id='word_1_251' title='bbox 818 2461 938 2508; x_wconf 79' lang='lat' dir='ltr'>nonnulle</span> <span class='ocrx_word' id='word_1_252' title='bbox 953 2463 1023 2508; x_wconf 79' lang='lat' dir='ltr'>esiam</span> <span class='ocrx_word' id='word_1_253' title='bbox 1036 2461 1161 2523; x_wconf 75' lang='lat' dir='ltr'>proferre:</span> <span class='ocrx_word' id='word_1_254' title='bbox 1174 2473 1201 2508; x_wconf 87' lang='grc' dir='ltr'>ιιι</span> <span class='ocrx_word' id='word_1_255' title='bbox 1215 2475 1238 2508; x_wconf 86' lang='lat' dir='ltr'>et</span> <span class='ocrx_word' id='word_1_256' title='bbox 1253 2463 1332 2510; x_wconf 78' lang='lat' dir='ltr'>lirina.</span> 
     </span>
     <span class='ocr_line' id='line_1_26' title="bbox 276 2530 1332 2601; baseline -0.009 -13"><span class='ocrx_word' id='word_1_257' title='bbox 276 2540 387 2601; x_wconf 72' lang='lat' dir='ltr'>corrigit3</span> <span class='ocrx_word' id='word_1_258' title='bbox 401 2533 473 2580; x_wconf 79' lang='lat' dir='ltr'>modo</span> <span class='ocrx_word' id='word_1_259' title='bbox 491 2547 585 2578; x_wconf 84' lang='lat' dir='ltr'>sensum</span> <span class='ocrx_word' id='word_1_260' title='bbox 605 2530 755 2595; x_wconf 70' lang='lat' dir='ltr'>prodidisset.</span> <span class='ocrx_word' id='word_1_261' title='bbox 775 2531 840 2577; x_wconf 88' lang='lat' dir='ltr'>ldenr</span> <span class='ocrx_word' id='word_1_262' title='bbox 861 2535 924 2595; x_wconf 84' lang='lat' dir='ltr'>conj.</span> <span class='ocrx_word' id='word_1_263' title='bbox 946 2531 1048 2596; x_wconf 70' lang='lat' dir='ltr'>perferre</span> <span class='ocrx_word' id='word_1_264' title='bbox 1065 2533 1094 2575; x_wconf 83' lang='lat' dir='ltr'>vlt</span> <span class='ocrx_word' id='word_1_265' title='bbox 1100 2546 1131 2576; x_wconf 82' lang='lat' dir='ltr'>es.</span> <span class='ocrx_word' id='word_1_266' title='bbox 1150 2531 1187 2577; x_wconf 89' lang='lat' dir='ltr'>Jo.</span> <span class='ocrx_word' id='word_1_267' title='bbox 1209 2532 1332 2580; x_wconf 84' lang='lat' dir='ltr'>Schrader.</span> 
     </span>
     <span class='ocr_line' id='line_1_27' title="bbox 276 2602 1334 2667; baseline -0.004 -11"><span class='ocrx_word' id='word_1_268' title='bbox 276 2615 344 2658; x_wconf 65' lang='lat' dir='ltr'>actes.</span> <span class='ocrx_word' id='word_1_269' title='bbox 357 2607 461 2653; x_wconf 81' lang='lat' dir='ltr'>Obscura</span> <span class='ocrx_word' id='word_1_270' title='bbox 474 2615 508 2650; x_wconf 87' lang='lat' dir='ltr'>est</span> <span class='ocrx_word' id='word_1_271' title='bbox 522 2603 651 2660; x_wconf 84' lang='lat' dir='ltr'>sententia;</span> <span class='ocrx_word' id='word_1_272' title='bbox 665 2602 759 2649; x_wconf 84' lang='lat' dir='ltr'>videtur</span> <span class='ocrx_word' id='word_1_273' title='bbox 769 2602 871 2666; x_wconf 78' lang='lat' dir='ltr'>perferre</span> <span class='ocrx_word' id='word_1_274' title='bbox 876 2603 944 2667; x_wconf 80' lang='lat' dir='ltr'>foces</span> <span class='ocrx_word' id='word_1_275' title='bbox 956 2605 1064 2649; x_wconf 76' lang='lat' dir='ltr'>adversos</span> <span class='ocrx_word' id='word_1_276' title='bbox 1075 2602 1164 2648; x_wconf 87' lang='lat' dir='ltr'>dictum</span> <span class='ocrx_word' id='word_1_277' title='bbox 1174 2603 1204 2649; x_wconf 89' lang='lat' dir='ltr'>de</span> <span class='ocrx_word' id='word_1_278' title='bbox 1216 2605 1334 2652; x_wconf 82' lang='lat' dir='ltr'>amoribus</span> 
     </span>
     <span class='ocr_line' id='line_1_28' title="bbox 277 2674 1333 2740; baseline -0.004 -13"><span class='ocrx_word' id='word_1_279' title='bbox 277 2681 384 2728; x_wconf 82' lang='lat' dir='ltr'>infaustis</span> <span class='ocrx_word' id='word_1_280' title='bbox 393 2681 401 2736; x_wconf 78' lang='grc'>4</span> <span class='ocrx_word' id='word_1_281' title='bbox 410 2690 464 2722; x_wconf 86' lang='lat' dir='ltr'>narn</span> <span class='ocrx_word' id='word_1_282' title='bbox 476 2690 538 2722; x_wconf 82' lang='lat' dir='ltr'>curte</span> <span class='ocrx_word' id='word_1_283' title='bbox 547 2677 641 2720; x_wconf 82' lang='lat' dir='ltr'>miseros</span> <span class='ocrx_word' id='word_1_284' title='bbox 650 2688 695 2720; x_wconf 90' lang='lat' dir='ltr'>non</span> <span class='ocrx_word' id='word_1_285' title='bbox 704 2677 752 2738; x_wconf 83' lang='lat' dir='ltr'>ipsu</span> <span class='ocrx_word' id='word_1_286' title='bbox 762 2678 785 2720; x_wconf 82' lang='lat' dir='ltr'>in</span> <span class='ocrx_word' id='word_1_287' title='bbox 797 2683 869 2721; x_wconf 83' lang='lat' dir='ltr'>morte</span> <span class='ocrx_word' id='word_1_288' title='bbox 878 2674 1009 2740; x_wconf 73' lang='lat' dir='ltr'>relinq11unt</span> <span class='ocrx_word' id='word_1_289' title='bbox 1016 2677 1037 2734; x_wconf 68' lang='lat'>1,</span> <span class='ocrx_word' id='word_1_290' title='bbox 1046 2686 1072 2719; x_wconf 88' lang='lat' dir='ltr'>ut</span> <span class='ocrx_word' id='word_1_291' title='bbox 1082 2688 1145 2720; x_wconf 86' lang='lat' dir='ltr'>nunc</span> <span class='ocrx_word' id='word_1_292' title='bbox 1154 2676 1264 2740; x_wconf 79' lang='lat' dir='ltr'>Luqentes</span> <span class='ocrx_word' id='word_1_293' title='bbox 1270 2693 1333 2723; x_wconf 82' lang='lat' dir='ltr'>corn·</span> 
     </span>
     <span class='ocr_line' id='line_1_29' title="bbox 276 2743 1334 2818; baseline -0.003 -22"><span class='ocrx_word' id='word_1_294' title='bbox 276 2767 319 2818; x_wconf 82' lang='lat' dir='ltr'>pos</span> <span class='ocrx_word' id='word_1_295' title='bbox 329 2747 453 2796; x_wconf 83' lang='lat' dir='ltr'>describat.</span> <span class='ocrx_word' id='word_1_296' title='bbox 463 2746 513 2794; x_wconf 85' lang='lat' dir='ltr'>sid.</span> <span class='ocrx_word' id='word_1_297' title='bbox 525 2747 576 2791; x_wconf 70' lang='lat' dir='ltr'>En.</span> <span class='ocrx_word' id='word_1_298' title='bbox 588 2745 632 2802; x_wconf 84' lang='lat' dir='ltr'>Vl,</span> <span class='ocrx_word' id='word_1_299' title='bbox 646 2743 693 2802; x_wconf 78' lang='grc'>440</span> <span class='ocrx_word' id='word_1_300' title='bbox 702 2761 754 2809; x_wconf 85' lang='lat' dir='ltr'>sqq.</span> <span class='ocrx_word' id='word_1_301' title='bbox 767 2745 867 2810; x_wconf 77' lang='lat' dir='ltr'>helique</span> <span class='ocrx_word' id='word_1_302' title='bbox 880 2757 958 2791; x_wconf 87' lang='lat' dir='ltr'>tamen</span> <span class='ocrx_word' id='word_1_303' title='bbox 968 2744 998 2791; x_wconf 90' lang='lat' dir='ltr'>de</span> <span class='ocrx_word' id='word_1_304' title='bbox 1013 2744 1095 2809; x_wconf 72' lang='lat' dir='ltr'>Elysiis</span> <span class='ocrx_word' id='word_1_305' title='bbox 1108 2748 1197 2808; x_wconf 88' lang='lat' dir='ltr'>carnpis</span> <span class='ocrx_word' id='word_1_306' title='bbox 1208 2759 1286 2809; x_wconf 68' lang='lat' dir='ltr'>agunt.</span> <span class='ocrx_word' id='word_1_307' title='bbox 1301 2771 1334 2784; x_wconf 89' lang='lat'>-·</span> 
     </span>
     <span class='ocr_line' id='line_1_30' title="bbox 279 2816 1335 2886; baseline -0.005 -15"><span class='ocrx_word' id='word_1_308' title='bbox 279 2823 332 2872; x_wconf 81' lang='lat'>263.</span> <span class='ocrx_word' id='word_1_309' title='bbox 344 2823 398 2886; x_wconf 82' lang='lat' dir='ltr'>ipso</span> <span class='ocrx_word' id='word_1_310' title='bbox 408 2819 521 2882; x_wconf 83' lang='lat' dir='ltr'>suisfotis</span> <span class='ocrx_word' id='word_1_311' title='bbox 532 2817 623 2882; x_wconf 80' lang='lat' dir='ltr'>A.foto</span> <span class='ocrx_word' id='word_1_312' title='bbox 635 2833 665 2862; x_wconf 88' lang='lat' dir='ltr'>m.</span> <span class='ocrx_word' id='word_1_313' title='bbox 677 2819 716 2865; x_wconf 77' lang='lat' dir='ltr'>Est</span> <span class='ocrx_word' id='word_1_314' title='bbox 727 2817 799 2865; x_wconf 82' lang='lat' dir='ltr'>lectio</span> <span class='ocrx_word' id='word_1_315' title='bbox 810 2817 891 2864; x_wconf 80' lang='lat' dir='ltr'>Bemh.</span> <span class='ocrx_word' id='word_1_316' title='bbox 902 2818 950 2864; x_wconf 84' lang='lat' dir='ltr'>Nec</span> <span class='ocrx_word' id='word_1_317' title='bbox 962 2816 1031 2864; x_wconf 77' lang='lat' dir='ltr'>facile</span> <span class='ocrx_word' id='word_1_318' title='bbox 1041 2819 1164 2880; x_wconf 75' lang='lat' dir='ltr'>quisquam</span> <span class='ocrx_word' id='word_1_319' title='bbox 1176 2818 1335 2867; x_wconf 85' lang='lat' dir='ltr'>subodoretua·</span> 
     </span>
     <span class='ocr_line' id='line_1_31' title="bbox 278 2887 1333 2954; baseline -0.002 -12"><span class='ocrx_word' id='word_1_320' title='bbox 278 2897 376 2949; x_wconf 71' lang='lat' dir='ltr'>vitium,</span> <span class='ocrx_word' id='word_1_321' title='bbox 385 2893 430 2938; x_wconf 90' lang='lat' dir='ltr'>nisi</span> <span class='ocrx_word' id='word_1_322' title='bbox 444 2903 499 2938; x_wconf 83' lang='lat' dir='ltr'>vett.</span> <span class='ocrx_word' id='word_1_323' title='bbox 515 2890 569 2937; x_wconf 91' lang='lat' dir='ltr'>edd.</span> <span class='ocrx_word' id='word_1_324' title='bbox 586 2902 609 2936; x_wconf 90' lang='lat' dir='ltr'>et</span> <span class='ocrx_word' id='word_1_325' title='bbox 622 2887 693 2936; x_wconf 91' lang='lat' dir='ltr'>codd.</span> <span class='ocrx_word' id='word_1_326' title='bbox 705 2891 846 2954; x_wconf 79' lang='lat' dir='ltr'>inspexerit,</span> <span class='ocrx_word' id='word_1_327' title='bbox 863 2891 888 2935; x_wconf 90' lang='lat' dir='ltr'>in</span> <span class='ocrx_word' id='word_1_328' title='bbox 905 2889 1007 2948; x_wconf 81' lang='lat' dir='ltr'>quihus:</span> <span class='ocrx_word' id='word_1_329' title='bbox 1026 2889 1070 2935; x_wconf 82' lang='lat' dir='ltr'>liic</span> <span class='ocrx_word' id='word_1_330' title='bbox 1086 2887 1227 2947; x_wconf 81' lang='lat' dir='ltr'>alcedonlos,</span> <span class='ocrx_word' id='word_1_331' title='bbox 1238 2893 1333 2941; x_wconf 73' lang='lat' dir='ltr'>decens.</span> 
     </span>
     <span class='ocr_line' id='line_1_32' title="bbox 280 2960 1335 3028; baseline 0 -16"><span class='ocrx_word' id='word_1_332' title='bbox 280 2967 326 3012; x_wconf 81' lang='lat' dir='ltr'>Hic</span> <span class='ocrx_word' id='word_1_333' title='bbox 335 2961 479 3012; x_wconf 73' lang='lat' dir='ltr'>calcedonius</span> <span class='ocrx_word' id='word_1_334' title='bbox 487 2962 580 3009; x_wconf 73' lang='lat' dir='ltr'>Admeto¹</span> <span class='ocrx_word' id='word_1_335' title='bbox 589 2977 646 3008; x_wconf 79' lang='lat' dir='ltr'>curo</span> <span class='ocrx_word' id='word_1_336' title='bbox 658 2972 745 3008; x_wconf 84' lang='lat' dir='ltr'>morato</span> <span class='ocrx_word' id='word_1_337' title='bbox 754 2971 795 3009; x_wconf 82' lang='lat' dir='ltr'>est.</span> <span class='ocrx_word' id='word_1_338' title='bbox 809 2963 933 3008; x_wconf 78' lang='lat' dir='ltr'>Ascensius</span> <span class='ocrx_word' id='word_1_339' title='bbox 945 2960 1041 3024; x_wconf 84' lang='lat' dir='ltr'>quidem</span> <span class='ocrx_word' id='word_1_340' title='bbox 1050 2973 1103 3023; x_wconf 87' lang='lat' dir='ltr'>post</span> <span class='ocrx_word' id='word_1_341' title='bbox 1113 2963 1241 3008; x_wconf 84' lang='lat' dir='ltr'>Domitium</span> <span class='ocrx_word' id='word_1_342' title='bbox 1253 2965 1335 3028; x_wconf 62' lang='grc' dir='ltr'>Μιμ-</span> 
     </span>
     <span class='ocr_line' id='line_1_33' title="bbox 280 3030 1333 3099; baseline -0.001 -13"><span class='ocrx_word' id='word_1_343' title='bbox 280 3051 360 3086; x_wconf 85' lang='lat' dir='ltr'>renses</span> <span class='ocrx_word' id='word_1_344' title='bbox 370 3037 547 3098; x_wconf 83' lang='lat' dir='ltr'>interpretatur,</span> <span class='ocrx_word' id='word_1_345' title='bbox 557 3049 657 3099; x_wconf 85' lang='lat' dir='ltr'>quorum</span> <span class='ocrx_word' id='word_1_346' title='bbox 667 3033 804 3079; x_wconf 87' lang='lat' dir='ltr'>Chalcedon</span> <span class='ocrx_word' id='word_1_347' title='bbox 818 3032 911 3079; x_wconf 88' lang='lat' dir='ltr'>colonia</span> <span class='ocrx_word' id='word_1_348' title='bbox 923 3033 980 3089; x_wconf 80' lang='lat' dir='ltr'>fuit,</span> <span class='ocrx_word' id='word_1_349' title='bbox 990 3045 1014 3079; x_wconf 88' lang='lat' dir='ltr'>et</span> <span class='ocrx_word' id='word_1_350' title='bbox 1026 3031 1056 3079; x_wconf 95' lang='lat' dir='ltr'>ad</span> <span class='ocrx_word' id='word_1_351' title='bbox 1068 3030 1169 3096; x_wconf 73' lang='lat' dir='ltr'>Scyllam</span> <span class='ocrx_word' id='word_1_352' title='bbox 1183 3035 1231 3081; x_wconf 85' lang='lat' dir='ltr'>Nisi</span> <span class='ocrx_word' id='word_1_353' title='bbox 1243 3038 1333 3086; x_wconf 76' lang='lat' dir='ltr'>refert:</span> 
     </span>
     <span class='ocr_line' id='line_1_34' title="bbox 279 3101 1331 3174; baseline -0.001 -19"><span class='ocrx_word' id='word_1_354' title='bbox 279 3108 346 3174; x_wconf 84' lang='lat' dir='ltr'>qnod</span> <span class='ocrx_word' id='word_1_355' title='bbox 360 3107 411 3154; x_wconf 79' lang='lat' dir='ltr'>lieri</span> <span class='ocrx_word' id='word_1_356' title='bbox 432 3121 480 3152; x_wconf 89' lang='lat' dir='ltr'>non</span> <span class='ocrx_word' id='word_1_357' title='bbox 498 3117 588 3168; x_wconf 86' lang='lat' dir='ltr'>potest:</span> <span class='ocrx_word' id='word_1_358' title='bbox 604 3107 632 3149; x_wconf 86' lang='lat' dir='ltr'>ln</span> <span class='ocrx_word' id='word_1_359' title='bbox 646 3101 786 3150; x_wconf 80' lang='lat' dir='ltr'>Coloedoniis</span> <span class='ocrx_word' id='word_1_360' title='bbox 808 3105 899 3151; x_wconf 69' lang='lat' dir='ltr'>fabric.</span> <span class='ocrx_word' id='word_1_361' title='bbox 919 3105 994 3152; x_wconf 84' lang='lat' dir='ltr'>edidit</span> <span class='ocrx_word' id='word_1_362' title='bbox 1009 3119 1038 3151; x_wconf 83' lang='lat' dir='ltr'>es</span> <span class='ocrx_word' id='word_1_363' title='bbox 1058 3102 1157 3160; x_wconf 75' lang='lat' dir='ltr'>Aldine,</span> <span class='ocrx_word' id='word_1_364' title='bbox 1173 3107 1238 3169; x_wconf 85' lang='lat' dir='ltr'>qood</span> <span class='ocrx_word' id='word_1_365' title='bbox 1252 3122 1275 3155; x_wconf 88' lang='lat' dir='ltr'>et</span> <span class='ocrx_word' id='word_1_366' title='bbox 1289 3117 1331 3162; x_wconf 82' lang='lat' dir='ltr'>ros.</span> 
     </span>
     <span class='ocr_line' id='line_1_35' title="bbox 279 3173 1332 3240; baseline -0.003 -13"><span class='ocrx_word' id='word_1_367' title='bbox 279 3177 366 3228; x_wconf 80' lang='lat' dir='ltr'>lioeler.</span> <span class='ocrx_word' id='word_1_368' title='bbox 379 3177 471 3240; x_wconf 64' lang='lat' dir='ltr'>legebat</span> <span class='ocrx_word' id='word_1_369' title='bbox 480 3193 533 3222; x_wconf 85' lang='lat' dir='ltr'>cum</span> <span class='ocrx_word' id='word_1_370' title='bbox 546 3191 588 3223; x_wconf 83' lang='lat' dir='ltr'>ros.</span> <span class='ocrx_word' id='word_1_371' title='bbox 598 3174 697 3221; x_wconf 82' lang='lat' dir='ltr'>llelnrst.</span> <span class='ocrx_word' id='word_1_372' title='bbox 711 3175 790 3222; x_wconf 80' lang='lat' dir='ltr'>Peras.</span> <span class='ocrx_word' id='word_1_373' title='bbox 802 3175 883 3222; x_wconf 72' lang='lat' dir='ltr'>Vosn:</span> <span class='ocrx_word' id='word_1_374' title='bbox 898 3175 970 3222; x_wconf 84' lang='lat' dir='ltr'>iidem</span> <span class='ocrx_word' id='word_1_375' title='bbox 982 3191 1046 3222; x_wconf 83' lang='lat' dir='ltr'>curn.</span> <span class='ocrx_word' id='word_1_376' title='bbox 1057 3173 1189 3234; x_wconf 75' lang='lat' dir='ltr'>Alcyonen,</span> <span class='ocrx_word' id='word_1_377' title='bbox 1201 3179 1295 3239; x_wconf 77' lang='lat' dir='ltr'>pictatia</span> <span class='ocrx_word' id='word_1_378' title='bbox 1307 3183 1332 3227; x_wconf 93' lang='lat' dir='ltr'>in</span> 
     </span>
     <span class='ocr_line' id='line_1_36' title="bbox 278 3244 1331 3314; baseline -0.003 -14"><span class='ocrx_word' id='word_1_379' title='bbox 278 3253 401 3306; x_wconf 80' lang='lat' dir='ltr'>maritum,</span> <span class='ocrx_word' id='word_1_380' title='bbox 410 3250 521 3314; x_wconf 58' lang='lat' dir='ltr'>cenem,</span> <span class='ocrx_word' id='word_1_381' title='bbox 537 3246 683 3310; x_wconf 80' lang='lat' dir='ltr'>exemplum,</span> <span class='ocrx_word' id='word_1_382' title='bbox 696 3244 766 3293; x_wconf 80' lang='lat' dir='ltr'>facile</span> <span class='ocrx_word' id='word_1_383' title='bbox 779 3248 832 3309; x_wconf 79' lang='lat' dir='ltr'>quit</span> <span class='ocrx_word' id='word_1_384' title='bbox 842 3249 866 3293; x_wconf 87' lang='lat' dir='ltr'>in</span> <span class='ocrx_word' id='word_1_385' title='bbox 878 3251 982 3294; x_wconf 83' lang='lat' dir='ltr'>animum</span> <span class='ocrx_word' id='word_1_386' title='bbox 994 3258 1104 3295; x_wconf 76' lang='lat' dir='ltr'>revocet:</span> <span class='ocrx_word' id='word_1_387' title='bbox 1119 3245 1192 3310; x_wconf 80' lang='lat' dir='ltr'>idque</span> <span class='ocrx_word' id='word_1_388' title='bbox 1206 3249 1262 3296; x_wconf 83' lang='lat' dir='ltr'>lecit</span> <span class='ocrx_word' id='word_1_389' title='bbox 1276 3253 1331 3298; x_wconf 86' lang='lat' dir='ltr'>Sea·</span> 
     </span>
     <span class='ocr_line' id='line_1_37' title="bbox 278 3317 1332 3388; baseline -0.002 -17"><span class='ocrx_word' id='word_1_390' title='bbox 278 3322 350 3388; x_wconf 71' lang='lat' dir='ltr'>liger,</span> <span class='ocrx_word' id='word_1_391' title='bbox 362 3323 415 3387; x_wconf 83' lang='lat' dir='ltr'>qui,</span> <span class='ocrx_word' id='word_1_392' title='bbox 431 3334 555 3384; x_wconf 85' lang='lat' dir='ltr'>postquam</span> <span class='ocrx_word' id='word_1_393' title='bbox 568 3323 593 3366; x_wconf 90' lang='lat' dir='ltr'>in</span> <span class='ocrx_word' id='word_1_394' title='bbox 607 3317 764 3365; x_wconf 71' lang='lat' dir='ltr'>Chalcodontis</span> <span class='ocrx_word' id='word_1_395' title='bbox 775 3317 913 3367; x_wconf 85' lang='lat' dir='ltr'>mulieribus</span> <span class='ocrx_word' id='word_1_396' title='bbox 928 3331 1047 3382; x_wconf 72' lang='lat' dir='ltr'>argutatus</span> <span class='ocrx_word' id='word_1_397' title='bbox 1063 3331 1125 3374; x_wconf 90' lang='lat' dir='ltr'>erat,</span> <span class='ocrx_word' id='word_1_398' title='bbox 1143 3321 1194 3367; x_wconf 86' lang='lat' dir='ltr'>sine</span> <span class='ocrx_word' id='word_1_399' title='bbox 1207 3319 1281 3368; x_wconf 83' lang='lat' dir='ltr'>dubio</span> <span class='ocrx_word' id='word_1_400' title='bbox 1296 3321 1332 3370; x_wconf 88' lang='lat' dir='ltr'>le·</span> 
     </span>
     <span class='ocr_line' id='line_1_38' title="bbox 279 3389 1332 3459; baseline -0.002 -17"><span class='ocrx_word' id='word_1_401' title='bbox 279 3395 381 3459; x_wconf 67' lang='lat' dir='ltr'>gendum</span> <span class='ocrx_word' id='word_1_402' title='bbox 391 3396 437 3441; x_wconf 90' lang='lat' dir='ltr'>ait:</span> <span class='ocrx_word' id='word_1_403' title='bbox 447 3391 515 3439; x_wconf 80' lang='lat' dir='ltr'>isthic</span> <span class='ocrx_word' id='word_1_404' title='bbox 527 3391 644 3452; x_wconf 81' lang='lat' dir='ltr'>Alcyonas</span> <span class='ocrx_word' id='word_1_405' title='bbox 653 3390 748 3436; x_wconf 84' lang='lat' dir='ltr'>Admeti</span> <span class='ocrx_word' id='word_1_406' title='bbox 756 3405 813 3436; x_wconf 79' lang='lat' dir='ltr'>cnm</span> <span class='ocrx_word' id='word_1_407' title='bbox 823 3401 910 3438; x_wconf 81' lang='lat' dir='ltr'>morato</span> <span class='ocrx_word' id='word_1_408' title='bbox 919 3400 965 3446; x_wconf 84' lang='lat' dir='ltr'>est,·</span> <span class='ocrx_word' id='word_1_409' title='bbox 974 3402 1000 3436; x_wconf 87' lang='lat' dir='ltr'>ut</span> <span class='ocrx_word' id='word_1_410' title='bbox 1011 3391 1125 3454; x_wconf 77' lang='lat' dir='ltr'>Alcyonas</span> <span class='ocrx_word' id='word_1_411' title='bbox 1134 3389 1221 3454; x_wconf 87' lang='lat' dir='ltr'>plurali</span> <span class='ocrx_word' id='word_1_412' title='bbox 1233 3407 1332 3441; x_wconf 87' lang='lat' dir='ltr'>nurnero</span> 
     </span>
    </p>
   </div>
   <div class='ocr_carea' id='block_1_4' title="bbox 278 3522 1330 4153">
    <p class='ocr_par' dir='ltr' id='par_1_5' title="bbox 281 3522 1330 3758">
     <span class='ocr_line' id='line_1_39' title="bbox 317 3522 1330 3597; baseline -0.001 -18"><span class='ocrx_word' id='word_1_413' title='bbox 317 3525 377 3596; x_wconf 83' lang='lat'>²57·</span> <span class='ocrx_word' id='word_1_414' title='bbox 392 3523 470 3578; x_wconf 82' lang='lat' dir='ltr'>Eheu</span> <span class='ocrx_word' id='word_1_415' title='bbox 486 3525 628 3578; x_wconf 79' lang='lat' dir='ltr'>mutandus</span> <span class='ocrx_word' id='word_1_416' title='bbox 642 3541 781 3597; x_wconf 81' lang='lat' dir='ltr'>nunquam</span> <span class='ocrx_word' id='word_1_417' title='bbox 825 3523 915 3577; x_wconf 77' lang='lat' dir='ltr'>rideat</span> <span class='ocrx_word' id='word_1_418' title='bbox 933 3522 1016 3576; x_wconf 82' lang='lat' dir='ltr'>Culex</span> <span class='ocrx_word' id='word_1_419' title='bbox 1035 3523 1167 3578; x_wconf 84' lang='lat' dir='ltr'>lleroidas</span> <span class='ocrx_word' id='word_1_420' title='bbox 1186 3543 1203 3576; x_wconf 88' lang='lat' dir='ltr'>a</span> <span class='ocrx_word' id='word_1_421' title='bbox 1220 3527 1330 3580; x_wconf 85' lang='lat' dir='ltr'>Proser-</span> 
     </span>
     <span class='ocr_line' id='line_1_40' title="bbox 282 3601 1330 3676; baseline 0.005 -22"><span class='ocrx_word' id='word_1_422' title='bbox 282 3601 371 3669; x_wconf 82' lang='lat' dir='ltr'>lohor,</span> <span class='ocrx_word' id='word_1_423' title='bbox 390 3603 424 3656; x_wconf 83' lang='lat' dir='ltr'>de</span> <span class='ocrx_word' id='word_1_424' title='bbox 444 3620 524 3673; x_wconf 80' lang='lat' dir='ltr'>poena</span> <span class='ocrx_word' id='word_1_425' title='bbox 544 3621 682 3676; x_wconf 85' lang='lat' dir='ltr'>nunquam</span> <span class='ocrx_word' id='word_1_426' title='bbox 701 3602 780 3656; x_wconf 84' lang='lat' dir='ltr'>finem</span> <span class='ocrx_word' id='word_1_427' title='bbox 825 3603 891 3674; x_wconf 84' lang='lat' dir='ltr'>pina</span> <span class='ocrx_word' id='word_1_428' title='bbox 908 3615 1014 3656; x_wconf 77' lang='lat' dir='ltr'>coactus</span> <span class='ocrx_word' id='word_1_429' title='bbox 1031 3601 1101 3655; x_wconf 84' lang='lat' dir='ltr'>ferre</span> <span class='ocrx_word' id='word_1_430' title='bbox 1118 3605 1225 3674; x_wconf 80' lang='lat' dir='ltr'>nuptias</span> <span class='ocrx_word' id='word_1_431' title='bbox 1243 3607 1330 3659; x_wconf 80' lang='lat' dir='ltr'>inlau-</span> 
     </span>
     <span class='ocr_line' id='line_1_41' title="bbox 281 3681 1330 3758; baseline 0.001 -20"><span class='ocrx_word' id='word_1_432' title='bbox 281 3683 406 3738; x_wconf 73' lang='lat' dir='ltr'>habente.</span> <span class='ocrx_word' id='word_1_433' title='bbox 825 3695 879 3734; x_wconf 81' lang='lat' dir='ltr'>stas</span> <span class='ocrx_word' id='word_1_434' title='bbox 891 3703 897 3732; x_wconf 85' lang='grc' dir='ltr'><strong>ι</strong></span> <span class='ocrx_word' id='word_1_435' title='bbox 908 3700 939 3734; x_wconf 81' lang='lat' dir='ltr'>ex</span> <span class='ocrx_word' id='word_1_436' title='bbox 952 3681 992 3734; x_wconf 87' lang='lat' dir='ltr'>his</span> <span class='ocrx_word' id='word_1_437' title='bbox 1005 3695 1134 3736; x_wconf 81' lang='lat' dir='ltr'>memorat</span> <span class='ocrx_word' id='word_1_438' title='bbox 1147 3682 1265 3736; x_wconf 80' lang='lat' dir='ltr'>Alcestin</span> <span class='ocrx_word' id='word_1_439' title='bbox 1280 3707 1330 3758; x_wconf 91' lang='lat' dir='ltr'>pro</span> 
     </span>
    </p>

    <p class='ocr_par' dir='ltr' id='par_1_6' title="bbox 278 3760 1329 4153">
     <span class='ocr_line' id='line_1_42' title="bbox 323 3760 1329 3838; baseline 0.005 -24"><span class='ocrx_word' id='word_1_440' title='bbox 323 3760 422 3830; x_wconf 80' lang='lat'><strong>²⁵7·····</strong></span> <span class='ocrx_word' id='word_1_441' title='bbox 436 3761 496 3831; x_wconf 65' lang='lat'>294.</span> <span class='ocrx_word' id='word_1_442' title='bbox 518 3761 596 3814; x_wconf 86' lang='lat' dir='ltr'>Nunc</span> <span class='ocrx_word' id='word_1_443' title='bbox 621 3761 724 3815; x_wconf 81' lang='lat' dir='ltr'>Umbro</span> <span class='ocrx_word' id='word_1_444' title='bbox 747 3761 782 3815; x_wconf 83' lang='lat' dir='ltr'>ad</span> <span class='ocrx_word' id='word_1_445' title='bbox 825 3763 923 3814; x_wconf 82' lang='lat' dir='ltr'>marito</span> <span class='ocrx_word' id='word_1_446' title='bbox 940 3760 1054 3814; x_wconf 77' lang='lat' dir='ltr'>Admeto</span> <span class='ocrx_word' id='word_1_447' title='bbox 1070 3775 1183 3816; x_wconf 83' lang='lat' dir='ltr'>mortem</span> <span class='ocrx_word' id='word_1_448' title='bbox 1201 3779 1329 3838; x_wconf 86' lang='lat' dir='ltr'>oppeten-</span> 
     </span>
     <span class='ocr_line' id='line_1_43' title="bbox 281 3838 1329 3914; baseline 0.003 -19"><span class='ocrx_word' id='word_1_449' title='bbox 281 3841 384 3914; x_wconf 71' lang='lat' dir='ltr'>Elysios</span> <span class='ocrx_word' id='word_1_450' title='bbox 408 3856 517 3910; x_wconf 83' lang='lat' dir='ltr'>campos</span> <span class='ocrx_word' id='word_1_451' title='bbox 537 3838 648 3894; x_wconf 82' lang='lat' dir='ltr'>tendens</span> <span class='ocrx_word' id='word_1_452' title='bbox 673 3859 781 3911; x_wconf 82' lang='lat' dir='ltr'>campos</span> <span class='ocrx_word' id='word_1_453' title='bbox 826 3851 897 3911; x_wconf 82' lang='lat' dir='ltr'>teni,</span> <span class='ocrx_word' id='word_1_454' title='bbox 915 3841 1064 3914; x_wconf 85' lang='lat' dir='ltr'>Penelopen</span> <span class='ocrx_word' id='word_1_455' title='bbox 1083 3862 1099 3894; x_wconf 84' lang='grc' dir='ltr'>ιι</span> <span class='ocrx_word' id='word_1_456' title='bbox 1113 3845 1203 3914; x_wconf 83' lang='lat' dir='ltr'>procis</span> <span class='ocrx_word' id='word_1_457' title='bbox 1218 3845 1329 3898; x_wconf 79' lang='lat' dir='ltr'>infesto-</span> 
     </span>
     <span class='ocr_line' id='line_1_44' title="bbox 281 3920 1328 3998; baseline 0.004 -24"><span class='ocrx_word' id='word_1_458' title='bbox 281 3920 600 3993; x_wconf 60' lang='lat' dir='ltr'>Lugentiumprorpiciu</span> <span class='ocrx_word' id='word_1_459' title='bbox 617 3923 727 3974; x_wconf 83' lang='lat' dir='ltr'>sirecte</span> <span class='ocrx_word' id='word_1_460' title='bbox 744 3939 784 3973; x_wconf 78' lang='lat' dir='ltr'>se·</span> <span class='ocrx_word' id='word_1_461' title='bbox 827 3937 900 3988; x_wconf 80' lang='lat' dir='ltr'>torn,</span> <span class='ocrx_word' id='word_1_462' title='bbox 922 3936 948 3976; x_wconf 88' lang='lat' dir='ltr'>et</span> <span class='ocrx_word' id='word_1_463' title='bbox 968 3923 1119 3998; x_wconf 71' lang='lat' dir='ltr'>Eurydicen</span> <span class='ocrx_word' id='word_1_464' title='bbox 1145 3924 1179 3977; x_wconf 82' lang='lat' dir='ltr'>ab</span> <span class='ocrx_word' id='word_1_465' title='bbox 1197 3925 1328 3997; x_wconf 84' lang='lat' dir='ltr'>Orpheo,</span> 
     </span>
     <span class='ocr_line' id='line_1_45' title="bbox 282 4000 1327 4076; baseline 0.004 -22"><span class='ocrx_word' id='word_1_466' title='bbox 282 4001 503 4056; x_wconf 81' lang='lat' dir='ltr'>lebrotosversue</span> <span class='ocrx_word' id='word_1_467' title='bbox 511 4000 687 4072; x_wconf 75' lang='lat' dir='ltr'>interpretorr</span> <span class='ocrx_word' id='word_1_468' title='bbox 699 4013 729 4051; x_wconf 90' lang='lat' dir='ltr'>ot</span> <span class='ocrx_word' id='word_1_469' title='bbox 738 4019 784 4052; x_wconf 84' lang='lat' dir='ltr'>eu·</span> <span class='ocrx_word' id='word_1_470' title='bbox 825 4003 915 4073; x_wconf 82' lang='lat' dir='ltr'>jamin</span> <span class='ocrx_word' id='word_1_471' title='bbox 927 4005 1009 4059; x_wconf 79' lang='lat' dir='ltr'>vitorn</span> <span class='ocrx_word' id='word_1_472' title='bbox 1020 4021 1103 4074; x_wconf 83' lang='lat' dir='ltr'>quum</span> <span class='ocrx_word' id='word_1_473' title='bbox 1116 4015 1242 4056; x_wconf 76' lang='lat' dir='ltr'>revocata</span> <span class='ocrx_word' id='word_1_474' title='bbox 1248 4017 1327 4076; x_wconf 72' lang='lat' dir='ltr'>esset,</span> 
     </span>
     <span class='ocr_line' id='line_1_46' title="bbox 278 4078 1238 4153; baseline -0.002 -19"><span class='ocrx_word' id='word_1_475' title='bbox 278 4095 391 4153; x_wconf 81' lang='lat' dir='ltr'>tequam</span> <span class='ocrx_word' id='word_1_476' title='bbox 409 4078 445 4132; x_wconf 80' lang='lat' dir='ltr'>sd</span> <span class='ocrx_word' id='word_1_477' title='bbox 466 4078 584 4152; x_wconf 71' lang='lat' dir='ltr'>Elysium</span> <span class='ocrx_word' id='word_1_478' title='bbox 603 4081 784 4152; x_wconf 80' lang='lat' dir='ltr'>pervenisset,</span> <span class='ocrx_word' id='word_1_479' title='bbox 828 4084 926 4137; x_wconf 82' lang='lat' dir='ltr'>iterum</span> <span class='ocrx_word' id='word_1_480' title='bbox 937 4083 966 4137; x_wconf 85' lang='lat' dir='ltr'>in</span> <span class='ocrx_word' id='word_1_481' title='bbox 977 4083 1238 4140; x_wconf 77' lang='lat' dir='ltr'>Orconaretractnrn.</span> 
     </span>
    </p>
   </div>
   <div class='ocr_carea' id='block_1_5' title="bbox 0 0 1490 4714">
    <p class='ocr_par' dir='ltr' id='par_1_7' title="bbox 0 0 1490 4714">
     <span class='ocr_line' id='line_1_47' title="bbox 0 0 1490 4714; baseline 0 0"><span class='ocrx_word' id='word_1_482' title='bbox 0 0 1490 4714; x_wconf 95' lang='lat' dir='ltr'> </span> 
     </span>
    </p>
   </div>
  </div>
 </body>
</html>
