3000 4674
502 413 827 506 rnrncnoeaor
851 419 912 482 tv.
1111 493 1116 498 ,
1166 441 1229 510 277

185 537 379 621 etspiritum:
390 532 1169 624 quiaillaaptiorest,etmaturiorformandostylo;
1179 533 1231 602 hic

187 631 373 688 necessarius
389 627 427 687 ad
438 625 586 701 halitum,
599 639 629 686 et
641 628 877 709 respirationem
889 627 1032 700 dicentis,
1047 625 1142 709 quiin
1151 631 1231 689 seni-

188 714 245 776 bus
257 717 335 777 solet
346 715 477 777 deficere
488 738 494 774 :
508 718 611 796 itaque
623 729 710 798 optat
721 729 751 775 et
762 716 842 776 bene
850 716 989 788 scribere,
997 729 1028 776 et
1036 716 1231 777 benedicere.

228 801 276 865 55.
296 805 443 886 Egregia,
462 816 492 864 et
509 804 619 883 ingens
638 802 841 885 pollicitatio:
861 823 970 878 nemo,
989 805 1046 878 ait,
1067 823 1116 864 me
1128 805 1232 864 vincet

185 905 368 974 poetarum:
388 915 454 954 non
470 891 629 974 Orpheus,
647 894 703 973 qui
719 912 850 973 magnus
867 891 945 955 olirn
959 893 992 952 in
1005 890 1151 968 Thracia;
1165 915 1231 954 noo

186 979 300 1039 Linus:
318 979 397 1040 adde
409 978 583 1061 adjutores:
601 1001 657 1040 nec
669 983 765 1042 timeo
779 1002 786 1039 ε
802 1001 891 1062 ergo,
909 993 1051 1063 pugnent
1066 983 1099 1040 in
1112 1001 1161 1041 me
1172 983 1232 1042 Or·

185 1063 283 1148 pheos
300 1087 370 1128 cum
385 1081 483 1128 matre
497 1068 653 1150 Calliope,
675 1087 744 1149 quae
761 1087 871 1150 praeses
887 1069 1093 1128 Heroicorum
1110 1081 1231 1142 vatum3

186 1155 283 1216 Linus
302 1177 375 1217 cum
394 1170 482 1238 patre
500 1155 635 1231 Pboebo,
657 1158 710 1238 qui
730 1177 840 1239 praeses
859 1159 1048 1231 carminum
1069 1177 1162 1217 nemo
1184 1175 1235 1218 me

185 1242 297 1303 vincet.
312 1243 476 1304 Redundat
490 1242 549 1304 ltoc
566 1245 600 1304 in
617 1245 774 1326 ingentem
791 1245 916 1306 laudem
930 1245 1109 1305 Octaviano
1122 1245 1235 1326 prolis,

186 1333 275 1411 quasi
293 1332 393 1392 dicat:
413 1332 612 1408 scribentem,
633 1333 858 1415 dicentemque
870 1334 908 1396 de
929 1335 990 1394 tuis
1011 1333 1118 1409 rebus,
1139 1355 1234 1394 nemo

188 1420 305 1496 vincet,
322 1438 379 1482 nec
397 1421 450 1481 Dii
468 1422 595 1502 quidem
610 1424 688 1504 ipsi:
706 1435 735 1483 et
749 1438 825 1484 nota
839 1411 1023 1484 modestiam
1036 1435 1153 1506 poetae:
1169 1443 1234 1483 non

187 1509 281 1583 dicit,
295 1511 416 1569 vincam
427 1531 549 1572 omnes:
559 1511 622 1586 sed,
631 1513 734 1573 vincet
742 1534 792 1574 me
799 1535 904 1590 nemo,
913 1533 986 1575 cum
994 1511 1055 1575 hoc
1062 1513 1145 1574 enim
1154 1525 1234 1572 stare

187 1609 288 1677 potest
304 1599 441 1660 victoriae
459 1599 637 1680 aequalitas:
656 1613 774 1661 textum
793 1599 1024 1662 subobscurum
1043 1601 1084 1660 sic
1103 1595 1234 1660 ordina:

186 1703 253 1744 non
273 1705 322 1746 nte
342 1687 446 1747 vincet
464 1685 622 1771 Orpheus,
644 1711 711 1752 non
732 1691 843 1768 Linus,
864 1691 1005 1773 quamvis
1024 1687 1098 1750 huic
1114 1687 1234 1772 Orphei

186 1773 269 1833 adsit
279 1789 378 1836 mater
389 1776 569 1860 Calliopea,
582 1777 657 1840 huic
668 1781 749 1840 Lino
761 1793 850 1863 pater
861 1779 984 1862 Apollo.

227 1861 276 1922 58.
288 1865 356 1923 Hoc
366 1865 467 1926 multo
480 1868 628 1946 grandius
640 1888 647 1926 ε
660 1880 753 1928 certet
765 1888 888 1928 mecum
899 1869 932 1928 in
943 1879 1039 1928 cantu
1051 1866 1116 1926 Pan
1128 1864 1239 1924 inven-

185 1957 237 2008 tor
248 1947 372 2028 fistulae,
385 1955 423 2012 sit
432 1951 528 2033 judex
540 1967 606 2015 tota
617 1955 762 2031 Arcadia,
774 1976 843 2038 quta
855 1953 940 2016 hunc
950 1957 1049 2015 Deum
1059 1953 1152 2013 colit:
1165 1973 1237 2033 pro-

185 2034 267 2097 fecto
280 2039 389 2120 ipsese
401 2042 518 2101 victum
532 2040 698 2118 fatebitur,
714 2045 780 2126 ipsa
792 2044 925 2103 Arcadia
935 2061 993 2123 pro
1006 2047 1060 2100 me
1062 2038 1215 2120 judicabit
1227 2061 1234 2095 ι

185 2125 290 2206 itaque
312 2147 378 2188 non
400 2142 565 2190 contentus
585 2132 715 2192 victoria
734 2130 933 2208 mortalium,
952 2129 1068 2210 aspirat
1081 2127 1121 2188 ad
1138 2129 1235 2188 vitto-

184 2213 264 2272 riam
281 2216 517 2280 immortalium.

226 2301 275 2365 60.
293 2307 443 2386 Virgilius
463 2309 549 2388 qnasi
571 2308 611 2372 ad
631 2329 728 2370 cunas
747 2307 844 2392 puelli
861 2329 966 2369 recens
984 2307 1050 2366 nati
1069 2323 1236 2366 conversus

186 2407 259 2448 etun
278 2391 390 2451 inritat
408 2394 447 2453 ad
469 2408 602 2456 matrem
621 2396 865 2477 agnoscendam
889 2415 938 2454 «ο
961 2390 1129 2466 infantula,
1151 2391 1236 2471 aperi

183 2475 308 2556 oculos,
321 2495 424 2562 specta
436 2497 566 2542 matrem
580 2484 637 2543 tibi
650 2485 856 2558 arridentem,
875 2497 905 2543 te
919 2482 1080 2542 blanditiis
1092 2477 1236 2540 refoven-

185 2579 263 2643 tem,
282 2583 312 2629 et
325 2592 389 2653 prae
403 2572 519 2654 gaudio
533 2569 668 2636 oblitam
682 2573 778 2656 longa
791 2573 933 2648 fastidia,
947 2591 1017 2653 quae
1031 2568 1171 2630 tulerunt
1185 2568 1233 2628 illi

188 2692 352 2760 Genauam,
374 2707 414 2747 est
434 2710 578 2751 comatum
596 2697 691 2752 mundi
736 2697 899 2770 theologum.
910 2695 1023 2749 Servius:
1034 2691 1233 2744 *Poetelium

185 2772 317 2824 exterior:
330 2773 691 2842 marcomannorum-
736 2781 766 2831 ln
789 2779 913 2850 Oblongo
937 2775 1031 2828 codice
1056 2773 1159 2845 legitur¹
1175 2773 1235 2824 Pon

183 2851 292 2902 terior:
309 2865 455 2925 utrumqne
472 2858 625 2927 promiscue
646 2875 691 2908 eu·
735 2859 823 2924 Deus,
841 2870 866 2909 et
883 2859 910 2908 in
927 2854 1049 2926 sequenti
1066 2852 1125 2903 Pan
1145 2851 1233 2902 etiam.

187 2931 268 2982 mitur
281 2950 297 2982 ι
313 2933 409 3002 poetis.
426 2935 530 2988 AEneid.
551 2936 688 3005 1V,451:
734 2935 861 3008 Magnam
881 2935 950 2987 enim
968 2930 1116 3003 emphasim
1135 2929 1234 2983 hahere

183 3009 267 3062 taedet
278 3011 335 3062 caeli
353 3030 471 3066 convexa
488 3018 571 3078 tueri;
589 3016 689 3082 idest,
733 3013 854 3078 videtur,
870 3014 930 3065 Pan
943 3013 1023 3064 Deus.
1039 3011 1072 3060 Et
1086 3008 1193 3062 adverte
1206 3012 1234 3062 in

187 3107 306 3142 concava
315 3109 373 3161 quo
384 3093 442 3144 sola
451 3113 593 3164 possumus
603 3098 690 3150 intue-
733 3091 888 3165 hujusmodi
904 3091 1019 3144 lectione
1033 3089 1159 3140 inferiore
1175 3109 1235 3140 ver·

186 3171 219 3220 ri.
239 3168 278 3220 De
294 3172 394 3223 crateris
412 3171 474 3226 vide
494 3187 572 3227 notae
590 3177 644 3228 vol.
662 3180 690 3243 l,
734 3167 1096 3242 immurmurantium
1119 3170 1235 3228 esee3si
1325 3189 1326 3196 ¹

188 3265 250 3320 pag·
268 3247 324 3300 ¹35·
735 3254 779 3304 cui
791 3269 854 3304 vero
867 3253 950 3320 magis
959 3249 1064 3319 placeat
1075 3247 1180 3297 iteratio
1192 3261 1234 3300 to·

223 3329 265 3397 57.
278 3327 520 3400 calliopemilrace
533 3331 686 3386 declinatio.
735 3333 789 3381 tius
797 3327 970 3390 hemistichii,
984 3343 1037 3376 non
1047 3322 1149 3375 laboro.
1164 3327 1188 3377 N
1191 3343 1233 3378 sm

187 3437 223 3448 -
237 3407 314 3460 tino.
325 3409 407 3461 Linus
417 3427 482 3461 vero
495 3429 577 3482 quum
590 3431 688 3466 nomen
732 3423 759 3463 et
783 3429 816 3464 ea
839 3425 946 3480 quoque
968 3404 1077 3477 lepida,
1099 3417 1125 3456 et
1143 3411 1232 3460 suavis

185 3486 303 3539 hominia
323 3485 457 3556 dicimus,
478 3489 566 3542 brevis
586 3504 626 3542 eet
646 3491 687 3544 Li.
733 3503 782 3543 eet.
802 3485 1043 3541 rien-Arcadia
1055 3483 1150 3556 judice
1167 3485 1232 3554 Qua

186 3567 302 3632 Statius,
323 3567 414 3620 Medio
432 3569 514 3622 Limes
537 3569 689 3623 intertextus
733 3571 857 3637 elstret,
874 3563 1042 3620 ruricoliter.
1061 3563 1232 3619 confidenter

184 3645 308 3700 occatio.
321 3647 410 3715 Quum
424 3659 513 3700 antero
525 3649 608 3700 linum
620 3649 688 3702 dici·
731 3651 797 3702 eatis
805 3647 919 3700 arbitros
929 3647 1010 3696 Poeta
1018 3643 1231 3715 capitdrcadae,

186 3744 261 3791 mus,
273 3725 346 3779 iilum
361 3727 552 3798 significantes,
564 3729 597 3780 Li
608 3729 688 3800 longa
731 3731 803 3780 Pana
821 3724 938 3778 colentes
960 3723 1164 3794 religiosissime.
1189 3725 1232 3778 Sic

185 3819 240 3868 est;
254 3824 336 3876 quum
349 3805 516 3876 producetur
528 3807 601 3878 apud
613 3807 687 3860 Gree-
731 3806 787 3860 act.
797 3806 837 3872 X,
853 3804 904 3858 ab:
918 3805 977 3855 Pon
988 3804 1059 3854 Deos
1067 3800 1194 3855 Areadioe.

187 3903 244 3937 eos.
262 3884 343 3936 Linus
362 3885 495 3957 Apollinis
514 3899 541 3938 et
558 3887 686 3942 Psametis
766 3885 810 3939 60.
834 3884 946 3954 Incipe,
969 3899 1051 3954 parve
1066 3897 1154 3953 puer,
1179 3881 1232 3934 risu

185 3963 266 4030 filins,
275 3967 321 4036 qui
331 3965 493 4039 theologiam
506 3966 606 4018 scribit.
615 3967 685 4019 Seru.
730 3981 881 4035 eoqnoscere
899 3972 1020 4013 oratrem.
1039 3959 1126 4014 Mater
1147 3959 1231 4013 filiunt

225 4043 519 4098 taramriamltedit
530 4044 566 4098 ad
577 4047 688 4100 numina
730 4055 865 4098 recentem
881 4043 956 4094 omni
973 4037 1165 4093 blanditiarum
1183 4059 1231 4110 ge-

189 4123 306 4175 metica:
322 4143 385 4178 nam
399 4126 463 4178 satie
479 4139 627 4178 excesserat
644 4123 687 4178 di·
730 4143 795 4177 nere
806 4120 956 4184 demulcet,
974 4118 1038 4172 huie
1048 4117 1146 4170 arridet
1159 4118 1231 4172 laeta·

189 4200 376 4258 ceodobinun
388 4211 506 4278 poetam,
513 4219 541 4260 et
549 4205 688 4280 Orpheum
732 4204 842 4270 bondap
860 4201 910 4262 ted
925 4219 981 4260 non
998 4200 1038 4256 illi
1054 4199 1139 4266 tilius,
1157 4219 1233 4258 oen·
1277 4249 1283 4256 .
