3000 4674
291 436 354 504 260
619 427 998 499 coustantium

289 577 364 618 nam
376 555 522 630 honoris,
535 573 609 614 nam
625 553 701 637 quid
717 553 803 614 aliud
818 557 953 636 cogitem
967 555 1007 617 de
1021 569 1074 616 tua
1089 559 1283 620 temeritate?
1296 579 1342 620 ue

288 645 413 708 discede
433 645 471 704 ab
492 643 551 704 hac
571 659 689 719 mente,
708 665 858 725 maguum
880 647 964 706 enim
988 645 1140 727 quiddam
1159 647 1339 732 deponam,

289 735 375 819 quod
393 748 427 794 tu
444 735 511 816 ipse
528 734 614 793 dices
629 735 695 814 ipse
718 733 819 813 majus
834 734 949 810 vitula,
965 734 1112 796 videlicet
1124 735 1188 797 duo
1203 735 1339 819 poeula,

289 823 398 884 multis
409 820 688 882 modislaudanda.
705 823 784 882 Nam
795 822 853 882 duo
867 821 957 883 illum
970 822 1145 907 intelligere
1157 839 1282 886 constat
1295 845 1338 886 ex

290 913 494 995 responsione
505 912 671 985 Damoetae,
683 929 754 992 quae
767 931 839 970 mox
851 924 1011 992 sequetur.

330 1002 378 1062 36.
391 1001 537 1082 Sequitur
547 998 733 1080 poculorum
747 997 991 1060 commendatio.
1004 1001 1151 1082 inprimis
1164 999 1218 1060 illa
1231 1013 1306 1060 aunt
1319 1019 1338 1060 e

288 1089 378 1172 fago,
391 1108 461 1170 quae
474 1089 601 1147 materia
613 1085 831 1147 laudatissima
843 1086 882 1146 ad
895 1107 980 1148 vasa.
992 1089 1112 1149 Deinde
1127 1089 1235 1149 caelata
1246 1101 1337 1164 suut,

289 1199 385 1262 opere
398 1175 637 1250 Alcimedontis,
650 1177 704 1256 qui
717 1177 858 1258 egregius
870 1175 992 1238 artifex.
1005 1179 1164 1239 Hactenus
1176 1177 1215 1240 de
1226 1193 1338 1240 caussa

289 1264 460 1340 materiali,
475 1277 505 1324 et
517 1261 678 1324 efficienti.
1063 1265 1066 1272 '

330 1354 378 1414 38.
393 1353 497 1432 Pergit
510 1365 615 1432 pastor
628 1349 666 1410 ad
679 1348 825 1412 formam.
840 1353 913 1414 llaec
924 1351 1073 1434 praeclara
1086 1366 1144 1429 cst,
1159 1353 1213 1413 sed
1226 1355 1258 1412 in
1268 1353 1335 1434 pri·

289 1443 350 1504 mis
368 1440 548 1514 sciendum,
562 1440 654 1506 verba
670 1438 737 1501 haec
755 1441 832 1502 lento
847 1441 951 1524 quibus
967 1457 1049 1504 torno
1068 1443 1150 1504 male
1164 1441 1336 1526 explicari:

289 1555 366 1596 nam
378 1531 480 1614 quibas
499 1542 622 1610 ponunt
640 1530 672 1587 in
691 1529 812 1604 dativo,
836 1544 919 1592 tento
938 1532 972 1591 in
993 1532 1146 1608 ablativo,
1166 1530 1250 1613 quod
1269 1551 1337 1592 esse

289 1621 409 1702 nequit.
423 1619 501 1676 Nam
511 1636 564 1675 vas
577 1629 670 1676 torno
680 1614 761 1678 effici
771 1631 893 1698 potest:
906 1617 961 1678 sed
975 1622 1032 1701 qui
1042 1622 1114 1680 vitis
1123 1631 1216 1679 toruo
1229 1638 1338 1700 super-

291 1707 379 1779 addi,
399 1701 554 1782 corymbi,
575 1699 712 1777 hederae,
733 1701 880 1764 humanae
896 1703 1019 1778 formae,
1039 1727 1108 1788 quae
1127 1707 1170 1767 ibi
1192 1703 1339 1788 quoque?

290 1795 359 1857 haec
379 1793 418 1852 ab
436 1805 502 1850 arte
521 1793 605 1850 torni
626 1791 745 1868 aliena,
765 1794 830 1854 imo
849 1797 1033 1876 pugnantia.
1053 1799 1119 1878 Ego
1133 1797 1177 1857 sic
1191 1795 1336 1877 expedio.

291 1881 402 1965 Quibus
413 1895 459 1940 est
472 1881 505 1938 in
518 1876 673 1956 ablativo,
688 1894 770 1941 tomo
782 1883 816 1941 in
829 1882 951 1957 dativo,
963 1882 1030 1944 haee
1041 1885 1207 1944 sententia.
1220 1884 1254 1942 ln
1268 1884 1339 1963 qui-

289 1971 349 2030 bus
368 1983 461 2028 torno
480 1968 557 2046 ipsi,
577 1968 631 2049 qui
652 1988 689 2028 ex
711 1982 777 2029 arte
795 1989 858 2030 una
872 1972 1046 2051 praecessit,
1068 1973 1140 2032 vitis
1159 1985 1205 2031 eat
1229 1989 1340 2050 supen-

290 2056 397 2118 addita
411 2077 447 2116 ex
463 2054 624 2130 caelatura,
640 2071 706 2117 arte
719 2055 830 2134 altera3
843 2078 913 2140 quae
930 2079 1006 2118 saue
1016 2061 1089 2120 vitia
1104 2059 1197 2119 vestit
1212 2077 1340 2140 corym-

290 2146 349 2206 bos
357 2144 492 2204 diflusos
500 2144 538 2203 ab
546 2143 661 2205 hedera
670 2146 808 2228 pallente
817 2150 828 2228 (
836 2147 869 2207 id
878 2161 937 2224 est,
949 2161 1101 2209 exstantes
1110 2161 1340 2230 nascentesque

292 2235 334 2296 ab
349 2231 491 2308 hedera).
507 2232 584 2292 lude
600 2235 679 2294 mira
693 2247 739 2295 est
752 2236 912 2317 oppositio
927 2236 958 2294 iu
974 2235 1076 2295 verbis
1081 2233 1187 2320 filcili,
1204 2249 1340 2316 etsuper*

289 2321 405 2395 addito3
420 2321 506 2402 quasi
522 2320 623 2381 dicat:
638 2321 732 2382 facile
745 2321 808 2383 fuit
822 2343 894 2382 vasa
909 2335 1049 2397 tornare,
1066 2320 1175 2383 caelare
1189 2320 1337 2398 difficile3

291 2411 393 2474 'multa
408 2412 493 2471 euim
507 2410 636 2472 fuerunt
650 2409 907 2494 superaddenda,
924 2412 1013 2488 vitis,
1031 2410 1189 2494 corymbi,
1207 2409 1339 2490 hedera,

292 2499 449 2563 homines.

333 2589 382 2664 [ao.
397 2589 539 2648 Persistit
558 2587 660 2650 adhuc
679 2591 711 2649 in
732 2587 935 2651 describenda
950 2588 1061 2652 forma.
1079 2591 1157 2651 Sunt
1169 2591 1203 2650 iu
1217 2587 1341 2666 medio,

293 2675 326 2737 id
340 2688 401 2750 est,
413 2676 445 2733 in
460 2673 562 2734 fundo
575 2675 780 2757 poculorum,
792 2691 888 2758 atque
905 2679 990 2740 intus
1006 2681 1094 2760 signa
1110 2677 1190 2753 duo,
1210 2678 1339 2752 Conon,

291 2763 427 2824 eximius
439 2761 621 2836 Geometra3
631 2778 723 2846 atque
733 2764 1127 2849 Archimedes,quiradio,
1138 2766 1168 2826 id
1180 2779 1239 2840 est,
1250 2767 1342 2847 virga

291 2872 350 2913 sua
367 2849 475 2911 orbem
489 2848 669 2932 descripsit3
685 2852 834 2932 patefecit
849 2868 1006 2938 tempora,
1029 2857 1144 2937 quibus
1161 2875 1274 2916 messes
1293 2876 1341 2916 se-

293 2940 417 3014 candae3
429 2937 545 2999 aranda
559 2938 731 3001 tellus.l)at
743 2957 839 3023 poeta
852 2947 972 3006 rustico
985 2945 1164 3006 affectatam
1176 2965 1212 3004 ex
1224 2943 1339 3006 decoro

292 3034 523 3117 ‘ignorationem
532 3051 601 3112 quae
611 3046 791 3094 tamennon
800 3036 876 3096 sinit
885 3039 1050 3120 quaesitum
1061 3057 1177 3097 nomen
1187 3038 1337 3116 ignorari.

255 3158 259 3164 ·
332 3121 382 3198 43.
394 3121 542 3182 Absoluta
552 3119 652 3180 forma
664 3121 737 3182 finis
747 3125 898 3202 restabat,
910 3127 962 3186 sed
974 3124 1059 3188 hunc
1071 3125 1212 3186 nondum
1223 3124 1339 3207 pocula

293 3213 514 3287 obtinuerunt3
528 3232 597 3294 quae
609 3213 714 3292 ,major
725 3212 853 3274 illorum
866 3214 948 3275 laus:
963 3215 1006 3275 ita
1019 3219 1103 3277 enim
1115 3215 1279 3294 nitidiora,
1293 3237 1340 3278 re·

293 3299 449 3375 centiora,
462 3313 494 3360 et
505 3320 627 3381 semper
639 3322 735 3378 nova,
750 3304 823 3385 quia
835 3324 997 3384 nunquam
1009 3325 1044 3364 ex
1059 3301 1121 3362 illis
1134 3297 1267 3362 bibitum
1280 3317 1339 3364 est.

292 3389 417 3471 Colligo
433 3389 556 3465 omnia,
575 3409 645 3472 quae
663 3393 820 3473 pertinent
836 3390 876 3450 ad
891 3389 1006 3474 pocula
1023 3414 1029 3451 :
1050 3389 1219 3451 laudantur
1233 3411 1251 3449 a
1265 3411 1329 3472 qua

328 3577 371 3647 lo
381 3581 479 3631 Conon.
490 3579 621 3630 Cononem
627 3575 738 3645 ducem,
746 3595 792 3630 cu·
835 3597 900 3632 cora
911 3581 938 3631 in
951 3580 1059 3632 rustico.
1072 3579 1162 3630 luuuit
1173 3590 1261 3630 autem
1273 3573 1337 3631 ata·

290 3661 335 3730 jus
346 3655 793 3710 nomeninomniumomversaba·
836 3675 895 3710 rum
913 3661 1045 3731 insignem
1061 3656 1292 3730 cosmographum
1310 3670 1336 3710 et

292 3751 352 3802 tur,
368 3753 510 3808 perperam
528 3735 719 3804 iuterpretatur
734 3735 794 3788 Ser-
836 3737 1046 3802 Asuoneimum,
1074 3753 1152 3807 quem
1180 3735 1226 3788 alil
1256 3735 1337 3789 aliun

292 3819 365 3883 rius,
378 3812 502 3886 quamde
514 3810 602 3864 Samio
615 3813 749 3886 astrologo
760 3818 794 3868 sit
837 3815 973 3888 alienaque
989 3817 1117 3889 suspicati
1135 3827 1206 3866 sunt.
1225 3813 1275 3866 Sed
1294 3815 1338 3869 Jo.

292 3889 793 3969 capiendum,utSalmaaias.V.etiam
837 3894 932 3968 Scalig.
958 3895 998 3949 De
1020 3894 1160 3948 Emendat.
1188 3909 1337 3965 temporum

291 3978 327 4033 ad
339 3977 411 4030 hunc
422 3974 512 4027 locum
527 3973 559 4024 ll.
575 3971 734 4040 Titium,ll,
752 3991 792 4045 17.
836 3975 917 4040 lib.l,
927 3995 987 4048 cap.
998 3975 1032 4028 de
1042 3974 1336 4046 PerlodoSyracusaot,

293 4061 382 4113 Enim.
395 4085 431 4096 -
445 4054 482 4106 Et
487 4089 495 4118 ‚
508 4051 567 4125 quis
576 4049 639 4122 suit
652 4050 726 4106 alter.
738 4055 793 4106 Du·
835 4049 1020 4108 Archimedem
1034 4054 1178 4128 significari
1195 4058 1248 4119 aiu
1260 4067 1286 4110 et
1297 4057 1339 4112 in·

283 4137 387 4194 ¹hisatio
403 4133 566 4192 oblivionem
579 4129 729 4187 contem·
745 4131 793 4190 da·
835 4146 966 4206 terpretes
982 4133 1028 4190 hic
1038 4136 1143 4210 uagari.
1157 4135 1240 4190 Yaui.
