2964 4690
396 405 448 470 IN
471 401 860 470 GEORGICORUM
883 407 977 473 LIB.
1002 410 1027 472 l.
1173 411 1235 498 375

191 524 324 588 uebatur
334 529 368 590 in
380 530 510 591 crimine
520 531 657 610 signare,
668 543 723 589 aut
734 531 843 611 partiri
855 528 957 592 limite
966 531 1073 614 aliquo
1086 553 1234 617 campum

193 629 303 674 suum:
323 617 428 678 nullus
439 631 505 679 erat
518 616 684 700 peculiaria
697 631 845 698 quaestus,
862 617 962 679 sedin
976 619 1115 682 medium
1128 626 1235 684 omnia

193 697 379 780 afferebant,
395 721 427 766 et
442 709 475 767 in
490 707 646 780 medium,
667 708 700 767 in
716 727 898 780 commune,
920 721 950 767 et
968 706 1064 768 veluti
1079 709 1235 792 epubiico

192 793 372 870 quaerebant
383 819 390 855 τ
402 796 494 858 telius
503 817 576 858 vero
585 796 683 857 libere
693 795 865 857 admodum
878 794 996 858 ferebat
1005 799 1127 872 omnia,
1140 800 1235 860 nullis

190 873 351 958 ligonibus
362 886 439 962 iota,
454 883 550 946 nullis
564 887 673 946 aratris
685 905 847 967 percussa:
861 907 879 946 a
894 889 1021 947 nemine
1032 887 1150 948 reditus
1163 909 1236 969 pos·

191 965 332 1048 cebatur3
345 975 413 1057 ipsa
426 973 505 1036 nibil
516 972 664 1052 debebat,
676 989 706 1035 et
718 974 813 1036 dabat
827 977 944 1036 omnia.

235 1077 300 1139 129·
321 1063 407 1140 Quid
424 1085 498 1124 vero
516 1063 590 1124 fecit
611 1063 751 1146 Jupiter?
768 1065 885 1125 invexit
905 1063 1092 1125 mortalibus
1112 1066 1234 1127 labores

191 1144 306 1210 multos
318 1173 324 1210 :
336 1167 424 1214 erant
434 1151 493 1215 sub
505 1154 637 1214 Saturno
648 1167 803 1236 serpentes
816 1168 846 1214 et
857 1155 924 1236 lupi
938 1155 1082 1229 innocui;
1095 1157 1234 1236 quietum

191 1250 290 1308 mare,
305 1238 430 1302 arbores
447 1239 591 1302 mellibus
607 1241 722 1324 plenoe3
740 1243 822 1323 ignis
837 1243 948 1306 obvius
962 1263 1150 1324 quocunque
1164 1245 1236 1306 loco

191 1318 230 1378 ad
243 1343 316 1384 usus
328 1327 526 1402 mortalium,
539 1328 628 1390 fluvii
640 1332 715 1390 vino
730 1328 907 1391 scatebant:
922 1351 996 1412 ergo
1010 1333 1132 1413 Jupiter
1146 1329 1236 1392 addi-

190 1405 237 1466 dit
252 1412 336 1472 virus
348 1414 467 1476 malum
481 1418 672 1500 noxiumque
686 1420 895 1501 serpentibus,
915 1421 970 1501 qui
985 1419 1056 1480 ideo
1069 1422 1143 1492 atri,
1161 1421 1236 1500 quia

187 1496 253 1576 jam
271 1500 357 1580 pleni
378 1525 524 1567 veneno:
549 1507 631 1589 lupis
653 1507 792 1569 furorem
811 1507 850 1569 ad
874 1509 1013 1591 praedam
1034 1532 1041 1567 ι
1065 1511 1237 1568 commovit

190 1603 275 1644 mare
285 1591 464 1668 procellosis
475 1593 669 1672 turbinibus,
680 1597 768 1670 fecit,
783 1613 820 1658 ut
832 1611 1032 1671 tumesceret,
1047 1611 1236 1672 moveretur,

191 1673 423 1761 agitareturque
444 1683 704 1766 tempestatibus:
726 1684 860 1768 decussit
879 1685 972 1746 mella
990 1707 1027 1746 ex
1046 1686 1235 1746 arboribus:

190 1762 294 1842 ignem
313 1787 329 1826 e
348 1769 451 1830 medio
469 1775 617 1851 removit,
636 1773 863 1858 occultauitque
880 1779 913 1836 in
930 1778 1017 1837 venis
1031 1776 1153 1838 silicum
1168 1798 1174 1834 :
1190 1796 1236 1836 ra-

189 1855 299 1932 pressit
311 1857 383 1918 vina
396 1857 574 1924 fluviorum.

153 2053 155 2058 ·
187 2039 235 2106 pio
244 2039 291 2092 lib.
302 2043 322 2093 i.
331 2043 394 2098 Met.
406 2046 515 2100 Hesiod.
526 2049 575 2118 ἴῃ,
585 2062 612 2101 et
622 2067 688 2120 pne-
733 2052 802 2103 Nam
815 2063 880 2104 teste
894 2053 1003 2104 Donato
1019 2050 1053 2102 ad
1069 2049 1130 2100 Ter.
1150 2049 1233 2102 Andr.

189 2121 267 2190 ‘illu‘
280 2125 385 2177 Luem·
395 2127 443 2179 llb-
454 2129 486 2180 V·
733 2131 772 2194 11,
786 2129 820 2196 5,
835 2147 875 2183 tt.
889 2132 1004 2183 Petimus
1013 2129 1142 2202 precario,
1152 2131 1235 2200 posci-

226 2202 284 2254 ηδ.
298 2206 353 2258 Neo
363 2207 464 2280 tipnore
478 2210 592 2281 quidem.
606 2209 688 2282 Lapi-
733 2228 790 2262 mus
802 2209 947 2282 imperiose,
959 2207 1120 2280 postulamus
1123 2210 1194 2280 jure.

189 2277 284 2342 dibus,
297 2287 437 2355 postibus,
449 2289 605 2358 arboribus,
617 2292 689 2342 simi·
773 2307 829 2359 ¹29·
842 2288 901 2340 1110.
916 2291 1021 2359 Jupiter
1038 2286 1139 2340 scilicet
1156 2287 1236 2358 adep-

188 2360 313 2433 libusque
325 2385 375 2437 pro
384 2371 621 2424 terminisliomani
631 2385 689 2424 nte·
733 2382 776 2420 tus
790 2371 940 2440 imperium.
958 2366 1062 2419 Malum
1075 2368 1150 2418 viius.
1164 2368 1235 2419 Bene

189 2437 303 2504 l'flflffl't
315 2463 392 2518 apros
404 2450 486 2500 etiarn
497 2451 560 2516 viis,
574 2461 620 2501 aut
631 2450 688 2500 fos·
734 2448 769 2499 ad
780 2446 969 2500 discretionem
977 2445 1116 2517 epitheton
1127 2444 1233 2512 adjecit.

189 2520 226 2571 sis
244 2519 407 2577 definiebant
424 2548 430 2578 r
449 2527 507 2580 alie
524 2529 559 2582 ab
579 2531 688 2582 Oriente
733 2528 803 2578 Natu
815 2527 918 2579 vinuet
928 2526 1028 2578 bonum
1036 2538 1062 2576 et
1072 2523 1171 2576 malum
1180 2539 1233 2584 est,

189 2601 356 2656 occidentem
370 2623 478 2669 verum
495 2608 553 2660 alite
569 2621 658 2662 autem
673 2627 689 2660 a
733 2609 802 2658 sicut
811 2623 942 2660 venenum
952 2627 958 2655 :
970 2622 1032 2656 nam
1042 2602 1112 2656 idem
1123 2617 1171 2656 cst.
1183 2605 1234 2656 Ve-

189 2685 370 2752 septentrione
379 2685 517 2740 meridiem
526 2705 618 2742 versus
630 2699 688 2740 ten·
733 2687 773 2738 nit
787 2699 876 2739 autem
889 2703 905 2736 a
915 2683 1026 2745 Gree03
1043 2701 1105 2734 nam
1122 2683 1161 2734 illi
1175 2681 1235 2752 qip-

76 2799 83 2806 .
188 2760 263 2812 dunt.
272 2764 369 2834 Maiori
380 2768 428 2818 viae
441 2765 474 2819 de
486 2768 590 2821 oriente
602 2770 630 2820 iu
643 2787 688 2824 oo·
730 2785 805 2832 pun
820 2765 937 2818 medium
950 2761 1235 2830 babent,idest,bo-

188 2842 320 2897 uidentem
339 2865 437 2900 nomen
454 2861 511 2900 erat
524 2847 596 2902 limes
611 2849 689 2902 decu·
733 2857 840 2898 namet
858 2843 967 2896 malum.
984 2843 1053 2896 Sane
1070 2841 1234 2896 virusbodie

187 2939 292 2988 mm,
306 2927 381 2998 l⁸q1¹e
397 2927 432 2993 4ο
444 2926 526 2998 pedes
543 2927 613 2980 latus
624 2949 631 2978 s
644 2931 688 2981 via
733 2941 786 2980 tres
800 2937 904 2978 tanturn
919 2923 1004 2976 babet
1015 2939 1109 2976 casus=
1127 2919 1180 2974 boc
1194 2925 1234 2974 vi-

189 3005 371 3059 transversalia
383 3005 525 3060 latitudine
538 3025 572 3061 uo
588 3009 687 3079 pedum
733 3007 931 3072 rus,bocvirua,
940 3025 956 3056 o
968 3003 1236 3072 virua.dntiqui,hu-

188 3080 222 3133 de
240 3087 421 3152 septentrione
437 3107 530 3140 versus
549 3089 687 3142 meridiem
730 3090 774 3158 jus
787 3081 1232 3150 oiii,dicebant.Lucret.11,475:

188 3162 324 3230 tendebat,
333 3163 527 3237 dicebaturque
537 3169 635 3220 Gurdo.-
646 3168 687 3221 be
734 3169 792 3220 tetri
803 3165 946 3239 primordia
962 3165 1019 3216 visi.
1034 3164 1234 3232 Nonnunquam

186 3243 235 3294 vie
245 3254 321 3294 erant
330 3243 459 3312 publicae:
472 3246 612 3298 intervalla
621 3263 688 3317 praa·
733 3265 783 3318 pro
795 3249 892 3298 foetore
902 3245 1012 3315 ponitur
1021 3242 1109 3305 virus,
1124 3253 1153 3292 ut
1162 3243 1235 3312 apud

188 3333 261 3374 terea
276 3321 434 3376 dividebant
450 3325 544 3378 limites
564 3324 686 3390 lineares,
732 3325 875 3390 Lucilium,
882 3321 977 3373 anseris
985 3318 1085 3370 herbilis
1095 3319 1170 3372 virus.
1180 3321 1234 3372 Ad-

186 3401 228 3452 vel
240 3400 411 3468 subruncivi,
425 3402 567 3456 latitudine
581 3405 599 3470 4
613 3418 659 3456 aut
671 3407 687 3458 8
733 3404 800 3456 didit
818 3413 865 3454 aut
883 3398 1025 3465 abundat,
1045 3413 1091 3450 ant
1114 3399 1232 3464 addidit,

185 3481 334 3552 pedumret
341 3481 437 3536 borum
445 3487 553 3554 quintus
564 3486 688 3554 quisque,
734 3480 942 3554 quiabebebant
954 3493 1015 3532 ante
1025 3477 1147 3531 nonnihil
1158 3498 1234 3532 vene-

189 3577 218 3613 ta
236 3561 318 3633 pedes
337 3561 422 3628 latus,
439 3563 580 3615 dicebatur
599 3575 688 3616 actua-
732 3562 897 3618 ni.-Atris.
911 3559 993 3612 Modo
1010 3561 1112 3624 nomia,
1132 3559 1160 3612 id
1177 3574 1232 3626 est,

185 3641 329 3696 riusiimet.
344 3643 376 3696 V.
389 3644 421 3695 G.
731 3643 768 3697 ad
787 3640 910 3696 tenebras
928 3653 955 3694 et
972 3651 1086 3692 mortem
1107 3640 1234 3694 mittenti·

224 3723 282 3776 aab.
298 3724 393 3776 Omoio
405 3723 513 3776 iibeiius.
524 3724 593 3792 Quia
605 3741 687 3795 supra
731 3722 790 3776 bus.
803 3723 873 3776 Seru.

186 3805 223 3855 ait
234 3825 241 3854 a
253 3804 340 3876 Atque
351 3803 460 3876 ienpemt
470 3804 544 3856 aruit.
560 3801 613 3854 Atii
625 3802 687 3855 iibe-
770 3803 825 3855 130.
841 3800 1006 3873 Proedarique
1018 3800 1092 3870 lupos
1096 3799 1181 3871 jussit.
1198 3801 1232 3852 Ut

186 3884 313 3955 rius,pro
325 3882 462 3937 liberalius
474 3884 628 3955 accipiunt:
640 3883 687 3936 be·
729 3884 781 3954 ipsi
794 3879 897 3953 praedas
912 3881 1030 3948 faciant,
1049 3876 1123 3950 quod
1140 3897 1232 3932 eorum

185 3979 232 4014 ne:
241 3973 306 4014 tnnc
314 3966 384 4016 enirn
394 3963 478 4017 libere
486 3973 685 4034 cunctatponte
729 3973 893 4022 uetuisset,
905 3978 969 4026 non,
978 3973 1009 4011 ut
1018 3959 1071 4031 ipsi
1080 3959 1231 4028 capiantur,

187 4057 234 4090 sua
253 4041 331 4095 tellus
350 4043 463 4096 ferebat.
477 4071 513 4084 «-
527 4041 610 4094 Nullo
627 4060 685 4114 pos·
730 4038 955 4112 quemadmodum
962 4035 1233 4108 conjicitServius.—

187 4129 266 4170 ceute.
292 4119 408 4190 idest,
429 4122 503 4175 nullo
525 4124 683 4194 imperante.
731 4123 898 4192 Pontumque
908 4119 1012 4172 moveri.
1026 4116 1118 4172 Ventis
1131 4115 1232 4168 scilicet
