2998 4670
271 368 333 452 5⁴8
597 361 979 430 continuatam

269 512 344 554 vero
356 487 502 553 ostendat
514 486 597 549 hanc
606 507 712 548 curam
722 486 899 549 habendam
910 502 1050 569 tempore
1058 485 1195 571 hyemis,
1206 489 1308 572 signat

269 577 331 640 hoc
349 593 470 660 tempus
484 597 539 658 per
555 577 726 658 Aquarium
739 575 891 658 frigidum
904 599 938 638 ac
950 577 1144 658 plurimum,
1166 599 1264 661 quum
1280 582 1309 639 ia

271 668 366 728 cadit.

311 757 378 816 305.
391 757 559 837 Comparat
574 775 684 836 capras
701 774 773 814 cum
790 753 911 815 ovibus.
928 757 1025 816 Pecus
1041 757 1205 838 caprinum
1221 767 1313 815 tucn-

271 844 345 906 dum
361 860 485 932 estnon
505 842 621 904 leviore
638 863 727 918 cura,
748 864 842 930 quarn
862 864 949 917 oves3
969 865 1023 904 nec
1042 845 1147 904 minor
1164 857 1209 904 est
1225 842 1312 904 illius

269 953 359 1008 urus,
371 953 466 1015 quam
477 934 585 992 ovium
598 953 605 990 ε
620 952 694 991 narn
706 935 849 1013 quamvis
860 953 932 992 ovea
943 931 1057 1007 Mileti,
1071 952 1240 1014 earumque
1249 929 1311 991 vel-

269 1022 335 1082 lera
347 1023 454 1082 sintin
469 1041 584 1100 magno
597 1022 716 1102 pretio,
729 1033 763 1079 ut
773 1040 842 1100 quae
851 1017 1029 1080 felicissime
1040 1017 1198 1080 imbibant
1210 1031 1314 1079 coctu·

269 1129 336 1168 ram
359 1110 589 1189 tincturamque
614 1127 776 1189 purpurae3
802 1119 906 1166 tomen
932 1129 1034 1189 caprae
1057 1107 1212 1168 feliciores
1237 1116 1311 1165 sunt

268 1196 390 1272 sobole,
411 1195 568 1256 feliciores
586 1195 678 1256 lacte.
700 1195 771 1271 Quo
791 1197 875 1256 anim
893 1199 993 1278 tnagis
1010 1195 1086 1257 velis
1101 1195 1253 1276 mulgere,
1272 1215 1311 1253 eo

267 1283 410 1368 praebent
421 1283 509 1346 lactis
522 1285 649 1366 copiam
662 1282 840 1364 largiorem.

309 1373 342 1434 31
352 1393 376 1432 r.
386 1375 540 1454 Proponit
550 1370 644 1432 aliam
656 1371 822 1432 utilitatem
834 1393 1014 1455 caprarum,
1027 1393 1089 1452 qua
1103 1382 1209 1430 carent
1219 1388 1307 1430 oves:

268 1463 391 1521 namin
408 1462 507 1544 Libya
525 1462 564 1521 ad
579 1481 703 1521 amnem
717 1460 881 1542 Cinyphen
897 1460 978 1522 hirci
994 1475 1069 1522 aunt
1082 1461 1124 1520 ita
1140 1461 1261 1540 magni,
1275 1468 1310 1517 ut

270 1571 307 1610 ex
319 1571 427 1611 eorum
439 1553 569 1626 mentis,
589 1571 626 1611 ex
640 1571 749 1611 eorum
764 1552 836 1611 setis
851 1549 930 1610 fiant
941 1549 1045 1610 cilicia
1057 1549 1094 1608 ad
1108 1569 1182 1632 usus
1195 1561 1311 1608 castro·

270 1685 340 1738 diern
353 1685 407 1740 ‹lici
421 1688 538 1744 riualem:
552 1687 658 1741 demam
669 1707 771 1741 morem
815 1690 963 1742 mutatione
975 1686 1132 1748 constabat;
1146 1683 1218 1756 quod
1228 1694 1254 1736 et
1263 1681 1315 1734 Ca·

269 1779 406 1828 nostrum
419 1765 531 1819 aedilicia
545 1769 632 1832 enim,
650 1785 708 1838 quae
724 1785 772 1819 ro-
811 1771 855 1838 jna
870 1771 1011 1822 Homerico
1029 1765 1166 1819 confirmat
1181 1761 1310 1833 exemplo.

270 1845 357 1897 lurnua
370 1858 427 1897 tuta
437 1865 453 1898 a
465 1847 582 1917 frigore,
598 1847 706 1898 omnino
723 1865 772 1917 op-
813 1847 946 1918 -Tyrios
953 1847 1052 1898 incocta
1060 1845 1166 1896 rubores.
1174 1845 1310 1914 Figurate:

270 1928 396 1996 ponimus
407 1924 537 1978 meridiei.
815 1943 873 1996 qooe
890 1925 1032 1996 coquendo
1048 1924 1156 1995 Tyrium
1171 1923 1252 1973 traxit
1269 1938 1312 1971 ru-

307 2001 367 2068 304.
385 2004 507 2057 Extremo
524 2021 603 2056 anno.
618 2004 709 2058 Menae
724 2005 770 2056 Ja-
814 2004 922 2069 borem,
935 2003 962 2055 id
975 2015 1030 2068 art,
1041 2002 1165 2073 migravit
1173 2002 1202 2052 in
1213 2017 1314 2072 purpu-

271 2083 383 2146 nunno,
396 2083 442 2151 qui
458 2093 499 2133 eat
514 2081 693 2152 penultimus:
708 2101 770 2135 nam
815 2101 880 2135 ram.
892 2083 961 2135 Serv.

270 2173 302 2213 ut
311 2162 390 2213 etiarn
400 2162 428 2212 in
438 2163 524 2232 primo
535 2159 662 2214 diximus:
675 2163 710 2214 Ut
718 2165 772 2235 pri·
851 2162 911 2215 308.
921 2162 1030 2214 Deterior
1041 2160 1102 2211 binc
1114 2159 1218 2212 suboles.
1231 2160 1313 2210 Binoe

271 2242 321 2294 mis
336 2241 464 2314 extemplo
480 2262 495 2292 a
509 2243 634 2296 mensibus
653 2243 718 2294 atini
727 2281 736 2308 ,
755 2262 772 2296 a
816 2243 886 2296 enim
894 2255 920 2294 et
927 2243 1080 2314 trigeminos
1087 2239 1196 2312 pariunt
1203 2236 1313 2308 capellae

272 2321 370 2374 Martio
398 2339 488 2374 menae
516 2321 661 2374 inchoabat
687 2339 771 2374 annua
816 2320 982 2393 plerumque.
996 2319 1066 2373 Serv.

272 2400 345 2474 apud
355 2402 477 2469 majores.
486 2401 555 2472 Ergo
565 2413 676 2454 extremo
686 2419 770 2466 anno,
851 2402 911 2454 310.
924 2401 1054 2453 flumina.
1072 2396 1225 2469 Legendum
1238 2397 1314 2448 ubera

273 2493 389 2534 extrema
404 2494 480 2551 parte
496 2482 567 2532 anni.
585 2480 654 2534 Serv.
672 2511 706 2521 -
722 2481 772 2532 llic
817 2501 847 2534 ex
865 2495 930 2534 nota
943 2481 1032 2533 Gifan.
1047 2481 1074 2533 in
1090 2479 1261 2530 Lucretium:
1277 2476 1315 2526 ita

273 2573 414 2613 extremum
432 2579 532 2612 atinum
546 2562 596 2612 auh
612 2561 723 2631 Aquarii
738 2561 772 2610 ai·
817 2561 896 2613 etiam
909 2560 1087 2632 legitSerriua
1099 2556 1203 2610 Daniel.
1214 2554 1314 2622 Quile·

273 2640 337 2692 tlere
346 2637 476 2700 collocat;
489 2651 518 2688 ut
528 2640 591 2708 quia
602 2641 703 2709 primur
713 2655 772 2690 naa·
816 2652 882 2710 gunt
885 2637 1018 2715 flumina,
1029 2637 1140 2690 multum
1151 2636 1269 2688 afferunt
1277 2633 1315 2686 le·

275 2717 358 2770 cantis
374 2714 509 2768 annidies
526 2715 560 2766 ab
575 2716 645 2780 *urbe
664 2714 773 2767 condita
816 2720 899 2788 poris.
914 2718 1001 2770 centn

274 2795 335 2848 Kal.
346 2795 449 2846 Martiis
461 2795 527 2856 tuit,
540 2793 602 2846 inde
612 2794 772 2846 Februarius
852 2797 882 2847 31
891 2813 912 2847 r.
925 2797 1027 2848 Barbas.
1040 2795 1082 2846 Sic
1092 2794 1126 2848 de
1135 2792 1316 2866 quadrupedi·

273 2875 383 2927 ultimus
395 2874 458 2925 anni
467 2871 617 2924 baberetur.
626 2873 772 2944 Aquarium
816 2875 867 2928 boa
879 2891 957 2926 anam
969 2873 1106 2926 bominum
1116 2873 1228 2925 barbam
1237 2891 1318 2926 voca·

275 2967 364 3007 autem
382 2951 458 3004 multi
474 2950 653 3023 Ganymedem
669 2951 771 3004 volunt.
817 2973 884 3008 mut.
901 2956 1002 3006 Incana
1019 2968 1108 3007 autern
1124 2953 1189 3008 (licit
1204 2956 1317 3008 nimium

274 3032 393 3106 Philary.
816 3054 890 3088 cana.
901 3035 1012 3088 Sani.-
1021 3035 1059 3086 lta
1072 3037 1099 3086 in
1109 3035 1144 3087 vt
1154 3057 1160 3086 ι
1172 3035 1319 3107 incanaque

311 3113 371 3166 306.
384 3109 487 3164 Milesia
500 3109 611 3166 Vellera-
625 3109 703 3162 118⁰oe
712 3129 772 3180 pre·
817 3127 904 3182 menta
926 3115 1000 3188 Reqis
1024 3115 1143 3168 Romani.
1168 3112 1318 3167 Columella

274 3190 774 3246 iiotitslmte:namMiletusclvllateat
818 3212 880 3248 naua
891 3194 943 3249 hac
955 3213 1021 3247 voce
1031 3196 1110 3247 etiam
1123 3196 1149 3245 in
1159 3193 1197 3246 lle
1208 3193 1319 3244 Rustica
1355 3230 1360 3246 .

275 3275 357 3337 Asiae,
370 3271 417 3324 ubi
428 3273 566 3344 tinguntur
578 3271 644 3324 lanae
652 3273 773 3343 optima:
816 3274 863 3328 lib.
876 3275 950 3343 Vffl,
964 3291 994 3336 23
1007 3274 1119 3345 loquens
1132 3272 1165 3324 do
1179 3269 1318 3323 Gallorum

275 3354 335 3424 lptle
345 3353 371 3403 ln
383 3364 479 3422 quarto
486 3351 583 3422 Georg.
595 3373 601 3402 ι
612 3350 715 3403 Milesia
725 3349 775 3402 vel·
818 3357 906 3408 avium
916 3356 1003 3406 notis:
1019 3354 1123 3425 :Paleae
1138 3371 1170 3406 e}
1185 3351 1265 3404 rutilo
1279 3351 1318 3403 al..

276 3431 329 3483 lera
344 3427 466 3500 nymphoe
481 3429 625 3501 carpebant·
641 3430 734 3483 Cicero
747 3430 775 3480 iu
822 3435 963 3488 «bicantes
974 3433 1047 3486 velut
1058 3435 1159 3485 incana
1171 3431 1261 3484 barboe
1270 3429 1318 3484 de·

275 3509 403 3560 Verrem:
417 3507 481 3579 quid
492 3528 507 3558 a
521 3507 629 3560 Milesiis
643 3507 711 3560 lanoe
723 3527 775 3561 sats-
823 3513 968 3590 inpendent.
981 3536 992 3560 ιι

276 3587 372 3639 helerii.
398 3585 469 3637 Serv.
491 3615 524 3625 --
547 3585 650 3637 Milesia
671 3587 774 3641 vellera.
855 3596 915 3647 312.
935 3593 1065 3665 Cinyphii,
1079 3590 1191 3658 eatuli,
1208 3609 1223 3644 ῃ
1241 3589 1318 3663 Ciny.

275 3666 346 3719 ovea
359 3663 459 3728 Mileti,
471 3680 502 3713 ac
514 3662 623 3731 periodo
635 3664 734 3717 vallera
748 3668 775 3720 in
821 3672 875 3744 plio
890 3671 997 3724 flumine
1012 3671 1144 3736 Gaetulia,
1160 3670 1188 3723 id
1205 3682 1260 3735 eat,
1276 3670 1318 3722 Li-

276 3761 374 3816 maqno
389 3743 491 3812 pretio:
505 3741 605 3793 vellera
619 3745 657 3796 sic
674 3744 774 3800 dictaa
820 3751 885 3824 hya.
900 3751 940 3802 lbi
951 3751 1023 3803 velut
1037 3753 1065 3802 in
1081 3748 1189 3816 cilicia,
1205 3748 1318 3820 Phrygia

277 3821 409 3879 vellend0·
821 3843 846 3884 et
858 3831 936 3902 Lycia
949 3829 1055 3882 hirsutae
1069 3831 1176 3883 fuerunt
1192 3827 1317 3897 capellae,

311 3907 372 3975 307·
394 3902 421 3956 V
418 3899 496 3954 allero
515 3912 653 3954 mutentur.
672 3904 776 3976 lugenti
821 3927 888 3980 quaa
900 3927 970 3960 nunc
983 3908 1095 3960 dicimus
1107 3908 1268 3978 Augurina,
1282 3907 1318 3957 ab

278 3986 777 4059 pretiocomparenturmamapudmn.
820 3989 946 4058 Angorn,
964 3987 1026 4039 olim
1050 3991 1153 4058 Ancyra
1172 3982 1315 4055 appellata.

276 4072 361 4138 jorae,
373 4081 451 4117 omne
463 4065 663 4116 mercimonium
676 4067 704 4118 in
714 4085 776 4137 per·
822 4069 853 4124 V.
865 4065 1168 4122 c.-T0nden12utem
1180 4077 1317 4137 pactores,
