<?xml version="1.0" encoding="UTF-8"?>
<!DOCTYPE html PUBLIC "-//W3C//DTD XHTML 1.0 Transitional//EN"
    "http://www.w3.org/TR/xhtml1/DTD/xhtml1-transitional.dtd">
<html xmlns="http://www.w3.org/1999/xhtml" xml:lang="en" lang="en">
 <head>
  <title>
</title>
<meta http-equiv="Content-Type" content="text/html;charset=utf-8" />
  <meta name='ocr-system' content='tesseract 3.04.00' />
  <meta name='ocr-capabilities' content='ocr_page ocr_carea ocr_par ocr_line ocrx_word'/>
</head>
<body>
  <div class='ocr_page' id='page_1' title='image "./pvirgiliusmaroq04barbgoog_0138.png"; bbox 0 0 2986 4694; ppageno 0'>
   <div class='ocr_carea' id='block_1_1' title="bbox 287 364 1076 438">
    <p class='ocr_par' dir='ltr' id='par_1_1' title="bbox 287 364 1076 438">
     <span class='ocr_line' id='line_1_1' title="bbox 287 364 1076 438; baseline 0.001 -2"><span class='ocrx_word' id='word_1_1' title='bbox 287 373 347 438; x_wconf 80' lang='lat'>132</span> <span class='ocrx_word' id='word_1_2' title='bbox 528 366 563 429; x_wconf 92' lang='lat' dir='ltr'>P.</span> <span class='ocrx_word' id='word_1_3' title='bbox 586 364 818 431; x_wconf 86' lang='lat' dir='ltr'>VIRGlLll</span> <span class='ocrx_word' id='word_1_4' title='bbox 841 367 1076 437; x_wconf 82' lang='lat' dir='ltr'>MX‘RONIS</span> 
     </span>
    </p>
   </div>
   <div class='ocr_carea' id='block_1_2' title="bbox 280 487 1329 1109">
    <p class='ocr_par' dir='ltr' id='par_1_2' title="bbox 281 487 1060 581">
     <span class='ocr_line' id='line_1_2' title="bbox 281 487 1060 581; baseline -0.001 -21"><span class='ocrx_word' id='word_1_5' title='bbox 281 489 467 581; x_wconf 77' lang='lat' dir='ltr'>Frigidulos</span> <span class='ocrx_word' id='word_1_6' title='bbox 479 487 592 554; x_wconf 87' lang='lat' dir='ltr'>cubito</span> <span class='ocrx_word' id='word_1_7' title='bbox 605 488 739 555; x_wconf 81' lang='lat' dir='ltr'>subnixa</span> <span class='ocrx_word' id='word_1_8' title='bbox 754 489 915 578; x_wconf 85' lang='lat' dir='ltr'>pependit</span> <span class='ocrx_word' id='word_1_9' title='bbox 927 493 1060 559; x_wconf 87' lang='lat' dir='ltr'><strong>ocellos.</strong></span> 
     </span>
    </p>

    <p class='ocr_par' dir='ltr' id='par_1_3' title="bbox 281 593 1094 680">
     <span class='ocr_line' id='line_1_3' title="bbox 281 593 1094 680; baseline -0.001 -15"><span class='ocrx_word' id='word_1_10' title='bbox 281 602 416 665; x_wconf 85' lang='lat' dir='ltr'>Postera</span> <span class='ocrx_word' id='word_1_11' title='bbox 426 595 482 658; x_wconf 82' lang='lat' dir='ltr'>lux</span> <span class='ocrx_word' id='word_1_12' title='bbox 495 593 552 658; x_wconf 92' lang='lat' dir='ltr'>ubi</span> <span class='ocrx_word' id='word_1_13' title='bbox 564 595 637 660; x_wconf 86' lang='lat' dir='ltr'>laeta</span> <span class='ocrx_word' id='word_1_14' title='bbox 649 593 738 660; x_wconf 88' lang='lat' dir='ltr'>diem</span> <span class='ocrx_word' id='word_1_15' title='bbox 752 596 945 664; x_wconf 80' lang='lat' dir='ltr'><strong>mortalibus</strong></span> <span class='ocrx_word' id='word_1_16' title='bbox 957 599 1094 680; x_wconf 87' lang='lat' dir='ltr'>almum,</span> 
     </span>
    </p>

    <p class='ocr_par' dir='ltr' id='par_1_4' title="bbox 280 701 1329 1004">
     <span class='ocr_line' id='line_1_4' title="bbox 280 701 1329 792; baseline 0 -22"><span class='ocrx_word' id='word_1_17' title='bbox 280 707 321 770; x_wconf 90' lang='lat' dir='ltr'>Et</span> <span class='ocrx_word' id='word_1_18' title='bbox 332 701 442 792; x_wconf 77' lang='lat' dir='ltr'>gelido</span> <span class='ocrx_word' id='word_1_19' title='bbox 454 702 590 766; x_wconf 82' lang='lat' dir='ltr'>veniens</span> <span class='ocrx_word' id='word_1_20' title='bbox 602 703 690 766; x_wconf 83' lang='lat' dir='ltr'>mani</span> <span class='ocrx_word' id='word_1_21' title='bbox 703 702 1039 790; x_wconf 76' lang='lat' dir='ltr'>quatiebatabOEtn3</span> <span class='ocrx_word' id='word_1_22' title='bbox 1277 721 1329 770; x_wconf 71' lang='lat'>3⁵0</span> 
     </span>
     <span class='ocr_line' id='line_1_5' title="bbox 280 806 1172 901; baseline 0.002 -27"><span class='ocrx_word' id='word_1_23' title='bbox 280 813 389 894; x_wconf 83' lang='lat' dir='ltr'>Quem</span> <span class='ocrx_word' id='word_1_24' title='bbox 401 806 528 898; x_wconf 85' lang='lat' dir='ltr'>pavidae</span> <span class='ocrx_word' id='word_1_25' title='bbox 539 808 673 872; x_wconf 85' lang='lat' dir='ltr'>alternis</span> <span class='ocrx_word' id='word_1_26' title='bbox 686 809 828 896; x_wconf 80' lang='lat' dir='ltr'>fugitant</span> <span class='ocrx_word' id='word_1_27' title='bbox 840 826 1022 901; x_wconf 85' lang='lat' dir='ltr'>optantque</span> <span class='ocrx_word' id='word_1_28' title='bbox 1034 811 1153 900; x_wconf 71' lang='lat' dir='ltr'>puellae</span> <span class='ocrx_word' id='word_1_29' title='bbox 1165 836 1172 876; x_wconf 93' lang='lat'>:</span> 
     </span>
     <span class='ocr_line' id='line_1_6' title="bbox 281 912 1064 1004; baseline -0.003 -24"><span class='ocrx_word' id='word_1_30' title='bbox 281 915 481 1004; x_wconf 89' lang='lat' dir='ltr'>Hesperium</span> <span class='ocrx_word' id='word_1_31' title='bbox 494 913 610 992; x_wconf 85' lang='lat' dir='ltr'>vitant,</span> <span class='ocrx_word' id='word_1_32' title='bbox 625 929 741 1001; x_wconf 89' lang='lat' dir='ltr'>optant</span> <span class='ocrx_word' id='word_1_33' title='bbox 752 912 924 1000; x_wconf 83' lang='lat' dir='ltr'>ardescere</span> <span class='ocrx_word' id='word_1_34' title='bbox 936 915 1064 980; x_wconf 91' lang='lat' dir='ltr'>Solem:</span> 
     </span>
    </p>

    <p class='ocr_par' dir='ltr' id='par_1_5' title="bbox 281 1019 997 1109">
     <span class='ocr_line' id='line_1_7' title="bbox 281 1019 997 1109; baseline 0.001 -24"><span class='ocrx_word' id='word_1_35' title='bbox 281 1021 456 1109; x_wconf 76' lang='lat' dir='ltr'>Praeceptis</span> <span class='ocrx_word' id='word_1_36' title='bbox 468 1035 560 1108; x_wconf 85' lang='lat' dir='ltr'>paret</span> <span class='ocrx_word' id='word_1_37' title='bbox 571 1019 665 1106; x_wconf 80' lang='lat' dir='ltr'>virgo</span> <span class='ocrx_word' id='word_1_38' title='bbox 677 1019 829 1098; x_wconf 89' lang='lat' dir='ltr'>nutricis,</span> <span class='ocrx_word' id='word_1_39' title='bbox 844 1036 877 1084; x_wconf 91' lang='lat' dir='ltr'>et</span> <span class='ocrx_word' id='word_1_40' title='bbox 889 1022 997 1086; x_wconf 87' lang='lat' dir='ltr'>omnis</span> 
     </span>
    </p>
   </div>
   <div class='ocr_carea' id='block_1_3' title="bbox 268 1207 1331 3817">
    <p class='ocr_par' dir='ltr' id='par_1_6' title="bbox 268 1207 1331 3817">
     <span class='ocr_line' id='line_1_8' title="bbox 280 1207 1329 1271; baseline 0.001 -13"><span class='ocrx_word' id='word_1_41' title='bbox 280 1212 406 1264; x_wconf 86' lang='lat' dir='ltr'>morieutt&#39;s,</span> <span class='ocrx_word' id='word_1_42' title='bbox 421 1207 516 1254; x_wconf 82' lang='lat' dir='ltr'>delendi</span> <span class='ocrx_word' id='word_1_43' title='bbox 526 1207 586 1255; x_wconf 84' lang='lat' dir='ltr'>forte</span> <span class='ocrx_word' id='word_1_44' title='bbox 600 1219 684 1270; x_wconf 84' lang='lat' dir='ltr'>potest.</span> <span class='ocrx_word' id='word_1_45' title='bbox 695 1209 804 1256; x_wconf 83' lang='lat' dir='ltr'>Heinsius</span> <span class='ocrx_word' id='word_1_46' title='bbox 816 1221 894 1255; x_wconf 71' lang='lat' dir='ltr'>tanen</span> <span class='ocrx_word' id='word_1_47' title='bbox 905 1221 979 1256; x_wconf 82' lang='lat' dir='ltr'>tentat</span> <span class='ocrx_word' id='word_1_48' title='bbox 993 1211 1056 1256; x_wconf 83' lang='lat' dir='ltr'>varie</span> <span class='ocrx_word' id='word_1_49' title='bbox 1066 1227 1072 1256; x_wconf 79' lang='lat' dir='ltr'>z</span> <span class='ocrx_word' id='word_1_50' title='bbox 1084 1215 1193 1268; x_wconf 73' lang='lat' dir='ltr'>rorentis,</span> <span class='ocrx_word' id='word_1_51' title='bbox 1203 1216 1329 1271; x_wconf 73' lang='lat' dir='ltr'>moenntt&#39;s,</span> 
     </span>
     <span class='ocr_line' id='line_1_9' title="bbox 279 1278 1327 1344; baseline 0.001 -15"><span class='ocrx_word' id='word_1_52' title='bbox 279 1285 407 1329; x_wconf 68' lang='lat' dir='ltr'>prementis.</span> <span class='ocrx_word' id='word_1_53' title='bbox 417 1280 473 1326; x_wconf 81' lang='lat' dir='ltr'>idox</span> <span class='ocrx_word' id='word_1_54' title='bbox 483 1279 565 1325; x_wconf 70' lang='lat' dir='ltr'>culitis</span> <span class='ocrx_word' id='word_1_55' title='bbox 573 1296 616 1326; x_wconf 88' lang='lat' dir='ltr'>ms.</span> <span class='ocrx_word' id='word_1_56' title='bbox 628 1278 697 1326; x_wconf 79' lang='lat' dir='ltr'>Baril.</span> <span class='ocrx_word' id='word_1_57' title='bbox 711 1305 741 1315; x_wconf 89' lang='lat'><em>—</em></span> <span class='ocrx_word' id='word_1_58' title='bbox 751 1279 804 1342; x_wconf 66' lang='grc'>349.</span> <span class='ocrx_word' id='word_1_59' title='bbox 820 1281 944 1344; x_wconf 77' lang='lat' dir='ltr'>corrupti,-</span> <span class='ocrx_word' id='word_1_60' title='bbox 957 1293 980 1327; x_wconf 87' lang='lat' dir='ltr'>et</span> <span class='ocrx_word' id='word_1_61' title='bbox 994 1280 1128 1344; x_wconf 88' lang='lat' dir='ltr'>interpolati</span> <span class='ocrx_word' id='word_1_62' title='bbox 1142 1285 1225 1330; x_wconf 75' lang='lat' dir='ltr'>mttere</span> <span class='ocrx_word' id='word_1_63' title='bbox 1239 1296 1327 1330; x_wconf 79' lang='lat' dir='ltr'>versus.</span> 
     </span>
     <span class='ocr_line' id='line_1_10' title="bbox 279 1350 1329 1402; baseline -0.003 1"><span class='ocrx_word' id='word_1_64' title='bbox 279 1355 316 1402; x_wconf 76' lang='lat' dir='ltr'>Ad</span> <span class='ocrx_word' id='word_1_65' title='bbox 324 1354 395 1402; x_wconf 83' lang='lat' dir='ltr'>rerba</span> <span class='ocrx_word' id='word_1_66' title='bbox 404 1353 498 1398; x_wconf 77' lang='lat' dir='ltr'>Postera</span> <span class='ocrx_word' id='word_1_67' title='bbox 507 1350 548 1396; x_wconf 77' lang='lat' dir='ltr'>tax</span> <span class='ocrx_word' id='word_1_68' title='bbox 560 1351 598 1397; x_wconf 79' lang='lat' dir='ltr'>uhi</span> <span class='ocrx_word' id='word_1_69' title='bbox 609 1350 662 1397; x_wconf 78' lang='lat' dir='ltr'>leto</span> <span class='ocrx_word' id='word_1_70' title='bbox 671 1354 730 1397; x_wconf 84' lang='lat' dir='ltr'>diem</span> <span class='ocrx_word' id='word_1_71' title='bbox 742 1351 873 1400; x_wconf 78' lang='lat' dir='ltr'>morthlt&#39;bus</span> <span class='ocrx_word' id='word_1_72' title='bbox 881 1351 967 1398; x_wconf 80' lang='lat' dir='ltr'>ulmum</span> <span class='ocrx_word' id='word_1_73' title='bbox 978 1353 1044 1399; x_wconf 78' lang='lat' dir='ltr'>deest</span> <span class='ocrx_word' id='word_1_74' title='bbox 1055 1369 1099 1400; x_wconf 80' lang='lat' dir='ltr'>ror</span> <span class='ocrx_word' id='word_1_75' title='bbox 1108 1353 1243 1400; x_wconf 77' lang='lat' dir='ltr'>Exotlitvel</span> <span class='ocrx_word' id='word_1_76' title='bbox 1252 1355 1329 1400; x_wconf 76' lang='lat' dir='ltr'>Extre-</span> 
     </span>
     <span class='ocr_line' id='line_1_11' title="bbox 279 1417 1329 1487; baseline -0.003 -15"><span class='ocrx_word' id='word_1_77' title='bbox 279 1424 343 1472; x_wconf 79' lang='lat' dir='ltr'>lerut.</span> <span class='ocrx_word' id='word_1_78' title='bbox 354 1425 433 1470; x_wconf 86' lang='lat' dir='ltr'>lleins.</span> <span class='ocrx_word' id='word_1_79' title='bbox 443 1420 506 1480; x_wconf 87' lang='lat' dir='ltr'>conj.</span> <span class='ocrx_word' id='word_1_80' title='bbox 518 1419 558 1464; x_wconf 82' lang='lat' dir='ltr'>lux</span> <span class='ocrx_word' id='word_1_81' title='bbox 569 1417 641 1475; x_wconf 82' lang='lat' dir='ltr'>elata,</span> <span class='ocrx_word' id='word_1_82' title='bbox 653 1418 743 1474; x_wconf 73' lang='lat' dir='ltr'>obluta5</span> <span class='ocrx_word' id='word_1_83' title='bbox 754 1419 835 1466; x_wconf 83' lang='lat' dir='ltr'>saltem</span> <span class='ocrx_word' id='word_1_84' title='bbox 846 1421 900 1466; x_wconf 89' lang='lat' dir='ltr'>deh.</span> <span class='ocrx_word' id='word_1_85' title='bbox 917 1430 1029 1467; x_wconf 74' lang='lat' dir='ltr'>evectu...</span> <span class='ocrx_word' id='word_1_86' title='bbox 1041 1421 1073 1466; x_wconf 87' lang='lat' dir='ltr'>Ut</span> <span class='ocrx_word' id='word_1_87' title='bbox 1082 1439 1104 1487; x_wconf 74' lang='lat'>9.</span> <span class='ocrx_word' id='word_1_88' title='bbox 1117 1447 1148 1458; x_wconf 89' lang='lat'>-</span> <span class='ocrx_word' id='word_1_89' title='bbox 1157 1423 1210 1468; x_wconf 82' lang='lat'>350.</span> <span class='ocrx_word' id='word_1_90' title='bbox 1228 1427 1329 1470; x_wconf 67' lang='lat' dir='ltr'>vestime</span> 
     </span>
     <span class='ocr_line' id='line_1_12' title="bbox 278 1489 1329 1555; baseline -0.002 -14"><span class='ocrx_word' id='word_1_91' title='bbox 278 1511 344 1542; x_wconf 82' lang='lat' dir='ltr'>matre</span> <span class='ocrx_word' id='word_1_92' title='bbox 353 1493 413 1540; x_wconf 88' lang='lat' dir='ltr'>male</span> <span class='ocrx_word' id='word_1_93' title='bbox 425 1502 481 1538; x_wconf 81' lang='lat' dir='ltr'>vett.</span> <span class='ocrx_word' id='word_1_94' title='bbox 492 1489 547 1534; x_wconf 89' lang='lat' dir='ltr'>edd.</span> <span class='ocrx_word' id='word_1_95' title='bbox 557 1506 611 1536; x_wconf 88' lang='lat' dir='ltr'>cum</span> <span class='ocrx_word' id='word_1_96' title='bbox 619 1505 662 1536; x_wconf 84' lang='lat' dir='ltr'>ms.</span> <span class='ocrx_word' id='word_1_97' title='bbox 673 1489 742 1536; x_wconf 83' lang='lat' dir='ltr'>Basil.</span> <span class='ocrx_word' id='word_1_98' title='bbox 758 1491 789 1535; x_wconf 85' lang='lat' dir='ltr'>Et</span> <span class='ocrx_word' id='word_1_99' title='bbox 796 1491 871 1554; x_wconf 72' lang='lat' dir='ltr'>qeltda</span> <span class='ocrx_word' id='word_1_100' title='bbox 882 1493 982 1537; x_wconf 64' lang='lat' dir='ltr'>ueniente</span> <span class='ocrx_word' id='word_1_101' title='bbox 991 1489 1046 1536; x_wconf 83' lang='lat' dir='ltr'>milri</span> <span class='ocrx_word' id='word_1_102' title='bbox 1057 1490 1109 1536; x_wconf 81' lang='lat' dir='ltr'>Ald.</span> <span class='ocrx_word' id='word_1_103' title='bbox 1125 1491 1218 1555; x_wconf 80' lang='lat' dir='ltr'>qult&#39;do</span> <span class='ocrx_word' id='word_1_104' title='bbox 1229 1505 1278 1538; x_wconf 82' lang='lat' dir='ltr'>etse</span> <span class='ocrx_word' id='word_1_105' title='bbox 1289 1493 1329 1540; x_wconf 85' lang='lat' dir='ltr'>le-</span> 
     </span>
     <span class='ocr_line' id='line_1_13' title="bbox 278 1559 1329 1631; baseline -0.004 -17"><span class='ocrx_word' id='word_1_106' title='bbox 278 1567 383 1631; x_wconf 65' lang='lat' dir='ltr'>gendum</span> <span class='ocrx_word' id='word_1_107' title='bbox 398 1561 500 1624; x_wconf 73' lang='lat' dir='ltr'>Scaliger</span> <span class='ocrx_word' id='word_1_108' title='bbox 511 1563 601 1606; x_wconf 86' lang='lat' dir='ltr'>monuit</span> <span class='ocrx_word' id='word_1_109' title='bbox 612 1576 618 1604; x_wconf 81' lang='lat' dir='ltr'>z</span> <span class='ocrx_word' id='word_1_110' title='bbox 631 1573 657 1606; x_wconf 90' lang='lat' dir='ltr'>ut</span> <span class='ocrx_word' id='word_1_111' title='bbox 671 1562 700 1606; x_wconf 82' lang='lat' dir='ltr'>eit</span> <span class='ocrx_word' id='word_1_112' title='bbox 711 1560 836 1606; x_wconf 76' lang='lat' dir='ltr'>verborum</span> <span class='ocrx_word' id='word_1_113' title='bbox 848 1563 958 1624; x_wconf 83' lang='lat' dir='ltr'>junctura</span> <span class='ocrx_word' id='word_1_114' title='bbox 974 1559 1040 1608; x_wconf 75' lang='lat' dir='ltr'>haec:</span> <span class='ocrx_word' id='word_1_115' title='bbox 1057 1561 1096 1607; x_wconf 82' lang='lat' dir='ltr'>ubi</span> <span class='ocrx_word' id='word_1_116' title='bbox 1106 1572 1197 1626; x_wconf 81' lang='lat' dir='ltr'>postem</span> <span class='ocrx_word' id='word_1_117' title='bbox 1210 1563 1250 1608; x_wconf 76' lang='lat' dir='ltr'>lux</span> <span class='ocrx_word' id='word_1_118' title='bbox 1264 1563 1329 1622; x_wconf 74' lang='lat' dir='ltr'>teu,</span> 
     </span>
     <span class='ocr_line' id='line_1_14' title="bbox 278 1629 1330 1699; baseline 0 -15"><span class='ocrx_word' id='word_1_119' title='bbox 278 1641 369 1684; x_wconf 81' lang='lat' dir='ltr'>ueniens</span> <span class='ocrx_word' id='word_1_120' title='bbox 381 1649 446 1679; x_wconf 77' lang='lat' dir='ltr'>mne</span> <span class='ocrx_word' id='word_1_121' title='bbox 463 1629 547 1694; x_wconf 75' lang='lat' dir='ltr'>eqelt&#39;do</span> <span class='ocrx_word' id='word_1_122' title='bbox 559 1631 588 1676; x_wconf 83' lang='lat' dir='ltr'>ab</span> <span class='ocrx_word' id='word_1_123' title='bbox 603 1631 665 1675; x_wconf 80' lang='lat' dir='ltr'>OEtu</span> <span class='ocrx_word' id='word_1_124' title='bbox 678 1631 794 1694; x_wconf 81' lang='lat' dir='ltr'>queu&#39;ebat</span> <span class='ocrx_word' id='word_1_125' title='bbox 810 1632 868 1677; x_wconf 77' lang='lat' dir='ltr'>dlem</span> <span class='ocrx_word' id='word_1_126' title='bbox 884 1631 977 1678; x_wconf 84' lang='lat' dir='ltr'>almum.</span> <span class='ocrx_word' id='word_1_127' title='bbox 993 1635 1074 1680; x_wconf 85' lang='lat' dir='ltr'>Tenue</span> <span class='ocrx_word' id='word_1_128' title='bbox 1086 1647 1163 1682; x_wconf 89' lang='lat' dir='ltr'>tamen</span> <span class='ocrx_word' id='word_1_129' title='bbox 1176 1650 1199 1682; x_wconf 86' lang='grc' dir='ltr'>ει</span> <span class='ocrx_word' id='word_1_130' title='bbox 1210 1637 1247 1681; x_wconf 82' lang='lat' dir='ltr'>vit</span> <span class='ocrx_word' id='word_1_131' title='bbox 1259 1650 1330 1699; x_wconf 83' lang='lat' dir='ltr'>poeta</span> 
     </span>
     <span class='ocr_line' id='line_1_15' title="bbox 278 1701 1330 1772; baseline 0.003 -21"><span class='ocrx_word' id='word_1_132' title='bbox 278 1710 376 1772; x_wconf 67' lang='lat' dir='ltr'>dignum</span> <span class='ocrx_word' id='word_1_133' title='bbox 388 1701 481 1768; x_wconf 75' lang='lat' dir='ltr'>qulido</span> <span class='ocrx_word' id='word_1_134' title='bbox 490 1717 555 1747; x_wconf 84' lang='lat' dir='ltr'>mane</span> <span class='ocrx_word' id='word_1_135' title='bbox 563 1701 602 1749; x_wconf 80' lang='lat' dir='ltr'>rel</span> <span class='ocrx_word' id='word_1_136' title='bbox 614 1705 682 1748; x_wconf 84' lang='lat' dir='ltr'>marri.</span> <span class='ocrx_word' id='word_1_137' title='bbox 695 1703 798 1750; x_wconf 82' lang='lat' dir='ltr'>Gronov.</span> <span class='ocrx_word' id='word_1_138' title='bbox 812 1702 841 1749; x_wconf 83' lang='lat' dir='ltr'>ad</span> <span class='ocrx_word' id='word_1_139' title='bbox 852 1706 907 1750; x_wconf 87' lang='lat' dir='ltr'>Seu.</span> <span class='ocrx_word' id='word_1_140' title='bbox 922 1705 990 1751; x_wconf 84' lang='lat' dir='ltr'>llere.</span> <span class='ocrx_word' id='word_1_141' title='bbox 1005 1705 1051 1750; x_wconf 85' lang='lat' dir='ltr'>lur.</span> <span class='ocrx_word' id='word_1_142' title='bbox 1067 1705 1109 1752; x_wconf 81' lang='lat'>132</span> <span class='ocrx_word' id='word_1_143' title='bbox 1122 1706 1143 1750; x_wconf 81' lang='lat' dir='ltr'>Il</span> <span class='ocrx_word' id='word_1_144' title='bbox 1150 1703 1228 1770; x_wconf 74' lang='lat' dir='ltr'>pelarqo</span> <span class='ocrx_word' id='word_1_145' title='bbox 1239 1711 1330 1754; x_wconf 79' lang='lat' dir='ltr'>veniens</span> 
     </span>
     <span class='ocr_line' id='line_1_16' title="bbox 277 1772 1329 1841; baseline -0.002 -15"><span class='ocrx_word' id='word_1_146' title='bbox 277 1795 367 1828; x_wconf 83' lang='lat' dir='ltr'>summo</span> <span class='ocrx_word' id='word_1_147' title='bbox 378 1793 400 1841; x_wconf 86' lang='lat' dir='ltr'>q.</span> <span class='ocrx_word' id='word_1_148' title='bbox 422 1776 450 1820; x_wconf 77' lang='lat' dir='ltr'>At</span> <span class='ocrx_word' id='word_1_149' title='bbox 462 1775 541 1820; x_wconf 86' lang='lat' dir='ltr'>licius.</span> <span class='ocrx_word' id='word_1_150' title='bbox 557 1772 652 1838; x_wconf 72' lang='lat' dir='ltr'>chttda</span> <span class='ocrx_word' id='word_1_151' title='bbox 662 1778 752 1821; x_wconf 80' lang='lat' dir='ltr'>ueniens</span> <span class='ocrx_word' id='word_1_152' title='bbox 758 1778 855 1839; x_wconf 75' lang='lat' dir='ltr'>jamjam</span> <span class='ocrx_word' id='word_1_153' title='bbox 866 1793 889 1840; x_wconf 80' lang='lat' dir='ltr'>q.</span> <span class='ocrx_word' id='word_1_154' title='bbox 896 1811 903 1832; x_wconf 99' lang='lat'>,</span> <span class='ocrx_word' id='word_1_155' title='bbox 916 1790 956 1823; x_wconf 88' lang='lat' dir='ltr'>aut</span> <span class='ocrx_word' id='word_1_156' title='bbox 968 1777 1066 1824; x_wconf 84' lang='lat' dir='ltr'>Occiduo</span> <span class='ocrx_word' id='word_1_157' title='bbox 1077 1794 1098 1822; x_wconf 88' lang='grc' dir='ltr'>υ.</span> <span class='ocrx_word' id='word_1_158' title='bbox 1112 1779 1149 1823; x_wconf 91' lang='lat' dir='ltr'>Jo.</span> <span class='ocrx_word' id='word_1_159' title='bbox 1162 1777 1284 1825; x_wconf 78' lang='lat' dir='ltr'>Schrader.</span> <span class='ocrx_word' id='word_1_160' title='bbox 1297 1779 1329 1824; x_wconf 77' lang='lat' dir='ltr'>Er</span> 
     </span>
     <span class='ocr_line' id='line_1_17' title="bbox 276 1829 1329 1915; baseline -0.003 -18"><span class='ocrx_word' id='word_1_161' title='bbox 276 1849 350 1915; x_wconf 69' lang='lat' dir='ltr'>polida</span> <span class='ocrx_word' id='word_1_162' title='bbox 361 1849 423 1892; x_wconf 85' lang='lat' dir='ltr'>Eous</span> <span class='ocrx_word' id='word_1_163' title='bbox 432 1848 522 1892; x_wconf 77' lang='lat' dir='ltr'>venietis</span> <span class='ocrx_word' id='word_1_164' title='bbox 533 1862 556 1909; x_wconf 80' lang='lat' dir='ltr'>q.</span> <span class='ocrx_word' id='word_1_165' title='bbox 569 1847 632 1892; x_wconf 87' lang='lat' dir='ltr'>Bene</span> <span class='ocrx_word' id='word_1_166' title='bbox 641 1861 666 1891; x_wconf 88' lang='lat' dir='ltr'>se</span> <span class='ocrx_word' id='word_1_167' title='bbox 676 1845 747 1891; x_wconf 86' lang='lat' dir='ltr'>habet</span> <span class='ocrx_word' id='word_1_168' title='bbox 754 1845 790 1892; x_wconf 81' lang='lat' dir='ltr'>sol</span> <span class='ocrx_word' id='word_1_169' title='bbox 798 1848 895 1892; x_wconf 78' lang='lat' dir='ltr'>veniens</span> <span class='ocrx_word' id='word_1_170' title='bbox 905 1846 934 1892; x_wconf 76' lang='lat' dir='ltr'>ab</span> <span class='ocrx_word' id='word_1_171' title='bbox 944 1829 1014 1903; x_wconf 57' lang='lat' dir='ltr'>(Em</span> <span class='ocrx_word' id='word_1_172' title='bbox 1023 1846 1054 1894; x_wconf 85' lang='lat' dir='ltr'>de</span> <span class='ocrx_word' id='word_1_173' title='bbox 1064 1863 1110 1909; x_wconf 84' lang='lat' dir='ltr'>qua</span> <span class='ocrx_word' id='word_1_174' title='bbox 1119 1847 1190 1903; x_wconf 84' lang='lat' dir='ltr'>OEta,</span> <span class='ocrx_word' id='word_1_175' title='bbox 1202 1861 1226 1895; x_wconf 88' lang='lat' dir='ltr'>et</span> <span class='ocrx_word' id='word_1_176' title='bbox 1237 1861 1289 1894; x_wconf 89' lang='lat' dir='ltr'>ortu</span> <span class='ocrx_word' id='word_1_177' title='bbox 1299 1863 1329 1895; x_wconf 81' lang='lat' dir='ltr'>ex</span> 
     </span>
     <span class='ocr_line' id='line_1_18' title="bbox 278 1915 1327 1974; baseline -0.004 -6"><span class='ocrx_word' id='word_1_178' title='bbox 278 1937 305 1967; x_wconf 86' lang='lat' dir='ltr'>ea</span> <span class='ocrx_word' id='word_1_179' title='bbox 316 1919 363 1968; x_wconf 81' lang='lat' dir='ltr'>vid.</span> <span class='ocrx_word' id='word_1_180' title='bbox 372 1917 402 1964; x_wconf 85' lang='lat' dir='ltr'>ad</span> <span class='ocrx_word' id='word_1_181' title='bbox 411 1915 459 1962; x_wconf 78' lang='lat' dir='ltr'>Bel.</span> <span class='ocrx_word' id='word_1_182' title='bbox 467 1917 530 1972; x_wconf 87' lang='lat' dir='ltr'>VIII,</span> <span class='ocrx_word' id='word_1_183' title='bbox 537 1917 574 1972; x_wconf 72' lang='lat'>303</span> <span class='ocrx_word' id='word_1_184' title='bbox 581 1919 605 1962; x_wconf 91' lang='lat' dir='ltr'>in</span> <span class='ocrx_word' id='word_1_185' title='bbox 615 1915 690 1963; x_wconf 88' lang='lat' dir='ltr'>Culic.</span> <span class='ocrx_word' id='word_1_186' title='bbox 701 1932 752 1963; x_wconf 81' lang='lat' dir='ltr'>roa.</span> <span class='ocrx_word' id='word_1_187' title='bbox 763 1918 843 1966; x_wconf 82' lang='lat' dir='ltr'>lleint.</span> <span class='ocrx_word' id='word_1_188' title='bbox 854 1916 1041 1964; x_wconf 81' lang='lat' dir='ltr'>laudatanneh.</span> <span class='ocrx_word' id='word_1_189' title='bbox 1049 1917 1107 1964; x_wconf 81' lang='lat' dir='ltr'>Adv.</span> <span class='ocrx_word' id='word_1_190' title='bbox 1117 1918 1218 1974; x_wconf 81' lang='lat' dir='ltr'>XXVIII,</span> <span class='ocrx_word' id='word_1_191' title='bbox 1229 1934 1253 1966; x_wconf 90' lang='lat' dir='ltr'>at</span> <span class='ocrx_word' id='word_1_192' title='bbox 1260 1955 1264 1965; x_wconf 91' lang='lat'><em>.</em></span> <span class='ocrx_word' id='word_1_193' title='bbox 1272 1923 1327 1968; x_wconf 85' lang='lat' dir='ltr'>Seu.</span> 
     </span>
     <span class='ocr_line' id='line_1_19' title="bbox 277 1986 1328 2046; baseline -0.001 -10"><span class='ocrx_word' id='word_1_194' title='bbox 277 1992 346 2038; x_wconf 85' lang='lat' dir='ltr'>llere.</span> <span class='ocrx_word' id='word_1_195' title='bbox 357 1989 403 2035; x_wconf 82' lang='lat' dir='ltr'>fur.</span> <span class='ocrx_word' id='word_1_196' title='bbox 415 1989 423 2046; x_wconf 87' lang='grc'><strong>(</strong></span> <span class='ocrx_word' id='word_1_197' title='bbox 434 1987 484 2033; x_wconf 80' lang='grc'>131.</span> <span class='ocrx_word' id='word_1_198' title='bbox 499 1987 539 2033; x_wconf 87' lang='grc'>133</span> <span class='ocrx_word' id='word_1_199' title='bbox 549 1989 556 2046; x_wconf 73' lang='lat' dir='ltr'>l</span> <span class='ocrx_word' id='word_1_200' title='bbox 567 1999 590 2033; x_wconf 87' lang='lat' dir='ltr'>et</span> <span class='ocrx_word' id='word_1_201' title='bbox 599 1986 649 2033; x_wconf 75' lang='lat' dir='ltr'>suti</span> <span class='ocrx_word' id='word_1_202' title='bbox 662 1989 763 2034; x_wconf 79' lang='lat' dir='ltr'>ledum</span> <span class='ocrx_word' id='word_1_203' title='bbox 772 1987 835 2036; x_wconf 81' lang='lat' dir='ltr'>clerc</span> <span class='ocrx_word' id='word_1_204' title='bbox 848 1989 895 2034; x_wconf 78' lang='lat' dir='ltr'>dier</span> <span class='ocrx_word' id='word_1_205' title='bbox 904 2004 993 2035; x_wconf 81' lang='lat' dir='ltr'>summe</span> <span class='ocrx_word' id='word_1_206' title='bbox 1005 1987 1117 2034; x_wconf 69' lang='lat' dir='ltr'>tueatur</span> <span class='ocrx_word' id='word_1_207' title='bbox 1128 1992 1151 2033; x_wconf 87' lang='lat' dir='ltr'>t&#39;tt</span> <span class='ocrx_word' id='word_1_208' title='bbox 1163 1989 1224 2036; x_wconf 82' lang='lat' dir='ltr'>OEtc</span> <span class='ocrx_word' id='word_1_209' title='bbox 1236 1991 1328 2036; x_wconf 80' lang='lat' dir='ltr'>Hercu·</span> 
     </span>
     <span class='ocr_line' id='line_1_20' title="bbox 278 2058 1330 2125; baseline -0.004 -15"><span class='ocrx_word' id='word_1_210' title='bbox 278 2063 309 2110; x_wconf 84' lang='lat' dir='ltr'>lei</span> <span class='ocrx_word' id='word_1_211' title='bbox 323 2068 466 2108; x_wconf 81' lang='lat' dir='ltr'>mortumento</span> <span class='ocrx_word' id='word_1_212' title='bbox 482 2062 531 2124; x_wconf 74' lang='lat' dir='ltr'>roqi</span> <span class='ocrx_word' id='word_1_213' title='bbox 547 2058 605 2119; x_wconf 86' lang='lat' dir='ltr'>(lib.</span> <span class='ocrx_word' id='word_1_214' title='bbox 616 2061 660 2116; x_wconf 87' lang='lat' dir='ltr'>VI,</span> <span class='ocrx_word' id='word_1_215' title='bbox 673 2059 718 2118; x_wconf 68' lang='lat'>452</span> <span class='ocrx_word' id='word_1_216' title='bbox 728 2062 744 2119; x_wconf 86' lang='lat'>).</span> <span class='ocrx_word' id='word_1_217' title='bbox 764 2063 793 2107; x_wconf 82' lang='lat' dir='ltr'>At</span> <span class='ocrx_word' id='word_1_218' title='bbox 808 2071 901 2125; x_wconf 75' lang='lat' dir='ltr'>quatere</span> <span class='ocrx_word' id='word_1_219' title='bbox 916 2061 974 2106; x_wconf 73' lang='lat' dir='ltr'>diem</span> <span class='ocrx_word' id='word_1_220' title='bbox 986 2060 1105 2125; x_wconf 83' lang='lat' dir='ltr'>quomodo</span> <span class='ocrx_word' id='word_1_221' title='bbox 1117 2060 1205 2107; x_wconf 86' lang='lat' dir='ltr'>dictum</span> <span class='ocrx_word' id='word_1_222' title='bbox 1219 2064 1261 2117; x_wconf 82' lang='lat' dir='ltr'>rit,</span> <span class='ocrx_word' id='word_1_223' title='bbox 1279 2075 1330 2107; x_wconf 89' lang='lat' dir='ltr'>nou</span> 
     </span>
     <span class='ocr_line' id='line_1_21' title="bbox 277 2127 1331 2194; baseline -0.004 -13"><span class='ocrx_word' id='word_1_224' title='bbox 277 2135 333 2181; x_wconf 83' lang='lat' dir='ltr'>satis</span> <span class='ocrx_word' id='word_1_225' title='bbox 344 2133 419 2194; x_wconf 88' lang='lat' dir='ltr'>capio.</span> <span class='ocrx_word' id='word_1_226' title='bbox 432 2131 455 2175; x_wconf 89' lang='lat' dir='ltr'>Si</span> <span class='ocrx_word' id='word_1_227' title='bbox 467 2128 497 2176; x_wconf 91' lang='lat' dir='ltr'>de</span> <span class='ocrx_word' id='word_1_228' title='bbox 509 2127 568 2194; x_wconf 72' lang='lat' dir='ltr'>Solis</span> <span class='ocrx_word' id='word_1_229' title='bbox 581 2131 648 2193; x_wconf 84' lang='lat' dir='ltr'>cquis</span> <span class='ocrx_word' id='word_1_230' title='bbox 659 2142 780 2192; x_wconf 77' lang='lat' dir='ltr'>ageretur,</span> <span class='ocrx_word' id='word_1_231' title='bbox 791 2133 808 2176; x_wconf 89' lang='lat' dir='ltr'>ii</span> <span class='ocrx_word' id='word_1_232' title='bbox 819 2144 913 2193; x_wconf 74' lang='lat' dir='ltr'>possem</span> <span class='ocrx_word' id='word_1_233' title='bbox 922 2146 990 2176; x_wconf 83' lang='lat' dir='ltr'>cursu</span> <span class='ocrx_word' id='word_1_234' title='bbox 1000 2133 1075 2194; x_wconf 81' lang='lat' dir='ltr'>quati,</span> <span class='ocrx_word' id='word_1_235' title='bbox 1086 2141 1112 2175; x_wconf 88' lang='lat' dir='ltr'>nt</span> <span class='ocrx_word' id='word_1_236' title='bbox 1126 2132 1169 2176; x_wconf 86' lang='lat' dir='ltr'>Ge.</span> <span class='ocrx_word' id='word_1_237' title='bbox 1181 2131 1224 2188; x_wconf 91' lang='lat' dir='ltr'>lll,</span> <span class='ocrx_word' id='word_1_238' title='bbox 1240 2132 1293 2186; x_wconf 82' lang='lat'>132,</span> <span class='ocrx_word' id='word_1_239' title='bbox 1305 2142 1331 2177; x_wconf 88' lang='lat' dir='ltr'>et</span> 
     </span>
     <span class='ocr_line' id='line_1_22' title="bbox 276 2201 1330 2267; baseline -0.002 -17"><span class='ocrx_word' id='word_1_240' title='bbox 276 2204 329 2252; x_wconf 73' lang='lat' dir='ltr'>cal.</span> <span class='ocrx_word' id='word_1_241' title='bbox 345 2219 389 2265; x_wconf 79' lang='lat'>²⁰9</span> <span class='ocrx_word' id='word_1_242' title='bbox 403 2204 454 2247; x_wconf 83' lang='lat' dir='ltr'>Jcm</span> <span class='ocrx_word' id='word_1_243' title='bbox 468 2204 577 2264; x_wconf 76' lang='lat' dir='ltr'>quatit...</span> <span class='ocrx_word' id='word_1_244' title='bbox 590 2216 659 2265; x_wconf 74' lang='lat' dir='ltr'>equos</span> <span class='ocrx_word' id='word_1_245' title='bbox 672 2203 726 2248; x_wconf 84' lang='lat' dir='ltr'>Nox</span> <span class='ocrx_word' id='word_1_246' title='bbox 731 2219 740 2256; x_wconf 93' lang='lat'>‚·</span> <span class='ocrx_word' id='word_1_247' title='bbox 756 2213 779 2247; x_wconf 88' lang='lat' dir='ltr'>et</span> <span class='ocrx_word' id='word_1_248' title='bbox 793 2203 879 2248; x_wconf 74' lang='lat' dir='ltr'>huson.</span> <span class='ocrx_word' id='word_1_249' title='bbox 894 2203 936 2264; x_wconf 86' lang='lat' dir='ltr'>Ep.</span> <span class='ocrx_word' id='word_1_250' title='bbox 951 2202 982 2246; x_wconf 89' lang='lat' dir='ltr'>tv</span> <span class='ocrx_word' id='word_1_251' title='bbox 994 2202 1047 2246; x_wconf 77' lang='lat' dir='ltr'>Iam</span> <span class='ocrx_word' id='word_1_252' title='bbox 1058 2201 1201 2248; x_wconf 76' lang='lat' dir='ltr'>succedentes</span> <span class='ocrx_word' id='word_1_253' title='bbox 1214 2201 1330 2267; x_wconf 74' lang='lat' dir='ltr'>quatiebat</span> 
     </span>
     <span class='ocr_line' id='line_1_23' title="bbox 276 2272 1330 2341; baseline -0.002 -21"><span class='ocrx_word' id='word_1_254' title='bbox 276 2278 342 2324; x_wconf 77' lang='lat' dir='ltr'>Lana</span> <span class='ocrx_word' id='word_1_255' title='bbox 355 2281 472 2341; x_wconf 77' lang='lat' dir='ltr'>juvencos.</span> <span class='ocrx_word' id='word_1_256' title='bbox 491 2272 591 2319; x_wconf 88' lang='lat' dir='ltr'>Videtur</span> <span class='ocrx_word' id='word_1_257' title='bbox 603 2272 692 2318; x_wconf 85' lang='lat' dir='ltr'>dictum</span> <span class='ocrx_word' id='word_1_258' title='bbox 708 2287 752 2334; x_wconf 91' lang='lat' dir='ltr'>pro</span> <span class='ocrx_word' id='word_1_259' title='bbox 769 2272 883 2336; x_wconf 73' lang='lat' dir='ltr'>simplici,</span> <span class='ocrx_word' id='word_1_260' title='bbox 902 2289 1009 2330; x_wconf 88' lang='lat' dir='ltr'>movere,</span> <span class='ocrx_word' id='word_1_261' title='bbox 1030 2273 1143 2336; x_wconf 82' lang='lat' dir='ltr'>prolerre.</span> <span class='ocrx_word' id='word_1_262' title='bbox 1164 2275 1209 2334; x_wconf 85' lang='lat' dir='ltr'>Qui</span> <span class='ocrx_word' id='word_1_263' title='bbox 1226 2274 1330 2336; x_wconf 68' lang='lat' dir='ltr'>argutari</span> 
     </span>
     <span class='ocr_line' id='line_1_24' title="bbox 276 2341 1330 2409; baseline -0.004 -15"><span class='ocrx_word' id='word_1_264' title='bbox 276 2347 339 2403; x_wconf 83' lang='lat' dir='ltr'>vult,</span> <span class='ocrx_word' id='word_1_265' title='bbox 352 2348 422 2394; x_wconf 84' lang='lat' dir='ltr'>ctiam</span> <span class='ocrx_word' id='word_1_266' title='bbox 436 2342 561 2390; x_wconf 86' lang='lat' dir='ltr'>tremulum</span> <span class='ocrx_word' id='word_1_267' title='bbox 573 2341 654 2388; x_wconf 88' lang='lat' dir='ltr'>lumen</span> <span class='ocrx_word' id='word_1_268' title='bbox 668 2343 793 2404; x_wconf 74' lang='lat' dir='ltr'>significari</span> <span class='ocrx_word' id='word_1_269' title='bbox 805 2343 876 2389; x_wconf 87' lang='lat' dir='ltr'>dicat.</span> <span class='ocrx_word' id='word_1_270' title='bbox 888 2344 996 2390; x_wconf 83' lang='lat' dir='ltr'>Occurrit</span> <span class='ocrx_word' id='word_1_271' title='bbox 1006 2360 1101 2406; x_wconf 87' lang='lat' dir='ltr'>quoqne</span> <span class='ocrx_word' id='word_1_272' title='bbox 1110 2343 1162 2390; x_wconf 86' lang='lat' dir='ltr'>Cul.</span> <span class='ocrx_word' id='word_1_273' title='bbox 1172 2343 1201 2401; x_wconf 71' lang='lat' dir='ltr'>da</span> <span class='ocrx_word' id='word_1_274' title='bbox 1213 2344 1330 2409; x_wconf 71' lang='lat' dir='ltr'>quatiebat</span> 
     </span>
     <span class='ocr_line' id='line_1_25' title="bbox 278 2412 1330 2478; baseline -0.006 -14"><span class='ocrx_word' id='word_1_275' title='bbox 278 2416 362 2464; x_wconf 73' lang='lat' dir='ltr'>lunum</span> <span class='ocrx_word' id='word_1_276' title='bbox 372 2414 418 2464; x_wconf 86' lang='lat' dir='ltr'>Sol.</span> <span class='ocrx_word' id='word_1_277' title='bbox 429 2413 509 2460; x_wconf 84' lang='lat' dir='ltr'>Malim</span> <span class='ocrx_word' id='word_1_278' title='bbox 520 2425 597 2460; x_wconf 86' lang='lat' dir='ltr'>tamen</span> <span class='ocrx_word' id='word_1_279' title='bbox 607 2412 644 2460; x_wconf 83' lang='lat' dir='ltr'>rel</span> <span class='ocrx_word' id='word_1_280' title='bbox 654 2415 686 2460; x_wconf 85' lang='lat' dir='ltr'>sic</span> <span class='ocrx_word' id='word_1_281' title='bbox 696 2413 789 2458; x_wconf 64' lang='lat' dir='ltr'>dium...</span> <span class='ocrx_word' id='word_1_282' title='bbox 801 2413 921 2478; x_wconf 76' lang='lat' dir='ltr'>spurqebut</span> <span class='ocrx_word' id='word_1_283' title='bbox 928 2413 956 2460; x_wconf 78' lang='lat' dir='ltr'>ab</span> <span class='ocrx_word' id='word_1_284' title='bbox 967 2413 1035 2460; x_wconf 82' lang='lat' dir='ltr'>OEtc.</span> <span class='ocrx_word' id='word_1_285' title='bbox 1045 2413 1137 2460; x_wconf 81' lang='lat' dir='ltr'>Wahel&#39;.</span> <span class='ocrx_word' id='word_1_286' title='bbox 1148 2414 1178 2460; x_wconf 85' lang='lat' dir='ltr'>ad</span> <span class='ocrx_word' id='word_1_287' title='bbox 1188 2416 1280 2462; x_wconf 81' lang='lat' dir='ltr'>lucret.</span> <span class='ocrx_word' id='word_1_288' title='bbox 1288 2415 1330 2471; x_wconf 83' lang='lat' dir='ltr'>tv,</span> 
     </span>
     <span class='ocr_line' id='line_1_26' title="bbox 276 2483 1329 2546; baseline -0.003 -12"><span class='ocrx_word' id='word_1_289' title='bbox 276 2485 331 2544; x_wconf 73' lang='lat' dir='ltr'>doh.</span> <span class='ocrx_word' id='word_1_290' title='bbox 348 2506 357 2527; x_wconf 79' lang='grc' dir='ltr'>ι</span> <span class='ocrx_word' id='word_1_291' title='bbox 367 2502 404 2532; x_wconf 91' lang='lat' dir='ltr'>me</span> <span class='ocrx_word' id='word_1_292' title='bbox 411 2484 451 2530; x_wconf 90' lang='lat' dir='ltr'>hic</span> <span class='ocrx_word' id='word_1_293' title='bbox 461 2498 554 2546; x_wconf 71' lang='lat' dir='ltr'>magnas</span> <span class='ocrx_word' id='word_1_294' title='bbox 563 2483 642 2528; x_wconf 79' lang='lat' dir='ltr'>turbae</span> <span class='ocrx_word' id='word_1_295' title='bbox 651 2498 745 2529; x_wconf 84' lang='lat' dir='ltr'>movere</span> <span class='ocrx_word' id='word_1_296' title='bbox 753 2485 785 2528; x_wconf 89' lang='lat' dir='ltr'>ait</span> <span class='ocrx_word' id='word_1_297' title='bbox 792 2483 822 2529; x_wconf 89' lang='lat' dir='ltr'>de</span> <span class='ocrx_word' id='word_1_298' title='bbox 832 2483 908 2529; x_wconf 80' lang='lat' dir='ltr'>nIhilo</span> <span class='ocrx_word' id='word_1_299' title='bbox 917 2505 927 2525; x_wconf 77' lang='grc' dir='ltr'>ι</span> <span class='ocrx_word' id='word_1_300' title='bbox 941 2483 1074 2530; x_wconf 85' lang='lat' dir='ltr'>Clementer</span> <span class='ocrx_word' id='word_1_301' title='bbox 1083 2484 1150 2531; x_wconf 82' lang='lat' dir='ltr'>vero!</span> <span class='ocrx_word' id='word_1_302' title='bbox 1164 2484 1240 2532; x_wconf 84' lang='lat' dir='ltr'>Velim</span> <span class='ocrx_word' id='word_1_303' title='bbox 1250 2497 1329 2531; x_wconf 86' lang='lat' dir='ltr'>tamen</span> 
     </span>
     <span class='ocr_line' id='line_1_27' title="bbox 278 2552 1329 2618; baseline -0.001 -14"><span class='ocrx_word' id='word_1_304' title='bbox 278 2557 396 2604; x_wconf 82' lang='lat' dir='ltr'>docuIsset</span> <span class='ocrx_word' id='word_1_305' title='bbox 406 2558 442 2602; x_wconf 75' lang='lat' dir='ltr'>vir</span> <span class='ocrx_word' id='word_1_306' title='bbox 451 2554 551 2610; x_wconf 83' lang='lat' dir='ltr'>doctus,</span> <span class='ocrx_word' id='word_1_307' title='bbox 568 2569 637 2614; x_wconf 87' lang='lat' dir='ltr'>quam</span> <span class='ocrx_word' id='word_1_308' title='bbox 654 2552 819 2599; x_wconf 86' lang='lat' dir='ltr'>benedicatur</span> <span class='ocrx_word' id='word_1_309' title='bbox 835 2555 881 2600; x_wconf 85' lang='lat' dir='ltr'>dt&#39;es</span> <span class='ocrx_word' id='word_1_310' title='bbox 890 2565 984 2618; x_wconf 78' lang='lat' dir='ltr'>quatere</span> <span class='ocrx_word' id='word_1_311' title='bbox 999 2553 1078 2600; x_wconf 80' lang='lat' dir='ltr'>lucem.</span> <span class='ocrx_word' id='word_1_312' title='bbox 1098 2556 1199 2613; x_wconf 79' lang='lat' dir='ltr'>Aurora,</span> <span class='ocrx_word' id='word_1_313' title='bbox 1213 2555 1329 2614; x_wconf 81' lang='lat' dir='ltr'>Phoebus,</span> 
     </span>
     <span class='ocr_line' id='line_1_28' title="bbox 277 2624 1329 2692; baseline 0 -20"><span class='ocrx_word' id='word_1_314' title='bbox 277 2631 362 2692; x_wconf 75' lang='lat' dir='ltr'>spnryit</span> <span class='ocrx_word' id='word_1_315' title='bbox 372 2626 457 2679; x_wconf 86' lang='lat' dir='ltr'>lucem,</span> <span class='ocrx_word' id='word_1_316' title='bbox 469 2639 517 2669; x_wconf 93' lang='lat' dir='ltr'>non</span> <span class='ocrx_word' id='word_1_317' title='bbox 528 2626 608 2687; x_wconf 81' lang='lat' dir='ltr'>quatit.</span> <span class='ocrx_word' id='word_1_318' title='bbox 622 2624 732 2682; x_wconf 87' lang='lat' dir='ltr'>Quatitur</span> <span class='ocrx_word' id='word_1_319' title='bbox 743 2625 793 2680; x_wconf 63' lang='lat' dir='ltr'>fan</span> <span class='ocrx_word' id='word_1_320' title='bbox 806 2637 828 2670; x_wconf 89' lang='lat' dir='ltr'>at</span> <span class='ocrx_word' id='word_1_321' title='bbox 840 2626 887 2672; x_wconf 82' lang='lat' dir='ltr'>dies</span> <span class='ocrx_word' id='word_1_322' title='bbox 896 2641 944 2671; x_wconf 88' lang='lat' dir='ltr'>non</span> <span class='ocrx_word' id='word_1_323' title='bbox 955 2625 1114 2690; x_wconf 85' lang='lat' dir='ltr'>hahetfncem.</span> <span class='ocrx_word' id='word_1_324' title='bbox 1127 2629 1162 2673; x_wconf 88' lang='lat' dir='ltr'>lta</span> <span class='ocrx_word' id='word_1_325' title='bbox 1171 2628 1219 2674; x_wconf 83' lang='lat' dir='ltr'>vidi</span> <span class='ocrx_word' id='word_1_326' title='bbox 1230 2642 1329 2674; x_wconf 79' lang='lat' dir='ltr'>sexcen-</span> 
     </span>
     <span class='ocr_line' id='line_1_29' title="bbox 278 2693 1330 2760; baseline 0.002 -17"><span class='ocrx_word' id='word_1_327' title='bbox 278 2699 322 2743; x_wconf 83' lang='lat' dir='ltr'>ties</span> <span class='ocrx_word' id='word_1_328' title='bbox 332 2695 379 2743; x_wconf 91' lang='lat' dir='ltr'>alto</span> <span class='ocrx_word' id='word_1_329' title='bbox 388 2693 515 2757; x_wconf 85' lang='lat' dir='ltr'>supercilio</span> <span class='ocrx_word' id='word_1_330' title='bbox 526 2695 619 2739; x_wconf 82' lang='lat' dir='ltr'>criticos</span> <span class='ocrx_word' id='word_1_331' title='bbox 631 2705 722 2739; x_wconf 79' lang='lat' dir='ltr'>nostros</span> <span class='ocrx_word' id='word_1_332' title='bbox 732 2694 857 2756; x_wconf 73' lang='lat' dir='ltr'>objurgare</span> <span class='ocrx_word' id='word_1_333' title='bbox 868 2712 907 2752; x_wconf 88' lang='lat' dir='ltr'>ea,</span> <span class='ocrx_word' id='word_1_334' title='bbox 920 2699 945 2741; x_wconf 93' lang='lat' dir='ltr'>iu</span> <span class='ocrx_word' id='word_1_335' title='bbox 955 2697 1040 2759; x_wconf 87' lang='lat' dir='ltr'>quibus</span> <span class='ocrx_word' id='word_1_336' title='bbox 1052 2699 1096 2760; x_wconf 84' lang='lat' dir='ltr'>ipsi</span> <span class='ocrx_word' id='word_1_337' title='bbox 1106 2700 1188 2745; x_wconf 84' lang='lat' dir='ltr'>mirere</span> <span class='ocrx_word' id='word_1_338' title='bbox 1198 2697 1330 2745; x_wconf 82' lang='lat' dir='ltr'>halluciua·</span> 
     </span>
     <span class='ocr_line' id='line_1_30' title="bbox 278 2762 1330 2830; baseline 0.002 -16"><span class='ocrx_word' id='word_1_339' title='bbox 278 2769 371 2814; x_wconf 82' lang='lat' dir='ltr'>bantur.</span> <span class='ocrx_word' id='word_1_340' title='bbox 384 2767 477 2825; x_wconf 85' lang='lat' dir='ltr'>Quanto</span> <span class='ocrx_word' id='word_1_341' title='bbox 489 2762 573 2809; x_wconf 78' lang='lat' dir='ltr'>melius</span> <span class='ocrx_word' id='word_1_342' title='bbox 583 2775 645 2817; x_wconf 88' lang='lat' dir='ltr'>crat,</span> <span class='ocrx_word' id='word_1_343' title='bbox 656 2762 763 2810; x_wconf 83' lang='lat' dir='ltr'>modeste</span> <span class='ocrx_word' id='word_1_344' title='bbox 772 2764 880 2812; x_wconf 87' lang='lat' dir='ltr'>monere!</span> <span class='ocrx_word' id='word_1_345' title='bbox 892 2768 950 2825; x_wconf 80' lang='lat' dir='ltr'>Quae</span> <span class='ocrx_word' id='word_1_346' title='bbox 961 2781 1092 2830; x_wconf 77' lang='lat' dir='ltr'>sequuntur</span> <span class='ocrx_word' id='word_1_347' title='bbox 1101 2787 1123 2815; x_wconf 82' lang='lat' dir='ltr'>v.</span> <span class='ocrx_word' id='word_1_348' title='bbox 1138 2770 1190 2816; x_wconf 86' lang='grc'>351.</span> <span class='ocrx_word' id='word_1_349' title='bbox 1203 2770 1247 2816; x_wconf 80' lang='lat'>352</span> <span class='ocrx_word' id='word_1_350' title='bbox 1257 2784 1330 2816; x_wconf 87' lang='lat' dir='ltr'>orna·</span> 
     </span>
     <span class='ocr_line' id='line_1_31' title="bbox 277 2833 1329 2904; baseline 0.001 -20"><span class='ocrx_word' id='word_1_351' title='bbox 277 2850 357 2884; x_wconf 88' lang='lat' dir='ltr'>menta</span> <span class='ocrx_word' id='word_1_352' title='bbox 374 2847 441 2891; x_wconf 75' lang='lat' dir='ltr'>runt,</span> <span class='ocrx_word' id='word_1_353' title='bbox 458 2836 483 2880; x_wconf 90' lang='lat' dir='ltr'>in</span> <span class='ocrx_word' id='word_1_354' title='bbox 500 2833 586 2896; x_wconf 81' lang='lat' dir='ltr'>quibua</span> <span class='ocrx_word' id='word_1_355' title='bbox 599 2846 675 2896; x_wconf 71' lang='lat' dir='ltr'>poetae</span> <span class='ocrx_word' id='word_1_356' title='bbox 683 2833 801 2894; x_wconf 85' lang='lat' dir='ltr'>judicium</span> <span class='ocrx_word' id='word_1_357' title='bbox 819 2835 944 2882; x_wconf 84' lang='lat' dir='ltr'>desidero:</span> <span class='ocrx_word' id='word_1_358' title='bbox 963 2839 1008 2882; x_wconf 81' lang='lat' dir='ltr'>nisi</span> <span class='ocrx_word' id='word_1_359' title='bbox 1022 2837 1112 2888; x_wconf 79' lang='lat' dir='ltr'>lacmiae</span> <span class='ocrx_word' id='word_1_360' title='bbox 1128 2854 1182 2887; x_wconf 90' lang='lat' dir='ltr'>suut</span> <span class='ocrx_word' id='word_1_361' title='bbox 1196 2857 1210 2886; x_wconf 91' lang='lat' dir='ltr'>e</span> <span class='ocrx_word' id='word_1_362' title='bbox 1225 2844 1329 2904; x_wconf 69' lang='lat' dir='ltr'>margine</span> 
     </span>
     <span class='ocr_line' id='line_1_32' title="bbox 278 2903 1329 2966; baseline 0.005 -12"><span class='ocrx_word' id='word_1_363' title='bbox 278 2907 414 2954; x_wconf 74' lang='lat' dir='ltr'>murcelle</span> <span class='ocrx_word' id='word_1_364' title='bbox 429 2904 532 2965; x_wconf 87' lang='lat' dir='ltr'>llespero</span> <span class='ocrx_word' id='word_1_365' title='bbox 544 2913 611 2948; x_wconf 87' lang='lat' dir='ltr'>acute</span> <span class='ocrx_word' id='word_1_366' title='bbox 621 2903 668 2948; x_wconf 88' lang='lat' dir='ltr'>dici</span> <span class='ocrx_word' id='word_1_367' title='bbox 678 2915 781 2965; x_wconf 86' lang='lat' dir='ltr'>poterat,</span> <span class='ocrx_word' id='word_1_368' title='bbox 797 2918 831 2961; x_wconf 91' lang='lat' dir='ltr'>et,</span> <span class='ocrx_word' id='word_1_369' title='bbox 846 2908 865 2952; x_wconf 89' lang='lat' dir='ltr'>si</span> <span class='ocrx_word' id='word_1_370' title='bbox 880 2906 940 2952; x_wconf 89' lang='lat' dir='ltr'>bene</span> <span class='ocrx_word' id='word_1_371' title='bbox 954 2910 1064 2966; x_wconf 88' lang='lat' dir='ltr'>memini,</span> <span class='ocrx_word' id='word_1_372' title='bbox 1078 2910 1167 2956; x_wconf 88' lang='lat' dir='ltr'>dictum</span> <span class='ocrx_word' id='word_1_373' title='bbox 1182 2924 1237 2958; x_wconf 78' lang='lat' dir='ltr'>erte</span> <span class='ocrx_word' id='word_1_374' title='bbox 1250 2923 1329 2958; x_wconf 83' lang='lat' dir='ltr'>vetere</span> 
     </span>
     <span class='ocr_line' id='line_1_33' title="bbox 273 2971 1328 3042; baseline 0.002 -18"><span class='ocrx_word' id='word_1_375' title='bbox 273 2989 347 3042; x_wconf 86' lang='lat' dir='ltr'>pocta</span> <span class='ocrx_word' id='word_1_376' title='bbox 358 2979 408 3036; x_wconf 84' lang='lat' dir='ltr'>(est</span> <span class='ocrx_word' id='word_1_377' title='bbox 419 2976 439 3020; x_wconf 83' lang='lat' dir='ltr'>is</span> <span class='ocrx_word' id='word_1_378' title='bbox 448 2971 603 3018; x_wconf 87' lang='lat' dir='ltr'>Callimachus</span> <span class='ocrx_word' id='word_1_379' title='bbox 612 2973 693 3034; x_wconf 70' lang='lat' dir='ltr'>fragm.</span> <span class='ocrx_word' id='word_1_380' title='bbox 703 2974 742 3018; x_wconf 89' lang='lat' dir='ltr'>Lll</span> <span class='ocrx_word' id='word_1_381' title='bbox 752 2972 823 3022; x_wconf 69' lang='grc' dir='ltr'>αὑτὸν</span> <span class='ocrx_word' id='word_1_382' title='bbox 830 2972 873 3036; x_wconf 71' lang='lat' dir='ltr'>,uir</span> <span class='ocrx_word' id='word_1_383' title='bbox 885 2973 985 3034; x_wconf 67' lang='lat' dir='ltr'>eraioer&#39;</span> <span class='ocrx_word' id='word_1_384' title='bbox 991 3009 999 3031; x_wconf 93' lang='lat'>,</span> <span class='ocrx_word' id='word_1_385' title='bbox 1009 2974 1078 3026; x_wconf 68' lang='lat' dir='ltr'>atrii</span> <span class='ocrx_word' id='word_1_386' title='bbox 1091 2977 1113 3025; x_wconf 78' lang='lat' dir='ltr'>di</span> <span class='ocrx_word' id='word_1_387' title='bbox 1123 2995 1148 3027; x_wconf 75' lang='lat' dir='ltr'>rt</span> <span class='ocrx_word' id='word_1_388' title='bbox 1158 2975 1276 3042; x_wconf 72' lang='lat' dir='ltr'>mepr‘ewr</span> <span class='ocrx_word' id='word_1_389' title='bbox 1282 3011 1290 3034; x_wconf 91' lang='lat'>‚</span> <span class='ocrx_word' id='word_1_390' title='bbox 1300 2993 1328 3026; x_wconf 88' lang='lat' dir='ltr'>ut</span> 
     </span>
     <span class='ocr_line' id='line_1_34' title="bbox 276 3042 1329 3114; baseline 0.005 -23"><span class='ocrx_word' id='word_1_391' title='bbox 276 3047 302 3095; x_wconf 81' lang='lat' dir='ltr'>h.</span> <span class='ocrx_word' id='word_1_392' title='bbox 315 3047 332 3093; x_wconf 93' lang='lat' dir='ltr'>l.</span> <span class='ocrx_word' id='word_1_393' title='bbox 346 3046 418 3106; x_wconf 84' lang='lat' dir='ltr'>Quem</span> <span class='ocrx_word' id='word_1_394' title='bbox 426 3061 449 3110; x_wconf 87' lang='lat' dir='ltr'>p.</span> <span class='ocrx_word' id='word_1_395' title='bbox 460 3045 467 3104; x_wconf 78' lang='lat'>)</span> <span class='ocrx_word' id='word_1_396' title='bbox 479 3060 484 3090; x_wconf 90' lang='lat'>:</span> <span class='ocrx_word' id='word_1_397' title='bbox 498 3042 571 3102; x_wconf 82' lang='lat' dir='ltr'>Quem</span> <span class='ocrx_word' id='word_1_398' title='bbox 582 3045 671 3106; x_wconf 79' lang='lat' dir='ltr'>pavide</span> <span class='ocrx_word' id='word_1_399' title='bbox 683 3042 777 3090; x_wconf 80' lang='lat' dir='ltr'>cltemt&#39;e</span> <span class='ocrx_word' id='word_1_400' title='bbox 784 3043 880 3110; x_wconf 75' lang='lat' dir='ltr'>fuqt&#39;unt</span> <span class='ocrx_word' id='word_1_401' title='bbox 890 3055 1012 3112; x_wconf 82' lang='lat' dir='ltr'>optantque</span> <span class='ocrx_word' id='word_1_402' title='bbox 1024 3047 1107 3112; x_wconf 76' lang='lat' dir='ltr'>puelle</span> <span class='ocrx_word' id='word_1_403' title='bbox 1117 3067 1125 3096; x_wconf 91' lang='lat'><em>:</em></span> <span class='ocrx_word' id='word_1_404' title='bbox 1135 3062 1244 3112; x_wconf 84' lang='lat' dir='ltr'>respectu</span> <span class='ocrx_word' id='word_1_405' title='bbox 1257 3065 1329 3114; x_wconf 80' lang='lat' dir='ltr'>spou-</span> 
     </span>
     <span class='ocr_line' id='line_1_35' title="bbox 276 3113 1328 3186; baseline 0.002 -20"><span class='ocrx_word' id='word_1_406' title='bbox 276 3135 353 3168; x_wconf 84' lang='lat' dir='ltr'>rarum</span> <span class='ocrx_word' id='word_1_407' title='bbox 365 3118 396 3164; x_wconf 90' lang='lat' dir='ltr'>ad</span> <span class='ocrx_word' id='word_1_408' title='bbox 406 3131 516 3180; x_wconf 85' lang='lat' dir='ltr'>sponsum</span> <span class='ocrx_word' id='word_1_409' title='bbox 529 3113 737 3161; x_wconf 86' lang='lat' dir='ltr'>deducendarum:</span> <span class='ocrx_word' id='word_1_410' title='bbox 749 3132 797 3180; x_wconf 88' lang='lat' dir='ltr'>quo</span> <span class='ocrx_word' id='word_1_411' title='bbox 807 3116 891 3164; x_wconf 84' lang='lat' dir='ltr'>Catulli</span> <span class='ocrx_word' id='word_1_412' title='bbox 904 3116 963 3165; x_wconf 90' lang='lat' dir='ltr'>illud</span> <span class='ocrx_word' id='word_1_413' title='bbox 974 3131 1079 3182; x_wconf 85' lang='lat' dir='ltr'>spectat:</span> <span class='ocrx_word' id='word_1_414' title='bbox 1094 3123 1206 3184; x_wconf 70' lang='lat' dir='ltr'>Hespero,</span> <span class='ocrx_word' id='word_1_415' title='bbox 1222 3125 1263 3186; x_wconf 82' lang='lat' dir='ltr'>qui</span> <span class='ocrx_word' id='word_1_416' title='bbox 1273 3121 1328 3168; x_wconf 82' lang='lat' dir='ltr'>coelo</span> 
     </span>
     <span class='ocr_line' id='line_1_36' title="bbox 268 3183 1327 3256; baseline 0.003 -20"><span class='ocrx_word' id='word_1_417' title='bbox 268 3191 348 3256; x_wconf 82' lang='lat' dir='ltr'>fertur</span> <span class='ocrx_word' id='word_1_418' title='bbox 356 3185 468 3234; x_wconf 78' lang='lat' dir='ltr'>crudelior</span> <span class='ocrx_word' id='word_1_419' title='bbox 474 3185 545 3249; x_wconf 75' lang='lat' dir='ltr'>iquis?</span> <span class='ocrx_word' id='word_1_420' title='bbox 555 3183 622 3230; x_wconf 86' lang='lat' dir='ltr'>lluuc</span> <span class='ocrx_word' id='word_1_421' title='bbox 630 3201 721 3231; x_wconf 83' lang='lat' dir='ltr'>versum</span> <span class='ocrx_word' id='word_1_422' title='bbox 729 3185 789 3233; x_wconf 77' lang='lat' dir='ltr'>sorte</span> <span class='ocrx_word' id='word_1_423' title='bbox 797 3187 949 3250; x_wconf 69' lang='lat' dir='ltr'>adscripscrat</span> <span class='ocrx_word' id='word_1_424' title='bbox 957 3188 1050 3254; x_wconf 85' lang='lat' dir='ltr'>aliquis,</span> <span class='ocrx_word' id='word_1_425' title='bbox 1058 3207 1130 3254; x_wconf 90' lang='lat' dir='ltr'>quum</span> <span class='ocrx_word' id='word_1_426' title='bbox 1141 3192 1198 3236; x_wconf 86' lang='lat' dir='ltr'>OEta</span> <span class='ocrx_word' id='word_1_427' title='bbox 1209 3193 1327 3254; x_wconf 82' lang='lat' dir='ltr'>injecisset</span> 
     </span>
     <span class='ocr_line' id='line_1_37' title="bbox 275 3254 1328 3321; baseline -0.001 -12"><span class='ocrx_word' id='word_1_428' title='bbox 275 3260 462 3310; x_wconf 82' lang='lat' dir='ltr'>recordationem</span> <span class='ocrx_word' id='word_1_429' title='bbox 475 3254 631 3304; x_wconf 85' lang='lat' dir='ltr'>hemistichii:</span> <span class='ocrx_word' id='word_1_430' title='bbox 642 3257 743 3320; x_wconf 82' lang='lat' dir='ltr'>procedit</span> <span class='ocrx_word' id='word_1_431' title='bbox 756 3259 844 3321; x_wconf 80' lang='lat' dir='ltr'>Vesper</span> <span class='ocrx_word' id='word_1_432' title='bbox 853 3258 881 3304; x_wconf 79' lang='lat' dir='ltr'>ab</span> <span class='ocrx_word' id='word_1_433' title='bbox 895 3259 965 3306; x_wconf 67' lang='lat' dir='ltr'>ocu.</span> <span class='ocrx_word' id='word_1_434' title='bbox 977 3263 1079 3308; x_wconf 75' lang='lat' dir='ltr'>Accessit</span> <span class='ocrx_word' id='word_1_435' title='bbox 1088 3258 1147 3306; x_wconf 88' lang='lat' dir='ltr'>alter</span> <span class='ocrx_word' id='word_1_436' title='bbox 1159 3276 1237 3308; x_wconf 83' lang='lat' dir='ltr'>versus</span> <span class='ocrx_word' id='word_1_437' title='bbox 1248 3279 1254 3308; x_wconf 77' lang='lat'>2</span> <span class='ocrx_word' id='word_1_438' title='bbox 1266 3263 1328 3308; x_wconf 85' lang='lat' dir='ltr'>Hes·</span> 
     </span>
     <span class='ocr_line' id='line_1_38' title="bbox 275 3325 1326 3394; baseline 0 -17"><span class='ocrx_word' id='word_1_439' title='bbox 275 3335 364 3394; x_wconf 67' lang='lat' dir='ltr'>perdum</span> <span class='ocrx_word' id='word_1_440' title='bbox 375 3333 458 3384; x_wconf 82' lang='lat' dir='ltr'>vitant,</span> <span class='ocrx_word' id='word_1_441' title='bbox 470 3335 549 3392; x_wconf 81' lang='lat' dir='ltr'>optant</span> <span class='ocrx_word' id='word_1_442' title='bbox 557 3326 674 3372; x_wconf 76' lang='lat' dir='ltr'>ardescere</span> <span class='ocrx_word' id='word_1_443' title='bbox 685 3325 762 3373; x_wconf 88' lang='lat' dir='ltr'>solem.</span> <span class='ocrx_word' id='word_1_444' title='bbox 775 3329 910 3392; x_wconf 82' lang='lat' dir='ltr'>Hesperium</span> <span class='ocrx_word' id='word_1_445' title='bbox 921 3329 1015 3390; x_wconf 78' lang='lat' dir='ltr'>(sidus)</span> <span class='ocrx_word' id='word_1_446' title='bbox 1025 3345 1068 3392; x_wconf 85' lang='lat' dir='ltr'>pro</span> <span class='ocrx_word' id='word_1_447' title='bbox 1078 3331 1194 3390; x_wconf 86' lang='lat' dir='ltr'>Hespero,</span> <span class='ocrx_word' id='word_1_448' title='bbox 1203 3335 1275 3377; x_wconf 80' lang='lat' dir='ltr'>vitant</span> <span class='ocrx_word' id='word_1_449' title='bbox 1283 3347 1326 3394; x_wconf 91' lang='lat' dir='ltr'>pro</span> 
     </span>
     <span class='ocr_line' id='line_1_39' title="bbox 276 3398 1326 3462; baseline -0.002 -14"><span class='ocrx_word' id='word_1_450' title='bbox 276 3412 385 3448; x_wconf 90' lang='lat' dir='ltr'>metuunt</span> <span class='ocrx_word' id='word_1_451' title='bbox 395 3416 401 3446; x_wconf 91' lang='lat'>:</span> <span class='ocrx_word' id='word_1_452' title='bbox 411 3399 540 3454; x_wconf 81' lang='lat' dir='ltr'>ardescere,</span> <span class='ocrx_word' id='word_1_453' title='bbox 552 3399 569 3444; x_wconf 83' lang='lat' dir='ltr'>f.</span> <span class='ocrx_word' id='word_1_454' title='bbox 581 3398 715 3445; x_wconf 73' lang='lat' dir='ltr'>tardere-ere.</span> <span class='ocrx_word' id='word_1_455' title='bbox 729 3399 787 3445; x_wconf 87' lang='lat' dir='ltr'>Nam</span> <span class='ocrx_word' id='word_1_456' title='bbox 797 3415 862 3447; x_wconf 80' lang='lat' dir='ltr'>nove</span> <span class='ocrx_word' id='word_1_457' title='bbox 874 3413 953 3462; x_wconf 80' lang='lat' dir='ltr'>nuptae</span> <span class='ocrx_word' id='word_1_458' title='bbox 965 3411 1073 3446; x_wconf 85' lang='lat' dir='ltr'>metuunt</span> <span class='ocrx_word' id='word_1_459' title='bbox 1084 3414 1205 3460; x_wconf 78' lang='lat' dir='ltr'>vesperam</span> <span class='ocrx_word' id='word_1_460' title='bbox 1214 3403 1326 3462; x_wconf 75' lang='lat' dir='ltr'>ingruen-</span> 
     </span>
     <span class='ocr_line' id='line_1_40' title="bbox 276 3469 1326 3533; baseline 0.001 -16"><span class='ocrx_word' id='word_1_461' title='bbox 276 3483 324 3518; x_wconf 85' lang='lat' dir='ltr'>tem</span> <span class='ocrx_word' id='word_1_462' title='bbox 335 3487 341 3517; x_wconf 87' lang='lat'>:</span> <span class='ocrx_word' id='word_1_463' title='bbox 352 3486 400 3517; x_wconf 91' lang='lat' dir='ltr'>non</span> <span class='ocrx_word' id='word_1_464' title='bbox 410 3485 525 3516; x_wconf 88' lang='lat' dir='ltr'>auroram.</span> <span class='ocrx_word' id='word_1_465' title='bbox 536 3469 616 3515; x_wconf 85' lang='lat' dir='ltr'>licius.</span> <span class='ocrx_word' id='word_1_466' title='bbox 629 3471 748 3533; x_wconf 81' lang='lat' dir='ltr'>Hesperon</span> <span class='ocrx_word' id='word_1_467' title='bbox 756 3474 853 3527; x_wconf 78' lang='lat' dir='ltr'>evitant,</span> <span class='ocrx_word' id='word_1_468' title='bbox 861 3479 940 3533; x_wconf 77' lang='lat' dir='ltr'>optarit</span> <span class='ocrx_word' id='word_1_469' title='bbox 948 3471 1066 3517; x_wconf 72' lang='lat' dir='ltr'>ardescere</span> <span class='ocrx_word' id='word_1_470' title='bbox 1075 3471 1157 3516; x_wconf 78' lang='lat' dir='ltr'>Eoum.</span> <span class='ocrx_word' id='word_1_471' title='bbox 1167 3469 1271 3518; x_wconf 80' lang='lat' dir='ltr'>Alterum</span> <span class='ocrx_word' id='word_1_472' title='bbox 1281 3471 1326 3518; x_wconf 92' lang='lat' dir='ltr'>hoc</span> 
     </span>
     <span class='ocr_line' id='line_1_41' title="bbox 277 3539 1328 3607; baseline 0.004 -21"><span class='ocrx_word' id='word_1_473' title='bbox 277 3542 340 3589; x_wconf 76' lang='lat' dir='ltr'>Idem</span> <span class='ocrx_word' id='word_1_474' title='bbox 350 3545 398 3604; x_wconf 81' lang='lat' dir='ltr'>jam</span> <span class='ocrx_word' id='word_1_475' title='bbox 410 3544 544 3604; x_wconf 73' lang='lat' dir='ltr'>conjecerat</span> <span class='ocrx_word' id='word_1_476' title='bbox 554 3540 671 3588; x_wconf 80' lang='lat' dir='ltr'>Bentleius</span> <span class='ocrx_word' id='word_1_477' title='bbox 683 3541 713 3587; x_wconf 89' lang='lat' dir='ltr'>ad</span> <span class='ocrx_word' id='word_1_478' title='bbox 724 3540 860 3589; x_wconf 85' lang='lat' dir='ltr'>Callimachi</span> <span class='ocrx_word' id='word_1_479' title='bbox 870 3543 951 3604; x_wconf 73' lang='lat' dir='ltr'>fragm.</span> <span class='ocrx_word' id='word_1_480' title='bbox 962 3541 1082 3588; x_wconf 86' lang='lat' dir='ltr'>laudatum</span> <span class='ocrx_word' id='word_1_481' title='bbox 1093 3557 1099 3588; x_wconf 81' lang='grc'>1</span> <span class='ocrx_word' id='word_1_482' title='bbox 1111 3545 1137 3588; x_wconf 90' lang='lat' dir='ltr'>in</span> <span class='ocrx_word' id='word_1_483' title='bbox 1148 3559 1196 3607; x_wconf 86' lang='lat' dir='ltr'>quo</span> <span class='ocrx_word' id='word_1_484' title='bbox 1207 3539 1328 3604; x_wconf 65' lang='lat' dir='ltr'>‘cuipter</span> 
     </span>
     <span class='ocr_line' id='line_1_42' title="bbox 276 3605 1325 3674; baseline 0.004 -16"><span class='ocrx_word' id='word_1_485' title='bbox 276 3613 404 3671; x_wconf 61' lang='lat' dir='ltr'>eculeum,</span> <span class='ocrx_word' id='word_1_486' title='bbox 416 3605 477 3674; x_wconf 60' lang='lat' dir='ltr'>&amp;reip</span> <span class='ocrx_word' id='word_1_487' title='bbox 489 3611 609 3673; x_wconf 69' lang='lat' dir='ltr'>wplturtr</span> <span class='ocrx_word' id='word_1_488' title='bbox 622 3607 682 3674; x_wconf 57' lang='lat' dir='ltr'>ider.</span> <span class='ocrx_word' id='word_1_489' title='bbox 699 3616 822 3662; x_wconf 81' lang='lat' dir='ltr'>Enimvero</span> <span class='ocrx_word' id='word_1_490' title='bbox 836 3617 862 3660; x_wconf 85' lang='lat' dir='ltr'>ln</span> <span class='ocrx_word' id='word_1_491' title='bbox 878 3613 1022 3660; x_wconf 87' lang='lat' dir='ltr'>Callimacho</span> <span class='ocrx_word' id='word_1_492' title='bbox 1033 3615 1094 3662; x_wconf 84' lang='lat' dir='ltr'>bcue</span> <span class='ocrx_word' id='word_1_493' title='bbox 1110 3631 1135 3662; x_wconf 83' lang='lat' dir='ltr'>se</span> <span class='ocrx_word' id='word_1_494' title='bbox 1151 3615 1196 3662; x_wconf 91' lang='lat' dir='ltr'>hoc</span> <span class='ocrx_word' id='word_1_495' title='bbox 1212 3615 1283 3662; x_wconf 86' lang='lat' dir='ltr'>hahet</span> <span class='ocrx_word' id='word_1_496' title='bbox 1294 3614 1325 3662; x_wconf 92' lang='lat' dir='ltr'>de</span> 
     </span>
     <span class='ocr_line' id='line_1_43' title="bbox 276 3680 1323 3748; baseline 0.005 -22"><span class='ocrx_word' id='word_1_497' title='bbox 276 3682 402 3744; x_wconf 70' lang='lat' dir='ltr'>juvenibus</span> <span class='ocrx_word' id='word_1_498' title='bbox 413 3697 455 3728; x_wconf 84' lang='lat' dir='ltr'>seu</span> <span class='ocrx_word' id='word_1_499' title='bbox 466 3683 564 3744; x_wconf 82' lang='lat' dir='ltr'>epomis.</span> <span class='ocrx_word' id='word_1_500' title='bbox 581 3685 610 3726; x_wconf 88' lang='grc' dir='ltr'>Δι</span> <span class='ocrx_word' id='word_1_501' title='bbox 624 3680 649 3727; x_wconf 91' lang='lat' dir='ltr'>h.</span> <span class='ocrx_word' id='word_1_502' title='bbox 667 3682 683 3728; x_wconf 93' lang='lat' dir='ltr'>l.</span> <span class='ocrx_word' id='word_1_503' title='bbox 701 3683 804 3746; x_wconf 85' lang='lat' dir='ltr'>puellas,</span> <span class='ocrx_word' id='word_1_504' title='bbox 818 3687 837 3731; x_wconf 86' lang='lat' dir='ltr'>ri</span> <span class='ocrx_word' id='word_1_505' title='bbox 851 3687 877 3730; x_wconf 91' lang='lat' dir='ltr'>iu</span> <span class='ocrx_word' id='word_1_506' title='bbox 888 3682 1032 3746; x_wconf 74' lang='lat' dir='ltr'>ampleinrur</span> <span class='ocrx_word' id='word_1_507' title='bbox 1043 3699 1182 3748; x_wconf 86' lang='lat' dir='ltr'>sponsorum</span> <span class='ocrx_word' id='word_1_508' title='bbox 1194 3685 1323 3740; x_wconf 82' lang='lat' dir='ltr'>hahentur,</span> 
     </span>
     <span class='ocr_line' id='line_1_44' title="bbox 277 3750 1324 3817; baseline 0.005 -21"><span class='ocrx_word' id='word_1_509' title='bbox 277 3750 396 3814; x_wconf 71' lang='lat' dir='ltr'>quomodo</span> <span class='ocrx_word' id='word_1_510' title='bbox 405 3751 540 3812; x_wconf 77' lang='lat' dir='ltr'>putabimus</span> <span class='ocrx_word' id='word_1_511' title='bbox 551 3763 633 3812; x_wconf 86' lang='lat' dir='ltr'>optare</span> <span class='ocrx_word' id='word_1_512' title='bbox 646 3751 709 3798; x_wconf 91' lang='lat' dir='ltr'>diem</span> <span class='ocrx_word' id='word_1_513' title='bbox 719 3751 908 3802; x_wconf 79' lang='lat' dir='ltr'>illucescentem?</span> <span class='ocrx_word' id='word_1_514' title='bbox 918 3753 957 3799; x_wconf 72' lang='lat' dir='ltr'>Fet</span> <span class='ocrx_word' id='word_1_515' title='bbox 968 3755 1039 3817; x_wconf 74' lang='lat' dir='ltr'>igitur</span> <span class='ocrx_word' id='word_1_516' title='bbox 1049 3755 1152 3802; x_wconf 80' lang='lat' dir='ltr'>ahenum</span> <span class='ocrx_word' id='word_1_517' title='bbox 1162 3773 1175 3802; x_wconf 89' lang='lat' dir='ltr'>a</span> <span class='ocrx_word' id='word_1_518' title='bbox 1185 3755 1238 3803; x_wconf 93' lang='lat' dir='ltr'>loco</span> <span class='ocrx_word' id='word_1_519' title='bbox 1250 3768 1324 3802; x_wconf 85' lang='lat' dir='ltr'>totum</span> 
     </span>
    </p>
   </div>
   <div class='ocr_carea' id='block_1_4' title="bbox 277 3895 1322 4070">
    <p class='ocr_par' dir='ltr' id='par_1_7' title="bbox 277 3895 1322 4070">
     <span class='ocr_line' id='line_1_45' title="bbox 310 3895 1321 3984; baseline 0.004 -20"><span class='ocrx_word' id='word_1_520' title='bbox 310 3909 475 3980; x_wconf 72' lang='grc'>349-351.</span> <span class='ocrx_word' id='word_1_521' title='bbox 496 3912 647 3984; x_wconf 75' lang='lat' dir='ltr'>Descriptio</span> <span class='ocrx_word' id='word_1_522' title='bbox 668 3915 776 3968; x_wconf 81' lang='lat' dir='ltr'>orientis</span> <span class='ocrx_word' id='word_1_523' title='bbox 824 3895 1321 3984; x_wconf 59' lang='lat' dir='ltr'>lumiuadixeratauctorCulicisvida.</span> 
     </span>
     <span class='ocr_line' id='line_1_46' title="bbox 277 3991 1322 4070; baseline 0.005 -26"><span class='ocrx_word' id='word_1_524' title='bbox 277 3991 344 4054; x_wconf 77' lang='lat' dir='ltr'>tliei3</span> <span class='ocrx_word' id='word_1_525' title='bbox 363 4009 420 4063; x_wconf 78' lang='lat' dir='ltr'>quae</span> <span class='ocrx_word' id='word_1_526' title='bbox 438 4009 472 4044; x_wconf 90' lang='lat' dir='ltr'>an</span> <span class='ocrx_word' id='word_1_527' title='bbox 489 4009 549 4044; x_wconf 89' lang='lat' dir='ltr'>curn</span> <span class='ocrx_word' id='word_1_528' title='bbox 563 3991 666 4064; x_wconf 85' lang='lat' dir='ltr'>judicio</span> <span class='ocrx_word' id='word_1_529' title='bbox 682 4007 778 4049; x_wconf 84' lang='lat' dir='ltr'>ornata</span> <span class='ocrx_word' id='word_1_530' title='bbox 822 3993 916 4046; x_wconf 88' lang='lat' dir='ltr'>Paullo</span> <span class='ocrx_word' id='word_1_531' title='bbox 940 4009 1000 4049; x_wconf 86' lang='lat' dir='ltr'>ante</span> <span class='ocrx_word' id='word_1_532' title='bbox 1019 3996 1166 4070; x_wconf 69' lang='lat' dir='ltr'>stipidulos</span> <span class='ocrx_word' id='word_1_533' title='bbox 1184 3997 1272 4051; x_wconf 83' lang='lat' dir='ltr'>oculos</span> <span class='ocrx_word' id='word_1_534' title='bbox 1291 4014 1322 4050; x_wconf 83' lang='lat' dir='ltr'>ex</span> 
     </span>
    </p>
   </div>
   <div class='ocr_carea' id='block_1_5' title="bbox 277 4071 1320 4152">
    <p class='ocr_par' dir='ltr' id='par_1_8' title="bbox 277 4071 1320 4152">
     <span class='ocr_line' id='line_1_47' title="bbox 277 4071 1320 4152; baseline 0.016 -32"><span class='ocrx_word' id='word_1_535' title='bbox 277 4073 324 4137; x_wconf 76' lang='lat' dir='ltr'>rit,</span> <span class='ocrx_word' id='word_1_536' title='bbox 340 4088 366 4122; x_wconf 81' lang='lat' dir='ltr'>v.</span> <span class='ocrx_word' id='word_1_537' title='bbox 388 4073 449 4125; x_wconf 79' lang='lat' dir='ltr'>Var-</span> <span class='ocrx_word' id='word_1_538' title='bbox 468 4072 541 4128; x_wconf 85' lang='lat' dir='ltr'>Lect.</span> <span class='ocrx_word' id='word_1_539' title='bbox 563 4071 652 4128; x_wconf 88' lang='lat' dir='ltr'>Solem</span> <span class='ocrx_word' id='word_1_540' title='bbox 671 4085 778 4148; x_wconf 83' lang='lat' dir='ltr'>quatere</span> <span class='ocrx_word' id='word_1_541' title='bbox 822 4079 928 4134; x_wconf 88' lang='lat' dir='ltr'>Catullo</span> <span class='ocrx_word' id='word_1_542' title='bbox 945 4093 1081 4137; x_wconf 83' lang='lat' dir='ltr'>mutuatus</span> <span class='ocrx_word' id='word_1_543' title='bbox 1093 4097 1134 4138; x_wconf 86' lang='lat' dir='ltr'>est</span> <span class='ocrx_word' id='word_1_544' title='bbox 1147 4085 1244 4152; x_wconf 84' lang='lat' dir='ltr'>LXIII,</span> <span class='ocrx_word' id='word_1_545' title='bbox 1263 4081 1320 4136; x_wconf 82' lang='lat'>131·</span> 
     </span>
    </p>
   </div>
   <div class='ocr_carea' id='block_1_6' title="bbox 0 0 1498 4694">
    <p class='ocr_par' dir='ltr' id='par_1_9' title="bbox 0 0 1498 4694">
     <span class='ocr_line' id='line_1_48' title="bbox 0 0 1498 4694; baseline 0 1"><span class='ocrx_word' id='word_1_546' title='bbox 0 0 1498 4694; x_wconf 95' lang='lat' dir='ltr'> </span> 
     </span>
    </p>
   </div>
  </div>
 </body>
</html>
