2998 4670
378 370 429 433 IN
453 363 841 432 GEORGICORUM
864 367 957 430 LlB.
984 368 1056 430 lll.
1173 367 1235 434 555

233 494 301 554 381.
315 493 372 554 Res
390 503 456 552 tots
475 487 713 571 epiphonemate
728 487 909 546 absolvitur.
930 487 1014 548 Telis
1031 501 1077 549 est
1091 507 1165 570 gens
1181 486 1236 548 ille

194 600 289 654 sceva,
304 595 335 640 et
348 577 476 640 efferata
489 574 809 658 septemtrionalium
821 595 890 656 quae
902 577 1047 638 tunditur
1057 579 1149 637 Euris
1161 576 1238 636 flen-

196 667 278 728 tibus
296 687 313 727 e
331 665 470 748 llipbaeie
489 663 622 747 Scythice
642 662 819 737 montibus;
842 683 912 745 quse
934 663 1076 729 induitur
1098 661 1237 725 vestibus

194 755 366 815 confectise
379 757 452 815 setis
465 753 615 828 ferarum,
631 767 725 835 atque
737 753 781 812 its
795 753 904 832 nequit
916 753 1070 833 penetrari
1084 771 1101 812 u
1113 750 1239 834 frigore.

233 845 301 920 384.
309 843 506 906 Adhibentur
516 855 668 926 praeccpte
678 841 741 918 bis,
751 839 868 923 quibus
879 841 1020 902 studium
1030 853 1074 900 est
1084 840 1239 918 lenerum,

194 944 225 992 et
235 936 288 1015 qui
299 955 407 1016 greges
416 934 485 994 ideo
496 946 638 1016 poscunt,
648 947 684 992 ut
692 931 773 994 leuse
784 931 906 992 lucrum
918 943 1073 1012 querant:
1085 945 1240 1012 praecepte

193 1022 254 1082 ista
270 1038 405 1104 quatuor
421 1036 510 1083 sunt:
530 1020 685 1104 priunum,
705 1019 892 1100 fugiendum
912 1039 980 1080 esse
997 1017 1175 1098 pastoribus
1193 1017 1242 1078 lo-

194 1129 266 1170 curn
280 1131 420 1185 omnem,
436 1111 468 1169 in
482 1131 545 1189 quo
558 1123 632 1170 sunt
646 1107 766 1189 lappe,
778 1107 901 1180 tribuli,
917 1109 1054 1188 spineta,
1070 1107 1220 1166 senticeta
1233 1129 1251 1178 :¹

192 1200 252 1259 ista
269 1201 353 1258 enim
370 1200 476 1260 omnia
493 1195 599 1258 lanam
613 1195 814 1279 discerpunt,
834 1209 868 1256 ut
881 1215 951 1277 quse
965 1191 1091 1252 hemets
1104 1205 1193 1267 sunt,
1212 1201 1246 1253 et'

195 1285 343 1346 aculeata.
362 1283 553 1361 Secundum,
572 1281 758 1366 fugiendum
775 1303 902 1366 quoquc
919 1282 1025 1342 locum
1043 1279 1179 1340 fertilem
1201 1279 1242 1340 ed

193 1376 385 1455 pastionem,
403 1374 492 1455 quic,
506 1391 570 1456 quo
585 1375 735 1456 pinguius
749 1393 861 1454 pecus,
876 1371 947 1432 ideo
963 1372 1067 1430 miuus
1082 1367 1239 1444 lunatum,

192 1461 375 1524 absumente
389 1460 494 1522 lenem
509 1461 710 1544 pinguedine.
728 1464 883 1537 Tertium,
902 1459 1066 1542 legendus,
1085 1472 1116 1518 ct
1127 1457 1240 1540 proefc-

192 1549 306 1612 rendos
318 1571 406 1625 oves,
418 1551 531 1632 quibus
541 1551 622 1614 lenos
634 1549 731 1626 elbre,
746 1571 810 1612 nun
823 1552 921 1631 nigrre
933 1573 940 1609 ι
953 1569 1028 1610 num
1038 1545 1119 1607 albe
1129 1545 1241 1606 melius

192 1637 353 1700 imbibunt
373 1642 553 1702 tincturum.
575 1641 747 1718 Quartum,
772 1637 978 1721 rejiciendum
1002 1637 1042 1697 ab
1064 1636 1241 1697 admissura

193 1728 302 1788 ovium
315 1731 440 1790 arietem
455 1727 563 1806 illurn,
580 1733 631 1790 cui
644 1731 686 1791 sit
698 1733 787 1811 nigre
801 1729 923 1810 lingue,
946 1729 1069 1788 etismei
1082 1728 1123 1786 sit
1136 1725 1243 1785 cundi·

195 1816 252 1877 dus
262 1837 394 1899 corpore
404 1818 540 1900 reliquo,
550 1839 624 1878 nem
635 1820 759 1879 exsistet
770 1817 808 1876 ab
819 1816 880 1877 hoc
891 1831 980 1900 petre
989 1817 1079 1896 nigre
1089 1811 1225 1874 soboles·

228 1999 290 2054 382.
305 2002 372 2056 Gerr
382 2003 485 2076 efficito
499 2006 592 2060 uirum.
604 2006 696 2074 Sura,
739 2007 795 2060 brec
806 2006 1000 2070 laurdicircus,
1009 2017 1034 2057 et
1042 2003 1095 2056 hoc
1104 1999 1226 2054 lanitium
1233 2023 1241 2062 ;

194 2095 326 2136 rectorem
344 2100 479 2138 recursans.
494 2089 564 2142 Sem.
581 2117 618 2129 --
633 2089 696 2160 Ωιι
739 2089 809 2140 sicut
818 2088 889 2159 fugo
903 2097 928 2140 et
941 2084 1083 2157 effugium.
1099 2080 1181 2150 Quod
1195 2097 1242 2132 ru·

193 2161 240 2213 sibi
253 2163 363 2236 parendi
379 2164 460 2238 lepem
475 2165 529 2219 dici
540 2185 595 2220 non
608 2170 695 2240 patie-
740 2179 793 2218 tem
806 2166 871 2218 dicit
884 2183 963 2230 ores,
980 2164 1046 2216 lunae
1058 2181 1170 2228 neusse,
1188 2179 1241 2214 nou

194 2237 288 2304 batur,
305 2257 334 2293 ut
350 2245 446 2296 lustin.
462 2245 501 2310 11,
515 2243 546 2307 3;
564 2246 694 2298 libertatis
740 2245 838 2298 debere
847 2248 1029 2318 pinguescere,
1039 2245 1178 2316 physicum
1187 2257 1240 2295 est:

195 2338 299 2382 emens3
310 2339 371 2373 narn
382 2323 478 2374 eodem
487 2335 553 2375 teste
565 2345 571 2376 ε
583 2325 631 2394 ipsi
637 2343 695 2395 pers
738 2325 825 2375 Omne
845 2326 915 2375 enirn
935 2323 1033 2394 pingue
1054 2321 1152 2372 animal
1167 2331 1242 2372 earet

192 2409 286 2469 petuo,
301 2401 333 2452 ab
348 2401 434 2452 alieno
451 2401 574 2472 imperio,
592 2404 694 2454 autiss·
738 2403 819 2475 pilisr
838 2401 912 2474 quod
932 2401 1064 2453 hirsutum
1080 2399 1164 2451 eflicit
1185 2415 1242 2451 ms-

193 2479 266 2542 tacti,
284 2490 332 2530 rut
344 2480 434 2531 invicti
449 2492 606 2533 manserunt.
618 2481 692 2534 Curt.
740 2485 803 2536 cies.
816 2481 885 2535 Serv.

194 2557 254 2624 Vll,
269 2559 303 2624 ὃς
318 2577 366 2613 neo
377 2561 469 2614 servin
482 2559 533 2614 ulii
543 2572 693 2634 potuerunt·
775 2562 836 2616 ³8⁵.
845 2557 1173 2636 hppoepuetribulique.rl
1185 2558 1242 2630 qui·

192 2635 277 2691 Erum.
296 2667 332 2680 υ·
346 2641 452 2713 liliipaeo
471 2642 551 2693 Euro.
571 2641 694 2714 Scythico
738 2641 790 2694 bus
810 2642 888 2694 rebus
906 2641 968 2694 lano
987 2639 1150 2711 decerpitur.
1169 2639 1242 2692 Seru.

193 2733 282 2772 vento.
295 2721 396 2793 Illripoei
409 2735 498 2774 sutem
514 2737 618 2776 montes
631 2723 696 2796 Scy·
739 2751 774 2764 -·-
792 2723 863 2798 Fuge
886 2721 983 2794 pabulo
1004 2721 1073 2773 lata.
1092 2719 1164 2789 (pris
1183 2719 1243 2772 lrcta

194 2798 271 2866 thie,
284 2812 312 2852 ut
324 2800 452 2866 diximus,
463 2819 479 2854 ι
489 2817 620 2874 perpetuo
629 2821 695 2856 ren·
739 2818 856 2875 pascus,
877 2801 995 2853 solocem
1015 2801 1105 2853 lsrsrn
1125 2799 1243 2864 facient,

194 2891 282 2930 torum
297 2879 361 2932 flatu
376 2883 525 2932 nominetis
544 2899 606 2934 nsrn
622 2877 693 2950 inei,
739 2883 792 2936 boc
809 2897 865 2949 est,
882 2885 1012 2935 minutam
1028 2881 1141 2946 duram,
1161 2893 1241 2950 utque

194 2956 283 3008 Graece
295 2960 410 3027 impetus
420 2973 446 3011 et
459 2958 515 3027 ἅρμ’
525 2961 636 3028 dicitur,
646 2955 697 3015 sul
740 2961 880 3015 hirsutam.
892 2961 1010 3032 Ptturq.

194 3034 238 3086 rui
250 3034 697 3110 iimrsr.Seru.·—Elcgcntertun-
777 3043 838 3096 386.
865 3041 1003 3096 (barinus.
1029 3039 1078 3088 Pro
1101 3046 1243 3109 perpetum·

194 3112 603 3185 ditur.Sicllorat.Epod.llVllr
615 3121 695 3172 nNun
741 3139 846 3193 semper
865 3121 917 3172 boc
936 3122 1006 3172 snitu
1028 3117 1084 3168 ficri
1102 3116 1192 3168 debet.
1207 3145 1243 3155 -

116 3181 133 3197 ⁸
198 3191 696 3270 «serenudissrrdioreneritisNep·
743 3201 820 3253 Villis
842 3200 898 3271 lege
920 3197 1041 3248 mollibus
1064 3197 1144 3248 sibot-
1169 3197 1243 3250 Lanu

198 3284 298 3323 utmrus
308 3271 361 3323 alto
372 3271 460 3324 tundit
469 3271 597 3325 hibernus
605 3275 693 3328 selo·
741 3281 811 3330 euim
829 3278 890 3329 elba
909 3275 1053 3347 pretiosior
1068 3287 1124 3342 est,
1144 3277 1244 3348 quippe

194 3353 353 3404 NostcrAEn.
363 3353 402 3419 V,
418 3353 482 3420 rud:
500 3353 616 3406 usuum
625 3395 633 3422 ‚
642 3369 692 3408 etc.
741 3370 896 3428 susceptura
912 3355 993 3406 elium
1006 3355 1152 3425 quemlibet
1166 3356 1244 3408 colo·

199 3455 209 3479 ι
221 3431 294 3503 quod
306 3433 414 3485 tumidis
427 3433 593 3486 submersum
606 3437 697 3488 tundi·
740 3455 804 3490 rcrn.
819 3435 901 3504 Quod
918 3447 1005 3486 sutem
1020 3434 1064 3486 hic
1082 3451 1131 3506 per
1148 3439 1242 3489 transi·

200 3537 210 3560 ι
220 3524 264 3564 tur
272 3511 334 3563 olim
343 3513 489 3566 Fluctibus.
499 3535 510 3562 ι
522 3515 609 3568 Cetul.
618 3515 694 3588 Epig.
742 3531 797 3569 tum
808 3515 937 3588 tengi1,in
946 3514 1004 3565 eliis
1014 3514 1120 3586 plenius
1133 3515 1243 3588 legitur;

196 3595 232 3646 Xl
244 3613 250 3644 t
264 3595 345 3644 [λαις
358 3595 415 3646 Eoo
429 3595 549 3648 usnditur
560 3597 641 3649 unda.
740 3599 864 3649 neritum
876 3595 998 3667 pecoris,
1012 3607 1147 3659 errores,
1159 3609 1186 3647 et
1197 3615 1246 3650 nn·

233 3673 291 3728 383.
299 3674 523 3747 Pecudurrrfuluis
532 3677 635 3730 uelatur
643 3695 697 3730 cors
741 3675 824 3748 gulis,
835 3687 860 3728 et
868 3675 958 3746 peleto
967 3673 1057 3727 album
1065 3693 1123 3729 esse
1131 3676 1242 3730 debere·¹

196 3773 260 3827 pora
272 3755 344 3805 sctis.
356 3753 545 3824 meroribus,
558 3757 593 3810 ud
603 3775 696 3810 urcen-
740 3754 877 3826 alioquin,
891 3755 952 3806 licet
966 3756 999 3805 sit
1013 3755 1144 3808 cendidus
1159 3755 1243 3820 lenis,

198 3832 262 3885 dum
275 3834 376 3904 frigus:
390 3851 452 3886 nara
463 3847 494 3886 ut
503 3835 645 3889 Sallustius
655 3835 697 3888 di·
741 3848 845 3888 ccasset
857 3851 888 3887 er
900 3853 933 3888 eo
946 3835 1034 3906 pullos
1044 3838 1134 3907 nigros
1146 3841 1240 3889 creari.

198 3914 234 3963 cit
248 3915 275 3964 in
289 3913 410 3965 Historiis
424 3935 430 3964 :
448 3914 532 3968 Vester
544 3915 577 3968 de
588 3913 699 3987 pellibus
778 3915 839 3984 387.
853 3914 926 3968 Aries
936 3917 969 3966 sit
980 3913 1103 3966 candidus
1117 3915 1176 3986 ipse.
1196 3915 1244 3969 Be·

197 3990 555 4046 usmanesvoeanursen.
742 3993 903 4062 assedi-dit,
915 3995 985 4066 lpse,
999 3994 1243 4066 quasiquirutdo·

233 4069 293 4137 384.
314 4071 342 4125 Si
363 4073 407 4126 ribi
426 4071 549 4129 huillum
568 4091 645 4131 σανα.
664 4075 698 4130 Er
741 4077 828 4130 ninus
846 4077 933 4151 gregis
952 4089 1009 4141 cst;
1035 4085 1080 4129 eut
1099 4077 1144 4146 qui
1164 4087 1245 4136 untes
