2998 4670
379 412 429 474 IN
454 407 1038 475 GEORGICORUlllLlB.lV.
1159 411 1219 476 601
1279 433 1283 442 ·

236 533 301 614 ²9⁵·
314 533 387 593 Post
397 531 459 592 loci
469 532 722 612 descriptionem,
733 530 798 610 jam
809 543 904 590 artem
915 533 1016 613 ipsam
1027 530 1225 614 explicathoc

194 621 321 684 ordine:
341 623 468 703 exponit
483 619 602 695 locum,
622 621 676 679 ubi
692 620 1024 696 occidendue,vitulus:
1045 636 1164 683 aetatem
1177 622 1225 682 ri·

195 713 269 771 tuli:
282 709 425 785 modum,
435 708 612 790 quodebeat
619 707 719 768 occidi
728 730 734 766 :
744 710 1083 792 circumstantias,quae
1091 731 1225 793 sequun-

194 811 246 858 tur
268 799 400 858 cedem:
419 811 555 879 tempus,
575 817 637 878 quo
654 797 711 857 ista
730 797 914 878 peragenda.
933 800 1033 856 Locus
1054 819 1119 859 esse
1135 798 1228 860 debet

195 899 358 965 angustus,
371 887 444 946 tectl
461 897 490 944 et
504 886 658 965 parietum
672 887 900 958 contractione3
917 883 1030 945 debent
1047 905 1111 944 esse
1128 885 1226 948 fenea-

194 986 250 1032 trae
264 987 398 1053 quatuor
410 995 427 1032 a
442 975 540 1032 ventis
555 989 706 1053 quatuor:
722 987 795 1034 retas
809 973 900 1033 vituli
916 993 979 1034 non
992 972 1117 1034 excedat
1129 993 1228 1034 annos

193 1057 286 1132 duos:
301 1063 335 1120 in
349 1059 406 1120 hac
417 1061 499 1120 enirn
510 1074 598 1121 aetate
608 1075 696 1143 aptue
708 1063 783 1121 erit:
796 1061 887 1122 debet
899 1062 1001 1122 occidi
1014 1061 1228 1125 obstructione

193 1149 330 1220 narium,
343 1163 436 1228 atque
453 1150 528 1222 oris,
543 1168 583 1209 ne
594 1151 691 1230 possit
705 1151 869 1231 reopimre3
885 1149 997 1210 deinde
1011 1148 1100 1209 tundi
1114 1149 1229 1230 plagis,

192 1255 256 1295 non
269 1237 351 1294 ferro
366 1234 449 1310 lardi,
462 1236 559 1296 donee
573 1239 689 1297 ictuum
701 1240 846 1298 tunsione
857 1237 994 1299 membra
1006 1239 1110 1298 onmia
1123 1250 1153 1297 et
1164 1237 1228 1298 vis·

192 1345 260 1384 cera
276 1324 452 1384 solvantur:
463 1326 672 1404 poeteaedem,
682 1325 874 1408 relinquatur
883 1328 1020 1388 inclusus
1032 1328 1062 1385 in
1073 1325 1134 1386 loci
1145 1323 1228 1384 illiue

193 1414 354 1492 angustiis3
376 1410 583 1492 subjiciantur
593 1435 752 1476 ramorum
765 1416 951 1499 fragmenta,
971 1415 1110 1498 thymus,
1130 1414 1229 1487 casia,

192 1499 297 1562 herbe
307 1500 393 1562 aliae:
417 1501 493 1563 fiant
510 1505 567 1564 iata
586 1504 646 1566 sub
662 1525 805 1566 occasum
825 1505 956 1588 hyemis,
976 1507 1159 1588 priusquam
1175 1503 1228 1563 Ze·

191 1587 297 1670 phyri‚
320 1591 443 1650 ineunte
458 1612 541 1666 rere,
561 1593 658 1654 undae
671 1593 848 1677 impellant,
869 1607 956 1677 prata
972 1593 1104 1654 rubeant
1118 1590 1228 1652 colori·

192 1671 264 1750 bus,
279 1675 415 1737 hirundo
430 1677 582 1740 adventet.

231 1761 298 1823 308.
311 1766 328 1824 J
333 1768 440 1826 urenti
452 1766 566 1828 cmdem
579 1769 717 1850 sequitur
731 1791 826 1853 apum
839 1770 1006 1854 generatio.
1016 1765 1171 1850 Tepeacit,
1183 1764 1227 1824 in·

191 1947 686 2021 adrereuelleynium,posterishune,
731 1953 777 2004 Eat
795 1955 864 2005 enim
882 1950 972 2024 tegulo
992 1965 1058 2002 cera
1076 1959 1102 2000 et
1120 1945 1227 1998 semiro-

191 2048 246 2082 noo
258 2031 489 2102 minus‘geueroro
503 2037 592 2088 animo
605 2053 688 2107 quam
733 2031 824 2084 tunde.
837 2033 946 2084 raum.

191 2111 292 2181 ingenti
309 2112 433 2166 doctriua
451 2113 552 2168 clarum
571 2116 689 2169 tradide·
770 2112 827 2181 ²9⁸·
845 2113 968 2182 Quomor.
988 2109 1106 2180 Qualiter
1122 2124 1168 2159 eoa
1185 2123 1228 2158 ao·

190 2204 268 2242 runt:
288 2190 322 2244 de
340 2191 382 2244 hir
399 2194 501 2262 injuriis
518 2193 578 2246 vide
594 2194 686 2260 roll,
732 2193 980 2265 oipiendum,quod
988 2189 1227 2244 llomerusnotarit

191 2281 260 2320 nost.
279 2270 341 2322 edit.
359 2290 420 2342 pag.
439 2273 502 2333 581,
516 2286 542 2323 et
558 2272 591 2324 de
606 2275 686 2326 variis
730 2273 844 2338 Eurum,
860 2273 1023 2345 Zephyrum,
1036 2273 1160 2332 Boream,
1172 2269 1228 2318 No·

190 2345 362 2412 lectionibus,
376 2349 441 2400 ibid.
452 2368 515 2420 pag.
527 2348 577 2416 5:64
590 2365 616 2402 et
626 2369 684 2421 sqq.
731 2363 803 2402 tum:
824 2369 915 2403 omnes
935 2362 1023 2402 autem
1042 2350 1113 2399 renti
1132 2359 1227 2417 preter

190 2438 266 2476 notae
284 2427 376 2498 lleynii
393 2445 451 2496 qua:
468 2426 516 2477 tibi
533 2427 598 2478 nihil
616 2428 685 2481 ultra
730 2429 980 2495 enchorios,idest,
992 2425 1154 2498 regionales,
1165 2435 1227 2476 sont

189 2504 393 2558 desiderandum
406 2505 684 2582 relinquent-Myra
730 2508 892 2562 duodecim:
918 2507 1100 2570 Subaolanus,
1123 2505 1225 2570 Eurus,

185 2584 412 2658 fecundatorem.
424 2587 529 2637 Novum
539 2589 608 2638 enim
619 2606 685 2640 sem·
728 2591 829 2654 Foenix,
839 2588 935 2652 Notus,
944 2587 1102 2650 Libonotur,
1111 2585 1226 2650 Africus,

189 2682 238 2736 per
253 2665 343 2716 limum
360 2663 454 2730 trahit,
472 2667 518 2736 qui
536 2665 616 2718 efficit
635 2669 685 2719 foe·
728 2668 881 2740 Zephyrus,
910 2672 1049 2740 Argeater,
1079 2664 1225 2728 Thraciae,

191 2745 369 2798 conditerem:
382 2746 454 2798 unde
469 2758 494 2798 et
509 2746 585 2799 Nilne
597 2747 684 2802 dictur
728 2749 882 2820 Aparotias,
897 2749 1007 2810 lloraae,
1024 2744 1130 2797 cano.
1153 2741 1224 2795 Phil.

192 2841 245 2893 eat,
258 2829 335 2898 quari
346 2825 396 2880 rie:
408 2822 469 2888 hh,
482 2825 510 2880 id
522 2841 576 2890 eet,
586 2847 684 2882 norum
729 2855 764 2868 -
780 2825 891 2899 Obliquo
905 2827 961 2880 luoe
969 2826 1104 2898 fenestras.
1117 2823 1181 2891 Qun
1195 2839 1227 2876 ex

190 2906 297 2970 limum,
309 2907 432 2960 trahens:
448 2926 509 2960 nam
520 2919 597 2960 antea
609 2909 685 2962 Nilur
730 2906 841 2977 obliquo
862 2905 950 2958 lumen
971 2905 1130 2968 infundunt,
1150 2914 1179 2954 ut
1198 2903 1225 2953 in

190 2983 283 3036 Latine
295 2984 366 3034 Melo
379 2985 525 3038 dicebatur.
539 2987 609 3038 Serv.
728 2985 832 3040 horreis
841 2987 980 3038 cernimur.
989 2985 1016 3036 S.
1024 3013 1057 3023 -
1067 2981 1175 3052 obliquo
1184 2979 1226 3032 lu·

225 3061 285 3134 295.
300 3064 371 3134 Ipsos
384 3075 533 3116 oontmctus.
550 3065 592 3116 Ad
606 3069 686 3120 sueti·
729 3084 765 3118 oe.
776 3066 805 3118 ld
817 3065 938 3118 consulto
951 3063 992 3128 fit,
1005 3080 1037 3113 ne
1047 3061 1121 3112 loeus
1131 3057 1226 3130 perlle·

190 3143 307 3196 nendum
326 3154 427 3194 tantum
447 3153 473 3192 et
492 3145 685 3198 coarctandum
729 3157 855 3206 turmam
867 3146 897 3207 si,
906 3162 954 3215 per
961 3144 1099 3204 fenestrae,
1110 3137 1145 3190 ad
1155 3155 1225 3210 qua-

190 3221 266 3274 borie
276 3221 395 3273 cadaver.
406 3221 474 3272 Serv.
485 3249 518 3258 -
528 3223 684 3293 coartatus,
729 3235 790 3274 tuor
802 3222 893 3274 mundi
908 3220 1029 3272 cardines
1043 3229 1223 3280 oonetrnetas,

190 3318 244 3351 non
262 3301 346 3364 latus,
365 3312 410 3352 aut
429 3299 637 3370 transpirabllie:
655 3317 684 3354 ut
729 3313 801 3354 reeta
811 3301 856 3354 lux
866 3303 1044 3373 ingereretur,
1058 3299 1138 3369 plane
1148 3296 1223 3348 loom

189 3383 313 3432 nimirum
326 3382 403 3432 eitius
412 3379 456 3432 hie
465 3382 571 3452 sanguia
581 3397 684 3454 putres·
727 3380 771 3432 hic
781 3382 999 3452 refrigeraretur,
1011 3395 1099 3449 neque
1110 3393 1223 3448 vaporo-

190 3472 247 3523 oat,
263 3479 294 3512 ex
311 3479 365 3531 quo
382 3478 446 3530 apes
462 3473 628 3532 generentur.
643 3465 682 3514 Μ.
728 3475 773 3511 rue
783 3470 809 3510 et
821 3457 946 3512 humidus
960 3467 1140 3530 permaneret:
1151 3454 1222 3506 unde

227 3540 286 3608 296.
295 3539 455 3612 Anpurtique
462 3539 562 3591 imbrice
570 3542 635 3592 teeti.
644 3542 685 3592 Li·
727 3556 783 3590 uon
796 3551 850 3592 tam
862 3539 916 3590 cito
928 3549 1091 3608 putresceret
1105 3536 1221 3608 sanguis.

191 3631 232 3672 oet
248 3632 274 3671 et
290 3619 331 3670 hic
344 3620 440 3670 imbrex
455 3620 551 3670 lectum
565 3621 612 3684 rit,
629 3639 685 3674 me·
763 3619 824 3688 307.
838 3615 947 3670 Gamla
957 3635 1035 3690 quam
1046 3616 1123 3689 tiput'r
1131 3615 1223 3667 nidum

190 3699 241 3751 lius
249 3711 335 3750 tarneu
343 3698 684 3765 seeunduml‘lautum,haee
726 3696 864 3770 suspendat
875 3696 995 3750 himndo.
1008 3697 1050 3748 An
1062 3693 1220 3756 Philomela,

191 3780 285 3832 imbrex
296 3777 422 3830 dicimur:
435 3797 550 3849 namque
563 3781 612 3842 ait,
625 3781 684 3832 Fre·
728 3795 761 3827 au
778 3778 879 3848 Progne
894 3787 995 3828 mutata
1005 3778 1042 3844 ait
1058 3776 1085 3825 in
1101 3771 1222 3826 birundi-

188 3858 248 3930 qirtr'
260 3859 370 3910 imbrioer
379 3876 460 3922 meat,
470 3857 533 3910 dum
544 3869 568 3910 te
577 3859 682 3932 :liquam
726 3873 802 3920 nem,
823 3855 1006 3922 contenditur,
1027 3865 1056 3905 ut
1074 3851 1163 3902 videre
1182 3863 1222 3904 οη

190 3939 289 3990 seotarir
308 3939 417 3990 simiam.
439 3940 511 3991 Serv.
530 3967 565 3978 -
583 3940 684 3992 Imbrex
727 3934 775 3988 ael.
787 3935 893 4004 Vl,79;
903 3933 1047 4003 etbujuree
1056 3930 1164 3982 librive.
1178 3933 1219 3982 15.

190 4015 275 4084 diota,
293 4017 365 4088 quod
382 4017 491 4070 imbrem
508 4031 611 4071 arceat:
624 4019 682 4085 vel,
726 4015 854 4066 Necnon
873 4015 902 4066 iu
922 4011 1010 4068 indice
1029 4007 1171 4081 Erythraei,
1192 4007 1220 4060 in

189 4099 681 4175 quoeportitrubitoreffunderenimbot.
726 4093 881 4152 Philomela.
