3000 4674
258 261 321 344 ιιι
584 257 963 324 collusum-nrt

297 383 344 444 51.
357 383 454 462 Roget
469 377 580 460 aliquis
592 381 808 462 Corydonem:
828 395 901 440 tune
917 381 1034 440 otiosus
1048 381 1081 442 in
1098 389 1187 442 tanto
1202 380 1305 460 Nym-

166 507 168 510 ·
257 468 390 553 pharum
403 468 515 542 studio,
527 482 556 527 et
567 467 675 529 labore
688 467 899 530 Naidosttton
909 491 962 531 ero
971 471 1117 550 (inquit):
1131 472 1196 532 imo
1206 467 1303 528 labor

258 579 344 616 meus
356 559 529 639 pretiosior,
542 569 571 617 et
581 557 704 618 utilior:
718 560 824 618 namsi
839 557 900 618 illae
912 573 1106 640 occupantur
1115 561 1149 618 in
1158 555 1303 636 legendis

259 644 404 720 floribus,
427 667 483 729 ego
497 645 676 730 occupabor
689 649 721 706 in
735 647 894 729 capiendis
908 645 1059 708 fructibus
1073 671 1079 706 :
1099 649 1199 730 legam
1212 647 1300 706 enim

258 730 355 807 mala,
374 755 467 794 nuces
488 751 661 810 castaneas,
680 757 801 816 pruna:
822 734 887 798 brec
903 733 981 796 mihi
999 739 1062 795 visa
1079 757 1165 796 utens
1181 747 1303 816 poetae,

258 843 332 881 nam
350 819 491 905 profecto
510 824 657 908 Corydon
677 839 773 886 certat
794 846 867 885 cum
888 825 991 886 studio
1012 824 1243 906 Nympharum:
1265 833 1302 879 et

258 907 335 992 ideo,
350 913 467 991 signate
485 915 545 973 tria
564 935 691 996 quoque
713 914 807 975 verba
833 912 985 994 adjungit.
1008 911 1162 996 Nympbae
1180 910 1305 982 ferent,

258 995 331 1058 Nais
344 1015 447 1081 carpet
459 1017 489 1062 et
500 1004 624 1083 pinget:
639 1023 695 1082 ego
708 1023 833 1084 quoque
846 1005 911 1085 ipse
922 1007 933 1084 (
941 1024 979 1062 an
994 1001 1083 1062 alteri
1096 1021 1200 1062 curam
1216 1017 1301 1058 com-

260 1089 428 1167 mitterem,
442 1113 536 1174 quam
550 1114 607 1173 pro
619 1107 649 1152 te
661 1092 829 1174 suscipioi)
839 1092 954 1173 legam,
967 1091 1095 1166 addam,
1107 1108 1248 1170 carpam3
1260 1108 1305 1147 ne

260 1177 319 1234 sim
332 1179 483 1260 Nymphis
497 1183 600 1241 minus
613 1179 798 1243 studiosior:
811 1180 884 1244 inde
895 1181 1035 1241 studium
1048 1179 1127 1242 illud
1141 1183 1173 1240 in
1187 1197 1304 1238 ornan-

259 1262 308 1323 dis
321 1264 428 1342 rebus,
441 1289 517 1350 quaa
530 1272 596 1351 ipse
607 1267 731 1330 offeret:
748 1268 877 1351 perinde
889 1290 926 1328 ac
940 1271 967 1328 si
981 1268 1108 1342 diceret;
1123 1265 1211 1328 dabit
1224 1265 1301 1324 Nais

259 1352 374 1430 violas,
394 1377 459 1437 non
477 1358 636 1438 vulgares,
655 1358 708 1419 sed
730 1357 894 1441 pallentes3
913 1359 1066 1431 vaccinia,
1086 1377 1156 1438 quae
1175 1351 1303 1427 mollia;

261 1439 412 1520 caltham,
432 1466 500 1527 quae
517 1446 653 1508 luteola:
674 1449 726 1509 sod
746 1469 809 1508 non
828 1467 878 1508 me
896 1448 1017 1507 vincet:
1037 1444 1121 1507 dabo
1140 1446 1224 1505 enim
1242 1461 1304 1522 ego

261 1529 361 1606 mala,
373 1555 442 1614 quae
454 1537 589 1616 pretiosa
602 1558 657 1598 sua
668 1539 798 1612 canitie,
810 1559 867 1598 auo
879 1537 1010 1609 lanici03
1022 1535 1105 1596 dabo
1115 1553 1223 1607 nuces,
1235 1551 1303 1590 non

258 1619 417 1702 vulgares,
441 1622 494 1682 sad
516 1623 585 1686 illas
605 1639 775 1698 castaneas3
797 1627 862 1685 imo
883 1645 971 1700 vero,
992 1645 1068 1705 quas
1088 1623 1213 1682 amabat
1233 1638 1303 1678 mea

261 1708 437 1792 Amaryllis.
447 1711 607 1787 Quantum
618 1709 678 1774 boc
687 1714 747 1774 est?
755 1714 837 1774 dabo
848 1735 965 1795 pruna:
977 1711 1030 1772 illa
1040 1733 1110 1795 quae
1119 1723 1191 1771 sunt
1199 1725 1303 1780 cerea,

260 1808 291 1852 et
302 1797 415 1876 quibus
421 1797 487 1878 jam
498 1822 596 1861 novus
607 1800 709 1864 bonos
720 1801 858 1876 accedet,
870 1802 953 1882 quod
967 1802 1052 1862 tibia
1063 1822 1112 1861 me
1121 1816 1303 1861 consecren-

261 1895 327 1957 tur,
347 1904 411 1944 non
427 1888 529 1948 minus
546 1904 637 1971 atque
654 1892 686 1950 in
703 1889 823 1951 honore
839 1903 910 1951 sunt
925 1911 1020 1973 quarn
1033 1909 1126 1950 nuces
1138 1896 1304 1958 castaneae,

264 1989 332 2052 quaa
346 1989 490 2036 amentur
501 1978 540 2038 ab
553 1977 752 2061 Amaryllide.

265 2129 352 2196 Quam
369 2146 460 2188 noster
479 2135 620 2205 lacteolam,
637 2139 694 2190 Col.
712 2136 760 2190 lib.
806 2157 833 2192 se
846 2141 932 2210 pomis
949 2139 1075 2211 cydoueis
1086 2133 1250 2188 verissimum
1263 2141 1305 2182 est

264 2209 297 2260 X.
311 2209 344 2262 de
361 2211 424 2264 cult.
437 2213 507 2267 bort.
517 2216 703 2293 flammeolum
718 2236 764 2269 vo·
807 2237 838 2271 ex
849 2218 976 2285 cotxll,
987 2217 1030 2286 45.
1040 2215 1157 2288 Cydonia
1169 2215 1198 2265 in
1210 2209 1306 2301 lagen

266 2303 317 2343 cat.
330 2293 422 2361 Quod,
430 2309 496 2350 teste
508 2297 648 2366 salmasio,
658 2301 685 2352 in
695 2299 760 2350 Plin.
807 2317 893 2364 nova,
914 2316 974 2370 quot
991 2298 1026 2352 sit
1041 2293 1213 2368 potentissimi
1233 2309 1304 2354 orer,

267 2375 401 2426 exercitat.
415 2395 442 2447 p.
454 2376 528 2430 1155.
542 2377 629 2445 idem,
642 2377 716 2450 quod
726 2377 764 2430 lu·
808 2379 905 2430 &tamn
916 2377 1043 2450 lanugine
1059 2393 1118 2450 quoe
1133 2371 1210 2426 malis
1222 2371 1304 2434 inest,

266 2451 343 2504 tcola.
361 2454 399 2505 De
417 2455 488 2506 lnteo
503 2455 593 2508 colore
609 2459 648 2510 sic
662 2457 764 2509 Gellius
809 2467 1005 2528 componuntur
1020 2455 1119 2508 leviter.
1138 2453 1210 2506 Mala
1226 2453 1305 2505 latru-

265 2532 308 2598 ll,
330 2535 362 2586 26
373 2555 379 2584 ι
392 2533 509 2585 liubidus
528 2544 616 2585 autem
637 2546 674 2587 est
690 2536 766 2608 rufius
809 2539 869 2608 gine
880 2535 998 2589 obducta
1009 2533 1098 2587 lancta
1112 2532 1229 2606 appellat
1238 2530 1303 2583 Plin.

266 2611 496 2682 atroreetniqrone
505 2609 589 2662 multo
599 2612 713 2676 mixtus,
724 2610 765 2663 lu·
809 2617 870 2677 XV,
886 2615 925 2681 14.
936 2617 1023 2667 Emm.

269 2701 425 2744 aureorum
442 2689 517 2758 rusus
533 2688 605 2740 color
619 2689 764 2742 estdiluci·
845 2693 886 2747 52.
913 2696 1100 2766 &tantasque
1123 2707 1209 2744 auca.
1236 2691 1305 2740 liene

267 2772 341 2834 dior,
351 2769 420 2821 unde
430 2769 484 2840 ejus
493 2786 596 2840 quoque
604 2770 764 2841 nomenfac·
808 2777 925 2845 speeiem
935 2773 1054 2838 addidit,
1061 2773 1152 2826 dicent
1160 2783 1306 2823 castaneas.

271 2862 325 2902 lum
340 2866 390 2902 este
402 2847 511 2899 videtur·
807 2855 876 2906 Nam
892 2855 994 2920 Nttces,
1012 2852 1171 2926 generaliter
1183 2850 1308 2902 dicuntur

304 2928 346 2982 5ι.
359 2931 431 2982 Cana
443 2925 525 2999 legam
537 2937 625 2979 testera
637 2925 765 3001 lanugine
809 2933 914 2998 omnia,
937 2946 1008 2986 tecta
1031 2933 1104 2984 corio
1126 2929 1233 2982 duriore
1251 2951 1257 2979 ι
1278 2941 1307 2980 ιιι

268 3009 351 3080 rnala.
365 3007 436 3060 Mala
460 3005 525 3059 dicit
547 3006 685 3078 cydonea,
705 3025 764 3079 quae
809 3012 952 3081 avellanae,
970 3011 1130 3084 amygdalae,
1149 3009 1306 3082 juglandes,

268 3085 690 3162 lanuginisplenasuntrsednon
701 3106 766 3158 prae·
812 3105 965 3154 castanate;
984 3093 1053 3144 sicut
1071 3103 1166 3143 contra
1183 3089 1307 3141 dicuntur

270 3185 310 3223 ter
322 3169 515 3241 obliquitatem.
533 3169 602 3220 Nam
617 3169 645 3220 in
659 3169 769 3222 AEneide
812 3189 908 3243 poma,
921 3174 1012 3224 omnia
1024 3171 1155 3223 molliora.
1166 3169 1238 3222 Sero.

270 3251 397 3316 diximus,
410 3248 482 3320 apud
491 3247 645 3315 Cretenses,
654 3250 769 3302 infamia
849 3250 1002 3303 saaraim
1013 3267 1183 3322 cenapium
1192 3259 1217 3299 et
1229 3246 1307 3298 honos

269 3347 353 3402 genua
362 3327 504 3399 juvenibus
517 3329 620 3396 fuerat,
633 3347 687 3381 non
700 3348 771 3382 ama-
814 3329 864 3381 erit
875 3328 937 3380 hnic
948 3347 1053 3402 quoque
1062 3346 1149 3400 pomo.
1162 3327 1234 3378 Licet
1246 3325 1308 3378 binc

271 3424 312 3460 tos
325 3411 415 3460 luisse.
424 3409 456 3459 Et
465 3407 615 3459 verecunde
626 3426 682 3460 rem
696 3406 770 3460 inho·
814 3425 906 3460 corum
923 3408 1064 3460 obscuram
1081 3405 1245 3478 diligentiam
1263 3403 1308 3456 da·

271 3501 374 3541 uestem
386 3489 542 3558 supprimit,
552 3505 632 3558 quam
644 3489 770 3542 Theocri·
813 3486 996 3560 prehendere,
1014 3488 1059 3558 qui
1073 3503 1155 3556 quum
1172 3484 1269 3556 passim
1282 3483 1307 3534 in

272 3582 315 3619 tus
332 3579 423 3637 aperte
441 3567 769 3618 commemorat.Serv.--
812 3565 945 3619 veteribus
972 3563 1166 3637 exemplaribus
1193 3561 1310 3633 legerant

272 3648 325 3714 Qui
350 3644 434 3696 servit
457 3645 615 3696 seutentiam
637 3643 768 3698 firmatam
813 3643 917 3696 Addam
933 3661 1006 3696 cama
1020 3661 1125 3715 γηιιιας
1142 3640 1223 3692 honos
1244 3639 1307 3704 en't,

274 3725 358 3798 cupit,
364 3722 442 3776 adeat
449 3721 565 3792 lipsium
576 3723 622 3774 lib.
630 3723 674 3775 lll.
686 3725 768 3796 antiq.
815 3723 1055 3795 absquepartieula
1063 3721 1242 3790 conjunctiva,
1252 3737 1309 3770 eam

273 3806 334 3860 lect.
350 3800 551 3854 :honestiorem
566 3819 672 3872 quoque
689 3803 771 3856 inter·
814 3821 848 3856 ne
860 3820 951 3854 versus
965 3801 1084 3854 infirmus
1097 3811 1182 3863 esset,
1196 3799 1310 3848 inserue-

274 3885 448 3961 pretationem
460 3879 589 3933 biclocua
601 3897 771 3954 nourespue-
814 3893 885 3934 rant.
902 3881 992 3948 Quare
1010 3897 1092 3951 quum
1110 3897 1198 3949 neque
1217 3890 1309 3949 preter

274 3961 591 4034 revidetur.banuginem
600 3960 693 4016 saltem
699 3963 771 4018 inea·
815 3963 945 4014 rationem
958 3961 991 4012 sit
1003 3959 1090 4033 legere
1101 3976 1190 4030 pruna
1197 3979 1208 4018 ς
1220 3956 1310 4021 hortos,
