2964 4690
300 383 364 460 400
632 329 1017 436 oouuuurtuit

299 503 423 568 AEstate,
438 494 754 575 Autumno,Hyeme:
770 513 949 576 quicquum
963 494 1240 571 diversaiuterse,
1256 509 1375 557 tamen

298 606 419 646 aunum
434 581 577 644 efficiunt
589 601 714 665 parem,
729 595 760 642 et
772 601 897 663 semper
910 585 957 642 sui
973 581 1118 644 similem.
1133 583 1270 667 Duplex
1286 583 1375 643 diri·

293 679 346 736 eio
361 689 405 736 est
423 676 457 736 in
476 673 535 734 boc
554 683 667 747 tractu,
683 674 821 755 primum
835 672 914 754 quid
930 672 1111 734 faciendum
1130 673 1248 756 pluvio
1270 673 1374 748 caelo,

297 784 369 846 qute
389 764 490 844 prima
514 781 601 822 mens
618 775 721 843 poetae
733 783 740 819 :
754 759 895 821 'alterum
916 761 994 843 quid
1012 760 1124 824 diebus
1143 761 1253 838 festis,
1277 762 1373 844 qnod

297 852 401 934 primo
421 869 587 910 annexum.
610 851 693 930 Ergo
716 851 778 909 ait:
798 869 865 910 nou
885 851 984 910 otiose
1003 849 1116 910 caelum
1136 849 1373 933 speculamur,

299 939 412 1020 quiesi
425 938 526 998 imber
534 935 658 1020 hyemis
668 936 841 1019 agricolam
851 937 890 998 ab
902 937 1079 999 laborando
1089 941 1253 1014 continet,
1266 938 1372 998 datur

296 1026 345 1088 illi
357 1043 496 1102 mature,
515 1028 712 1108 tempestive,
732 1038 764 1087 et
781 1047 840 1108 per
853 1029 954 1087 otium
971 1047 1006 1087 ea
1024 1026 1112 1089 domi
1129 1025 1249 1100 facere,
1274 1047 1371 1110 quae,

296 1120 322 1178 si
337 1132 462 1200 tempus
482 1130 562 1177 esset
577 1137 737 1193 serenum,
757 1117 915 1178 debuisset
931 1131 1154 1199 properanter,
1173 1119 1370 1200 raptimque

296 1207 415 1283 iacere,
425 1222 461 1268 ut
472 1209 531 1267 iret
542 1205 581 1266 ed
592 1227 682 1290 opus.
695 1209 807 1290 ltaque
817 1222 926 1269 utatur
936 1208 1097 1269 occasione
1108 1205 1270 1267 imbriferi
1285 1196 1370 1267 tem-

295 1301 392 1381 poris.
405 1296 545 1357 Advocat
557 1295 701 1379 exempla
713 1319 720 1355 :
734 1299 799 1357 exit
813 1297 952 1379 agricola
967 1317 1092 1357 summo
1105 1317 1198 1356 mane
1212 1296 1254 1356 ad
1272 1317 1370 1356 aran·

296 1388 369 1448 dam
385 1403 514 1462 terram,
533 1386 625 1447 debet
636 1407 748 1447 acuere
762 1407 936 1464 vomerem,
955 1390 1010 1469 qui
1024 1385 1173 1447 obtusus:
1195 1398 1367 1468 quantum

297 1477 455 1560 impendit
467 1474 542 1536 huic
555 1477 659 1558 operi,
674 1490 800 1537 tentum
812 1476 916 1559 perdit
934 1476 973 1537 de
992 1473 1119 1536 labore:
1140 1497 1233 1557 ergo,
1252 1497 1365 1558 quum

296 1565 397 1626 imber
408 1579 468 1638 est,
481 1561 577 1625 faciat
589 1562 657 1625 baec
672 1567 859 1647 petatium,
872 1580 903 1626 et
915 1579 1047 1626 mature.
1057 1564 1148 1626 Unde
1161 1562 1286 1646 duplex
1300 1567 1368 1624 uti-

295 1654 387 1714 litas:
408 1672 480 1711 nam
500 1665 530 1711 et
547 1666 623 1712 tunc
636 1650 715 1714 bene
731 1652 841 1729 faciet,
861 1669 893 1715 et
907 1651 988 1713 nihil
1003 1667 1112 1735 postea
1127 1651 1240 1736 perdet
1253 1652 1300 1713 de
1314 1653 1365 1711 la-

296 1741 383 1804 bore.
397 1740 548 1801 Similiter
556 1756 681 1802 excavet
690 1743 832 1818 arbores,
844 1757 875 1804 et
888 1741 1001 1803 formet
1012 1745 1044 1802 in
1054 1742 1164 1802 lintres
1176 1765 1183 1800 :
1197 1743 1365 1822 inprimet

296 1833 402 1915 pecori
422 1845 477 1890 aut
495 1830 727 1894 frumentorum
749 1835 867 1894 acervis
885 1835 1031 1916 signum:
1052 1847 1180 1894 exacuat
1200 1829 1310 1892 vallos
1329 1847 1365 1892 et

296 2031 324 2068 et
333 2017 425 2090 hyems
438 2039 445 2068 ι
463 2029 489 2070 et
505 2029 594 2071 tamen
610 2019 644 2074 de
660 2019 702 2073 his
715 2041 801 2076 annus
885 2023 945 2076 263.
958 2023 1014 2076 Aut
1022 2022 1110 2095 pecori
1119 2022 1238 2095 siquem,
1248 2028 1303 2070 ant
1314 2037 1364 2069 nu·

287 2097 421 2152 eflicitur.
435 2099 505 2150 Seru.
846 2120 929 2155 meme
944 2103 1069 2176 impressit
1079 2100 1181 2154 acervis.
1194 2098 1226 2150 ld
1239 2111 1304 2162 est,
1319 2099 1363 2150 fe-

325 2177 473 2248 259-267.
485 2178 610 2247 Quoennm
617 2179 734 2255 pluviali
740 2191 804 2234 tem·
846 2183 938 2234 citent
949 2181 1132 2249 characteres,
1143 2177 1242 2252 quibus
1253 2195 1362 2248 pecora

294 2255 532 2329 pertatefacicnda.
544 2256 611 2311 Vide
624 2260 784 2314 PlimllVlll
791 2299 800 2330 ,
846 2264 999 2334 signentur3
1008 2273 1055 2314 aut
1063 2257 1363 2330 teseemuquibusiru·

295 2335 346 2402 65,
362 2337 417 2408 67:
436 2336 475 2389 ibi
494 2339 566 2388 enim
586 2338 703 2409 plurime
718 2343 802 2395 refert
846 2355 998 2394 mentorum
1023 2358 1150 2393 numerus
1176 2339 1361 2410 designatur:

294 2416 419 2490 agricolis
432 2417 559 2470 notanda.
577 2418 655 2472 Vide.
673 2420 801 2490 Gol.1x,
846 2440 908 2474 nem
926 2439 1046 2474 uumerus
1064 2439 1114 2492 pru
1135 2420 1220 2472 literis
1240 2419 1358 2490 posuit,

299 2497 331 2564 14
341 2519 348 2560 ς
360 2497 411 2563 Xl,
425 2515 438 2550 2
451 2520 457 2549 ι
474 2497 596 2550 «illalum
605 2513 710 2570 petrem
719 2502 801 2554 fami·
847 2503 945 2576 quibus
955 2504 1060 2556 numeri
1070 2503 1251 2554 continentur.
1259 2499 1306 2551 De
1315 2497 1359 2550 his

300 2578 371 2630 «lias
381 2577 521 2630 oraculum
531 2577 666 2646 declaret,
680 2583 801 2654 quisquis
846 2584 931 2636 Andr.
954 2583 1056 2636 Schott.
1075 2581 1172 2634 nodor.
1194 2581 1358 2643 Ciceronis,
1440 2625 1441 2628 ,

300 2677 312 2702 u
322 2656 440 2708 interdiu
449 2658 642 2728 iaceret,quod
652 2675 734 2715 noctu
742 2678 803 2733 pos·
846 2663 885 2728 ll,
894 2664 921 2716 6.
929 2693 963 2704 -
970 2663 1062 2715 Peeori
1069 2663 1182 2736 siquem:
1190 2661 1359 2732 Plerumque

299 2748 375 2803 «tet,
389 2737 441 2788 nisi
451 2737 479 2788 in
493 2749 650 2807 tempestate
664 2740 737 2803 celi3
754 2759 803 2812 pe·
846 2759 946 2794 nomen
965 2741 1084 2808 domini,
1107 2741 1199 2813 quod,
1219 2753 1250 2792 ut
1271 2739 1359 2792 Colu—
1440 2793 1441 2814 3

301 2816 406 2883 ajorum
423 2817 469 2886 qui
485 2817 613 2886 profestis
627 2815 723 2871 diebus
739 2839 802 2892 nqe-
846 2821 927 2874 mella
936 2823 999 2889 Vll,
1015 2839 1048 2892 95
1066 2822 1119 2887 XI,
1134 2839 1168 2888 a,
1193 2821 1238 2888 ¹4,
1255 2819 1310 2882 38;
1329 2833 1358 2874 et
1440 2823 1441 2832 ’

301 2908 379 2958 eret,
394 2894 468 2965 quod
480 2896 582 2948 ferietis
594 2896 722 2966 deberet,
738 2917 803 2972 pes·
847 2899 981 2954 Palladius
1004 2902 1045 2968 ll,
1071 2901 1117 2964 163
1137 2901 1275 2968 referunt,
1293 2903 1357 2972 pice
1440 2901 1441 2930 ³

300 2976 493 3046 ssimum,qui
505 2992 599 3028 sereno
613 2975 656 3030 die
669 2979 802 3032 subtecto
847 2979 952 3052 liquida
969 2982 1132 3034 inscribitur.
1152 2981 1183 3036 V.
1205 2982 1237 3034 G.
1253 3009 1290 3020 -
1306 2983 1358 3032 Δι-

300 3079 311 3102 e
321 3057 800 3131 potiusoperaretur,quaminagro.n
848 3073 999 3114 mentorum
1010 3062 1150 3123 custodes,
1161 3080 1303 3134 quosuum
1311 3081 1359 3135 pe·

297 3165 332 3178 -
342 3135 460 3209 Frigidus
471 3135 556 3188 imber.
566 3135 635 3190 Vide
647 3135 744 3210 Georg.
755 3139 801 3192 lib.
848 3159 895 3195 out
903 3141 938 3194 ab
946 3141 1034 3194 alieno
1043 3143 1268 3210 internoscerent,
1277 3144 1358 3215 signs

295 3217 350 3282 lll,
366 3209 534 3287 2793p1uvi0'
546 3217 661 3288 frigore:
672 3218 723 3294 ly,
733 3217 801 3287 361,
849 3221 971 3292 quedem
979 3224 1012 3274 ,εἰ
1032 3224 1186 3294 imprimere
1209 3239 1356 3276 conruere·

297 3298 412 3371 frigidus
425 3310 522 3352 auster.
538 3298 569 3353 V.
585 3300 617 3352 G.
847 3314 924 3368 rnut,
937 3319 995 3372 que
1005 3304 1135 3373 quoniam
1143 3304 1216 3356 terro
1225 3301 1354 3356 candenti

334 3379 395 3431 262.
408 3379 524 3432 Vometis
535 3379 624 3432 obtusi.
638 3378 763 3433 Hebetis:
775 3394 802 3434 et
847 3379 1038 3448 inurebantur,
1056 3401 1072 3434 a
1090 3380 1189 3435 Grecis
1208 3379 1353 3446 ιἰιιιιῖμιιιι

296 3459 424 3511 obtusum
436 3471 493 3523 est,
510 3459 641 3531 quicquid
657 3461 715 3514 siue
734 3479 801 3514 aco·
847 3459 1353 3536 dictasunt:talisignorecupcrebatur

297 3540 368 3590 mine
380 3547 433 3602 est,
445 3535 487 3588 vel
501 3536 609 3590 calore:
622 3551 669 3606 ut,
685 3558 739 3591 non
758 3541 801 3592 ob·
846 3559 941 3613 equus,
950 3545 1025 3613 cnjus
1033 3543 1237 3615 meminitdpul·
1248 3543 1265 3597 l.
1274 3545 1308 3611 ll,
1316 3543 1351 3596 de

296 3626 354 3668 tusa
367 3615 431 3667 adeo
448 3625 576 3688 portamus
592 3628 697 3687 pectora
716 3620 799 3674 Poeni,
845 3622 929 3674 Asino
942 3625 1091 3676 aureo.llic
1106 3643 1163 3676 mos
1174 3625 1255 3678 hodie
1267 3628 1351 3681 etiem

297 3696 408 3766 Antiqui
415 3707 505 3747 tamen
515 3714 533 3746 u
543 3695 647 3748 literam
655 3696 801 3769 addebant,
846 3702 919 3774 apud
929 3717 1035 3758 nostros
1046 3706 1178 3778 agricolus
1186 3709 1265 3780 viget.

296 3775 372 3848 quod
391 3793 440 3828 nos
459 3787 570 3848 propter
588 3776 752 3850 euphoniam
772 3781 802 3834 in
883 3784 1350 3851 264.Exomuntaliivollos.l²ossas

287 3855 432 3927 .eliquibus
444 3854 623 3924 detraximus,
639 3871 669 3911 ut
682 3859 800 3914 obtimis.-
846 3875 873 3915 et
884 3881 991 3933 muros,
1003 3864 1037 3918 de
1048 3879 1117 3918 terre
1126 3867 1228 3933 factos,
1241 3871 1351 3939 exponit

299 3939 328 3992 itt
345 3935 479 4008 aliquibus
496 3939 639 4005 remansit,
657 3951 686 3990 ut
703 3950 798 3994 tunsus.
845 3943 968 3996 Servius:
983 3949 1058 4017 atqui
1071 3945 1128 3999 hec
1143 3967 1231 4019 neque
1245 3967 1350 4001 acuun-

301 4017 801 4081 -obtustautem,reve1semttetam·
846 4035 905 4089 tur,
925 4041 1012 4095 neque
1029 4045 1078 4097 per
1093 4027 1192 4080 imbres
1209 4027 1267 4080 lieri
1285 4047 1349 4100 pos·

301 4101 372 4152 ruine
382 4099 497 4152 carentis.
513 4097 584 4152 Serv.
846 4117 922 4156 sunt:
934 4117 963 4155 tu
972 4105 1049 4175 palos
1060 4109 1115 4160 sive
1125 4107 1222 4175 sudes,
1233 4119 1350 4181 quorum
