2964 4690
252 259 329 336 „³60

596 253 979 324 COMMENTABIA

306 383 355 445 50.
378 383 473 442 Poeta
495 377 630 441 secundo
653 393 811 462 praecepto
832 393 955 453 monet,
978 378 1235 459 praediscendom
1267 398 1345 440 esse

264 473 407 552 diligenti
421 470 580 551 agricolae,
595 470 682 551 prius
701 489 795 551 quam
812 488 844 530 se
858 469 898 528 ad
913 469 1061 528 arationis
1073 466 1220 530 laborem
1235 491 1342 530 com·

262 631 335 686 banc
352 633 515 704 excipiebat,
531 651 588 704 qua¹
602 633 724 696 iteratio,
739 644 766 683 et

220 755 223 760 .
262 725 326 784 post
338 731 396 764 eam
410 715 504 778 tertia,
522 732 579 784 quae
596 713 713 766 tertiatio
724 711 766 764 di·

263 793 375 846 cebatur
391 817 397 846 ι
416 807 442 846 et
462 792 561 864 triplici
576 791 628 846 hac
647 793 766 844 aratione

265 871 402 938 defuncti,
422 877 485 926 satis
505 886 602 924 terram
625 874 767 925 exercitam

263 954 466 1006 existimabant:
480 953 513 1005 de
526 951 567 1004 bis
578 951 640 1005 vide
652 953 728 1004 Varr.
740 953 766 1016 l,

265 1051 308 1104 ²9·
322 1032 372 1086 Sed
387 1047 481 1104 quarta
494 1033 578 1084 aratio
592 1043 648 1084 erat
661 1033 767 1083 maximi

209 1112 211 1120 ’
264 1111 768 1182 ιιιοιιιιιιιίςιιοιιειιίειιιιιειιιᾶἰιιίιιοιο

264 1190 484 1265 hujuaarationis
495 1193 622 1245 describit
631 1205 767 1262 tempora,

267 1293 324 1346 quae
334 1277 373 1328 sic
382 1273 568 1326 distribuentia
577 1290 674 1325 censeo
686 1294 692 1322 :
706 1285 767 1343 post

264 1367 356 1406 tonsas
368 1355 484 1406 novales.
500 1353 589 1404 Prima
605 1352 690 1404 aratio
706 1365 767 1403 ante

263 1432 401 1506 hyemem,
417 1453 496 1504 quam
512 1433 632 1502 sequitur
645 1450 704 1483 ver.
720 1430 767 1483 ubi

265 1511 295 1564 fit
304 1515 354 1566 soli
368 1513 487 1566 secunda
496 1513 653 1582 proscissio,
665 1524 691 1563 et
700 1510 771 1576 Tou·¹

263 1604 398 1646 rusamtm
407 1592 604 1665 iupemit3sicut
615 1591 700 1642 aratio
709 1589 768 1640 ulti·

264 1663 355 1716 mavei
363 1661 767 1733 quarta,queastioniadjuncta

263 1743 418 1816 pertinebat
442 1742 477 1794 ad
501 1741 610 1794 alteram
635 1741 767 1812 hyemem.

263 1825 312 1876 llis
335 1822 439 1874 duabus
461 1820 580 1872 bibernis
602 1819 768 1873 arationibus

265 1903 307 1954 bis
319 1904 418 1974 frigora
433 1900 564 1954 sentiebat
575 1919 666 1952 arvum
675 1941 683 1968 ,
693 1912 719 1952 et
727 1899 768 1952 bis

264 1982 348 2036 aolem
359 2001 433 2054 seges
442 1985 531 2034 betete
539 1983 655 2034 vervacti
664 1997 769 2032 cessan-

263 2063 315 2126 tia,
339 2074 365 2114 et
385 2062 468 2114 altera
488 2073 577 2114 aestate
598 2079 655 2132 quoe
678 2061 768 2130 fruges

264 2153 389 2195 maturat.
406 2141 448 2193 Sic
466 2153 582 2212 quatuor
602 2139 768 2193 arationibus

264 2221 405 2274 subaotum
423 2220 626 2294 intelligendum
644 2233 684 2274 est
701 2218 768 2272 illud

266 2303 370 2370 solum,
390 2303 462 2377 quod
480 2303 520 2355 bis
542 2304 660 2374 frigora,
680 2314 706 2354 et
726 2301 767 2354 bis

265 2384 383 2436 calorem
401 2401 589 2455 perpetaurum
607 2395 654 2435 eat.
670 2383 771 2434 Locum

264 2466 341 2518 illum
359 2466 480 2538 Virgilii,
497 2466 535 2516 ita
554 2463 770 2534 utexplicamua,

264 2550 455 2617 interpretatos
474 2562 532 2597 esse
548 2556 650 2597 veteres
668 2545 771 2616 agrico-

265 2625 373 2678 lationis
383 2623 526 2694 prudentes
533 2623 632 2675 Plinius
640 2635 771 2685 monstrat

266 2704 309 2757 bia
322 2704 411 2755 verbis
425 2703 510 2754 XVlll
518 2739 527 2767 ,
545 2719 587 2756 ao.
602 2703 705 2769 Quarto
718 2705 771 2756 seri

267 2784 343 2837 sulco
355 2783 481 2856 Virgilius
495 2784 659 2835 existimatur
669 2783 770 2836 voluis-

266 2883 308 2930 se,
320 2882 401 2935 quum
412 2863 478 2915 dixit
489 2866 617 2934 optimam
628 2881 685 2916 esse
697 2881 770 2937 aege·

266 2958 395 3016 tem,qua
403 2943 770 3016 bissolem,bisfrigorasen-

240 3043 242 3048 ’
267 3026 350 3078 sisset.
362 3025 440 3077 Hunc
449 3023 551 3076 sulcum
562 3021 640 3074 Plinii
650 3022 769 3095 quadru-

265 3108 363 3180 plicem
375 3118 491 3177 quatuor
499 3103 587 3156 verbis
597 3103 771 3175 sequentibus

263 3185 772 3262 itaputodesignandum3anteprimam

265 3269 386 3342 hyemem
402 3281 470 3318 terra
483 3265 675 3337 proscinditur:
693 3266 770 3316 initio

265 3346 771 3418 verissequentisiterumpermmpitum

266 3441 355 3480 testate
369 3427 488 3496 proxima
501 3425 669 3498 offrinpitur,
683 3439 710 3478 et
722 3443 770 3496 per

266 3505 384 3560 medium
391 3506 578 3575 consequentis
585 3507 772 3558 autumnicur-

267 3605 327 3640 suan
351 3585 445 3637 lit-atur
467 3584 501 3636 ad
520 3587 659 3648 sationem.
681 3583 769 3654 (Vide

266 3669 353 3720 Notas
366 3664 417 3716 vol.
433 3665 459 3726 l,
472 3683 499 3735 p.
516 3663 566 3716 255
575 3677 607 3716 ‘et
620 3664 697 3735 256.)
710 3664 771 3718 Ser-

265 3746 325 3797 vius
336 3761 390 3796 non
408 3756 479 3796 recte
496 3741 584 3793 locum
601 3742 673 3795 bunc
691 3744 770 3798 intel-

266 3826 347 3888 lexit,
362 3825 408 3894 qui
422 3824 504 3876 refert
515 3823 550 3876 bis
561 3822 661 3889 Solem,
675 3823 710 3878 tis
716 3827 772 3898 fri-

265 3923 329 3979 poro
345 3904 432 3968 sentit,
447 3903 481 3956 ad
496 3902 598 3956 dierum
613 3902 729 3958 calorem
744 3919 772 3958 et

267 3988 387 4044 noctium
406 3987 524 4059 frigora,
546 3986 647 4040 scilicet
667 3985 703 4040 ad
721 3985 772 4039 du-

810 629 908 704 plicem
934 631 1104 694 arationem,
1127 629 1277 682 vernalem
1306 643 1339 680 et

812 709 1002 764 autumnalem.
1017 709 1143 762 Nostram
1156 711 1339 780 interpreta-

812 792 911 842 tionem
929 791 1056 860 opinione
1076 787 1250 841 confirmavit
1276 805 1336 840 sua

814 869 985 922 doctissimus
999 881 1025 922 et
1040 871 1111 922 inter
1125 871 1198 920 viros
1216 867 1336 920 Gallia-

813 967 872 1001 rum
883 950 1033 1001 senatorios
1041 947 1273 1018 academicosque
1283 965 1335 999 ce-

812 1027 970 1082 leberrimus
982 1031 1028 1081 rs.
1037 1029 1298 1100 DaNsorcasmo.

849 1109 891 1161 50.
903 1109 941 1161 At
948 1111 1020 1180 prius
1029 1108 1228 1182 ipnotttmfmu
1237 1124 1331 1180 quam

811 1189 951 1242 scindimus
962 1207 1056 1262 oequor.
1064 1187 1095 1240 ld
1103 1199 1154 1251 eat,
1162 1201 1225 1240 ante
1235 1202 1330 1257 quarn

812 1267 943 1320 faciamus
951 1281 1114 1334 vervactum.
1126 1267 1152 1318 Si
1163 1279 1256 1320 autem
1265 1284 1328 1318 nou

813 1345 983 1412 immensum,
1003 1346 1050 1400 sed
1070 1349 1186 1421 ignotum
1203 1347 1328 1419 legeris,

812 1426 892 1479 nobis
911 1429 1032 1498 ignotum
1051 1425 1192 1498 significat.
1215 1425 1331 1498 AEquot·

814 1518 903 1558 autem
926 1505 1007 1557 modo
1031 1518 1130 1558 terram
1154 1506 1263 1574 accipe,
1289 1503 1326 1556 ab

813 1585 964 1656 equalitate
984 1585 1100 1651 dictam,
1119 1597 1171 1636 ut:
1193 1585 1326 1656 Pracipi-

814 1677 917 1738 ttmque
933 1666 1021 1718 Daren
1039 1665 1131 1718 ardens
1143 1664 1199 1738 opit
1215 1681 1326 1736 oequore

814 1757 875 1798 toto.
893 1745 971 1798 Unde
988 1757 1014 1797 et
1031 1747 1134 1810 maria,
1151 1763 1261 1816 aequora
1280 1743 1325 1796 di·

815 1839 887 1878 cunt.
897 1827 968 1880 Serv.
978 1855 1014 1866 -
1024 1824 1172 1879 Columella
1185 1827 1212 1878 in
1227 1827 1324 1896 operia

814 1906 973 1974 praefatione
994 1907 1119 1977 requirit,
1136 1918 1166 1956 ιιι
1181 1907 1324 1976 perlectus

814 1987 933 2058 agricola
946 2006 1034 2040 rerum
1049 1999 1149 2040 naturae
1159 1988 1194 2038 sit
1203 1987 1323 2059 sagacia·

815 2066 910 2130 simus,
928 2066 1136 2120 declinationum
1154 2065 1249 2120 mundi
1263 2083 1323 2116 non

792 2144 938 2215 »ignarum
959 2159 989 2198 ut
1012 2145 1177 2217 exploratum
1201 2145 1322 2208 babeat,

815 2224 879 2294 quid
890 2229 986 2296 cuique
997 2225 1081 2298 plage
1089 2228 1229 2280 conveniet
1237 2263 1246 2292 ,
1254 2223 1323 2295 quid

814 2318 960 2378 repugnet,
974 2305 1091 2358 siderum
1108 2318 1182 2358 ortus
1199 2319 1226 2358 et
1237 2321 1322 2356 occa·

817 2402 862 2438 aus
874 2387 1000 2440 memoria
1012 2398 1131 2457 repetat,
1144 2404 1177 2438 ne
1187 2382 1320 2440 imbribus

816 2467 955 2537 ventisque
966 2464 1168 2518 imminentibus
1181 2481 1263 2536 opera
1276 2463 1322 2514 in-

817 2545 917 2610 choet,
948 2543 1123 2614 laboremque
1151 2545 1317 2606 frustratum

816 2626 874 2677 caeli
890 2638 916 2676 et
935 2627 998 2678 anni
1017 2626 1153 2696 praesentia
1174 2641 1261 2676 morea
1276 2625 1321 2675 in-

817 2719 938 2772 tueatur,
951 2708 1122 2777 nequeenim
1137 2724 1241 2778 temper
1251 2724 1320 2757 eun·

816 2786 876 2839 dem
890 2785 962 2838 velut
977 2803 1009 2840 ea
1026 2787 1183 2858 praecripto
1196 2785 1317 2842 hobitum

814 2877 927 2938 gerunt:
941 2883 1006 2930 nec,
1026 2865 1150 2918 omnibus
1168 2867 1258 2929 annis,
1272 2881 1317 2916 eo-

815 2943 875 2998 dem
886 2945 977 3011 vultu,
989 2947 1062 2998 venit
1073 2957 1148 2998 estas
1164 2957 1209 2998 aut
1219 2944 1315 3006 lriems;

816 3044 864 3078 nec
881 3023 1002 3096 plurium
1021 3043 1126 3098 semper
1141 3037 1180 3078 est
1194 3043 1256 3088 ver,
1272 3035 1317 3076 aut

815 3105 942 3160 humidus
957 3118 1117 3159 autumnus:
1132 3123 1190 3176 que
1204 3121 1316 3175 praenos-

817 3205 877 3239 cere
885 3225 894 3252 ,
903 3184 1067 3238 ainelumine
1078 3185 1159 3239 animi
1172 3197 1197 3238 et
1205 3187 1262 3238 siue
1273 3201 1315 3237 ex-

818 3263 1314 3338 quisitiesimisdisciplinia,nonquem·

817 3365 897 3421 quem
909 3363 987 3417 posse
1001 3343 1176 3398 crediderim:
1186 3347 1242 3415 jum
1258 3346 1313 3416 ipsa

817 3439 892 3480 terrae
912 3426 1045 3491 venetas,
1067 3436 1094 3478 et
1115 3427 1243 3497 cujusque
1265 3424 1311 3477 soli

815 3505 940 3571 habitus,
963 3504 1122 3576 quidnobis
1139 3516 1233 3576 neget,
1253 3501 1311 3574 quid

815 3588 972 3658 promittet,
994 3603 1142 3656 paucorum
1160 3597 1199 3636 est
1218 3583 1312 3636 discer-

815 3685 886 3720 nere.
903 3697 939 3708 —
955 3667 1072 3740 ignotum
1098 3683 1205 3738 equor,
1232 3655 1312 3735 riuper

815 3759 934 3818 emptum
941 3744 975 3798 de
984 3762 1038 3816 quo
1047 3743 1105 3798 Col.
1114 3745 1139 3810 l,
1148 3745 1173 3810 4.
1182 3747 1235 3796 ait:
1248 3761 1311 3796 nnec

816 3829 934 3882 contenti
959 3838 1047 3880 tamen
1071 3827 1248 3888 auctoritate,
1271 3824 1309 3876 vel

816 3908 955 3978 priorum,
980 3903 1023 3956 vel
1045 3907 1214 3976 praesentium
1243 3902 1310 3954 colo·

817 4005 930 4052 norunt,
954 3997 1046 4036 nostra
1072 3985 1310 4057 praetermiserimus
