2964 4690
352 406 401 470 ΙΝ
427 397 816 470 GEORGICORUM
839 397 933 462 LIB.
959 400 983 463 I.
1130 397 1214 507 345!

524 609 815 674 EXPLICATIO.

180 782 1190 876 1.lteremdIsponithisversibusloqueuscumMaecenate,utlaetae

148 893 283 962 segetes,
300 897 330 946 et
345 900 434 946 terre
452 884 552 946 aretio
567 883 739 942 sustineant
751 889 967 959 argumentum
982 875 1054 936 libri
1076 873 1192 956 primi:

146 973 225 1032 vites
236 973 329 1035 ulmis
339 973 521 1058 adjungere,
531 971 657 1034 secundi
668 993 674 1029 :
685 989 758 1031 cure
768 969 883 1043 boum,
895 979 925 1027 et
934 965 1037 1027 cultus
1048 959 1194 1024 babendo

604 1155 631 1212 N
637 1150 740 1212 O'I'AE.

184 1315 334 1390 Georpr'con.
355 1319 395 1372 De
414 1319 551 1392 Georgicis
572 1338 647 1373 com·
693 1316 776 1383 teris,
791 1315 838 1386 qni
849 1323 945 1384 posteo
956 1309 1090 1378 Augustus
1105 1297 1197 1372 eppei·

145 1389 236 1463 plnres
256 1399 353 1469 scripta
371 1401 504 1452 memorie
522 1398 648 1471 prodide-
691 1397 762 1450 lutus
790 1407 849 1461 est,
881 1395 951 1444 inter
974 1383 1196 1441 familiarissimos

147 1487 226 1540 runt,
246 1495 360 1548 quorum
380 1479 495 1533 indicem
516 1481 648 1552 expromit
693 1474 891 1530 celeberrimus.
922 1470 1054 1522 Maecenus
1082 1476 1197 1534 poeseos

146 1555 258 1607 Ursinus
268 1559 295 1608 in
305 1559 417 1631 Virgilio
425 1560 569 1614 collatione
578 1559 650 1612 Grae-
694 1571 798 1609 umator
811 1572 842 1606 sc
857 1559 1042 1606 renumerotor
1056 1540 1197 1614 Virgilium

146 1649 240 1684 eorum
252 1633 384 1690 illustrato
397 1657 423 1710 p.
435 1640 477 1692 82.
491 1651 517 1692 et
526 1657 600 1712 seqq.
614 1640 646 1691 Ε.
693 1635 851 1708 impulit‚ut
859 1649 928 1704 opus
936 1629 989 1682 hoc
998 1626 1136 1696 inciperet.
1145 1617 1199 1670 Nn-

185 1728 206 1763 ι.
221 1714 254 1764 Ili
269 1729 385 1785 quatuor
395 1736 504 1785 versus,
520 1721 596 1791 quasi
610 1737 649 1772 se·
693 1728 736 1768 tus
749 1726 878 1768 ersttunc
887 1724 970 1784 poeta
979 1722 1063 1760 annos
1072 1700 1199 1766 XXXIII,

147 1793 285 1862 quentiurn
297 1795 427 1850 librorum
440 1810 525 1850 textus
538 1810 565 1850 et
574 1817 649 1868 argu·
693 1812 873 1866 necunquam
889 1791 923 1845 ed
933 1791 977 1842 LV
989 1787 1073 1840 aetntis
1083 1797 1199 1844 annum,

145 1884 280 1940 mentum,
301 1874 364 1929 huie
379 1891 593 1950 preponuntur:
617 1878 645 1928 ¹⁰
693 1893 747 1948 quo
766 1885 908 1938 mortuus,
932 1863 1093 1923 emendandi
1118 1861 1199 1912 linem

145 1951 321 2022 agricultum
336 1956 367 2006 r·
383 1955 510 2010 arborum
526 1957 646 2020 cultum
692 1957 765 2008 lecit.
781 1983 817 1994 -
837 1947 915 2010 Vitel.
933 1954 960 2004 in
976 1948 1055 2002 ltolin
1071 1943 1201 1996 mariten-

145 2029 173 2082 3·
196 2051 238 2086 res
258 2038 387 2105 pecuaria
398 2058 406 2100 ς
424 2037 456 2105 4⁰
475 2057 517 2092 res
535 2040 646 2111 apiario.
693 2051 736 2090 tur
759 2035 922 2101 arboribus,
942 2032 1076 2104 precipue
1096 2023 1199 2096 putetis

180 2112 220 2166 Ile
232 2115 329 2187 siliqua
339 2130 364 2170 et
379 2118 501 2186 calamo,
518 2119 552 2172 od
569 2121 648 2174 arbo-
692 2117 788 2182 ulmis,
807 2133 919 2188 quarum
940 2109 1051 2166 frondes
1068 2101 1198 2178 pabulum

147 2211 204 2244 rum
225 2196 448 2270 arbustorumque
470 2202 647 2265 varietatem,
695 2196 816 2268 prebent
829 2195 930 2266 pecori.
942 2189 1020 2263 (vid.
1036 2189 1107 2240 inira
1122 2185 1162 2249 11,
1173 2201 1199 2232 r.

146 2285 202 2326 tum
223 2277 259 2330 ad
277 2279 433 2332 animalium
453 2283 552 2346 vitum,
570 2281 647 2334 deni·
694 2267 1200 2347 89.)—llteeigitnrimeqoutilissimas

147 2369 199 2422 que
207 2355 242 2408 nd
252 2375 333 2428 opum
341 2357 489 2412 mirabilem
497 2373 581 2413 ortem
591 2360 650 2431 pul·
694 2355 821 2408 orborum
830 2351 1121 2427 agrestiumvnrietetes
1129 2361 1201 2396 conr·

145 2431 278 2488 cherrima
285 2439 649 2512 progressionepoctelecto·
693 2423 1201 2506 plectitur‚tonrsterilium‚qunmfru·

146 2530 202 2562 rem
214 2513 347 2583 perducit.
367 2517 399 2569 V.
410 2518 442 2570 G.
453 2547 488 2556 -
499 2519 556 2588 Quo
571 2519 651 2572 sidere
693 2516 848 2586 gilernrum.
866 2513 898 2567 V.
912 2513 943 2564 G.
953 2539 989 2550 -
1005 2505 1139 2577 Ulmisque
1154 2498 1201 2551 ad·

147 2601 248 2644 terram.
257 2593 319 2662 Quo
327 2607 462 2667 tempore:
478 2615 509 2650 ex
517 2597 649 2653 sideribus
687 2595 800 2667 junpm
823 2593 892 2644 vites.
921 2587 1003 2658 Quod
1030 2587 1069 2638 rei
1096 2582 1200 2634 rustice

146 2673 216 2723 enim
240 2685 363 2746 tempora
387 2677 558 2750 colliguntur.
582 2677 650 2732 Sane
695 2675 839 2744 scriptores
855 2671 978 2724 maritare
996 2663 1151 2738 appellant,
1172 2674 1203 2712 ut

147 2751 220 2804 sidus
233 2758 342 2826 proprie
361 2757 486 2829 estquod
500 2760 527 2812 in
545 2777 573 2812 se
588 2759 651 2831 plu·
695 2752 800 2808 Colum.
814 2753 863 2818 IV,
879 2769 921 2804 no.
936 2748 988 2819 Qui
994 2747 1093 2819 possint
1106 2741 1147 2795 vel
1154 2760 1203 2794 sua

146 2849 189 2885 res
205 2835 326 2887 continet
341 2836 448 2904 stelles,
467 2837 515 2890 sed
531 2858 546 2890 a
562 2841 650 2910 poetis
695 2833 817 2884 maritare
828 2830 984 2892 statumina,
996 2826 1131 2897 celsique
1141 2827 1202 2875 sunt

147 2914 258 2966 confuse
270 2917 388 2985 ponitur.
403 2917 650 2971 Seru-Siderum
695 2911 774 2964 vidua
800 2912 828 2962 in
848 2911 996 2982 propinquo
1017 2902 1202 2977 propaginibus

147 2993 323 3058 mutationes,
336 3007 366 3045 ιιι
377 2996 405 3046 in
414 2995 513 3047 tubulis
528 3009 651 3050 ostrono-
696 2993 792 3046 vestire.
799 2991 841 3044 Sic
848 2984 1055 3043 Horatinlnud.
1065 2986 1124 3037 vitre
1135 2993 1200 3033 rust.

147 3072 222 3122 micis
240 3083 360 3125 veterum
377 3087 556 3144 computatae,
574 3089 651 3130 erent
695 3071 782 3142 Epod.
801 3072 838 3138 11,
853 3089 889 3139 9:
909 3069 984 3119 «Aut
1001 3063 1093 3118 adulto
1106 3063 1201 3114 vitium

148 3149 271 3221 agricolis
285 3153 401 3204 romanis
417 3171 468 3222 pro
486 3154 649 3208 calendario.
695 3152 846 3222 propagine
854 3147 928 3200 Altus
938 3146 1046 3198 maritat
1053 3141 1199 3214 populos.-

147 3259 183 3270 --
197 3229 301 3280 Terram
313 3241 422 3292 vertere‚·
434 3230 536 3284 seilicet
551 3247 649 3285 aratro.
696 3229 771 3296 Quos
791 3241 881 3280 eutem
899 3227 1007 3278 meritos
1024 3220 1133 3274 arbores
1150 3218 1202 3271 ha-

147 3309 252 3362 Lucret.
272 3311 300 3373 I,
319 3326 378 3361 212.
395 3322 527 3363 vertentes
543 3330 651 3366 vomere
695 3307 760 3361 beot
775 3309 836 3360 vitis
852 3307 960 3377 exponit
975 3303 1041 3370 Plin.
1053 3300 1139 3366 XVII,
1153 3298 1202 3362 35,

149 3387 251 3463 glebas.
266 3389 299 3441 V.
315 3389 345 3440 G.
696 3406 809 3458 nempe,
828 3384 931 3436 ulmum
950 3379 1093 3454 populum,
1109 3388 1159 3429 ete.
1175 3389 1203 3430 et

185 3467 650 3539 2.Moeeeuas.SuntquiMoecenas,
696 3466 772 3531 xlv,
794 3483 816 3516 ι.
839 3465 909 3520 Vites
933 3463 960 3513 in
987 3462 1120 3531 campano
1139 3474 1202 3531 oqro

149 3549 194 3604 olii
213 3550 358 3612 Mecoenar,
379 3549 505 3602 nonnulli
531 3551 652 3604 Mecenus
694 3547 799 3620 populis
817 3546 940 3598 nubunt:
960 3542 1115 3613 maritusque
1133 3557 1202 3591 com-

147 3629 228 3703 plsne
248 3631 305 3682 sino
324 3628 380 3681 ullo
397 3629 575 3703 diphthongo.
599 3630 651 3684 Sed
694 3625 797 3698 plexae,
818 3638 869 3678 etc.
890 3625 931 3676 Sic
951 3620 1048 3674 Getull.
1069 3622 1096 3672 in
1119 3637 1202 3672 carm.

147 3713 245 3764 rectius
260 3729 292 3764 ex
303 3711 379 3761 Rom.
396 3709 457 3762 cod.
472 3728 520 3780 per
536 3729 558 3762 ω
571 3710 651 3784 diph-
695 3719 771 3779 nupt.
790 3704 842 3773 54,
859 3702 962 3755 ulmum
982 3700 1108 3773 indigitat
1120 3701 1203 3751 muri·

148 3790 277 3863 thonpum
295 3793 425 3862 primum,
443 3808 493 3860 per
510 3811 524 3843 e
540 3789 651 3863 simplex
695 3797 769 3839 tum:
784 3787 839 3838 «At
849 3786 871 3839 si
883 3785 953 3836 forte
965 3781 1059 3834 eodem
1073 3791 1114 3833 est
1127 3779 1201 3832 ulmo

150 3869 294 3924 secundam
310 3868 481 3924 scrihendem
498 3887 556 3922 esse
572 3869 653 3942 sylla·
697 3870 840 3938 conjuncta
853 3865 985 3926 meriton
1005 3859 1071 3914 lntle
1087 3860 1145 3913 vitis
1158 3857 1201 3912 di-

150 3950 229 4018 bem,
243 3964 325 4005 testes
337 3951 467 4004 luculenti
479 3964 542 4003 sunt
551 3951 652 4005 Pierius
697 3951 766 4002 citur
778 3947 875 4014 vidua,
886 3963 944 4019 quae
953 3943 996 3997 his
1007 3943 1134 3996 orborum
1144 3957 1204 3992 sus·

150 4042 176 4082 et
186 4031 348 4102 Dsusquius.
365 4030 456 4084 Groeoe
472 4028 601 4088 Meteiras·
618 4061 652 4072 —·
696 4028 837 4084 tentaculis
848 4040 887 4080 est
899 4025 1044 4089 destituto,
1061 4035 1088 4076 et
1104 4022 1204 4074 arbores

150 4107 178 4162 G.
189 4108 290 4166 Ciluins
299 4112 441 4179 Mursense,
448 4111 589 4166 Octaviani
598 4110 654 4164 Οε-
697 4111 782 4165 viduoe
789 4149 797 4176 ,
808 4107 917 4180 quondo
929 4107 1010 4160 ritem
1019 4123 1074 4156 non
1085 4099 1203 4172 amplec-
