2998 4670
281 400 344 464 622
611 393 991 462 COMMENTARIA

279 530 372 600 citat3
384 518 471 582 ducit
483 528 601 590 tauros,
615 529 646 576 et
654 514 819 598 juvencas:
836 517 907 579 illos
919 522 1053 595 eximios,
1065 535 1095 583 et
1104 531 1252 607 praestanti
1261 543 1322 589 cort·

276 638 363 704 pom.-
377 612 446 672 illas
460 610 568 668 intacta
583 607 709 666 canna.-
724 623 797 689 post
811 608 894 668 diem
909 629 1044 689 nonum,
1057 611 1111 674 dat
1125 614 1249 677 inferias
1264 620 1321 680 Or·

276 709 375 792 phe03
391 697 495 760 revisit
508 694 631 771 lucum,
643 695 696 756 ubi
709 696 807 757 relicti
822 697 946 758 fuerant
957 701 1027 760 caesi
1040 705 1138 779 tnuri3
1154 719 1246 789 atque
1260 706 1319 781 ibi,

277 796 394 856 mirum
402 785 527 870 quidem
536 785 542 843 !
552 799 706 867 apparent
717 805 806 870 apes,
817 809 887 869 quae
895 809 931 847 ex
940 789 1119 871 putrefactis
1132 797 1318 877 corporibus

276 880 477 966 prosilierant
487 889 553 936 toto
567 887 671 951 utero,
687 879 763 936 totis
774 879 887 952 costis;
905 877 967 940 illae
979 893 1082 939 autem
1096 895 1159 942 tam
1172 904 1319 944 numero·
1370 919 1372 923 ,

277 992 334 1046 sae,
353 980 389 1028 ut
406 965 523 1025 nubem
545 962 740 1025 formarent:
761 964 970 1026 convolarunt
990 969 1097 1028 statim
1115 970 1154 1030 ad
1174 973 1317 1032 arborem

276 1058 464 1143 proximam,
478 1067 509 1112 et
519 1045 700 1112 racematim
712 1073 748 1112 ex
761 1055 854 1114 ramis
866 1055 1090 1137 pependerunt.

315 1141 1318 1223 Pentrorumutrius.559.Brevissima,etmodestissimecom·

273 1233 421 1318 plectitur
430 1249 509 1312 opus
519 1229 745 1310 Georgicorum
755 1255 763 1307 ;
775 1231 930 1306 canebam,
943 1235 1061 1314 inquit,
1074 1233 1144 1295 baec.
1158 1235 1236 1295 Vide
1251 1255 1318 1294 mo·

273 1322 421 1393 daniam,
437 1319 526 1400 quasi
545 1319 760 1400 imperfectum
784 1319 935 1404 quiddam
955 1322 1132 1404 reliquerit;
1149 1343 1212 1384 non
1234 1322 1319 1382 enirn

273 1407 1320 1489 dixit‚cecini,quumposset.Aitverosececinissecultumarvorum‚

273 1499 381 1580 dequo
390 1493 470 1556 liber
482 1496 601 1576 primus
610 1518 618 1554 :
628 1495 740 1556 deinde
750 1495 867 1568 cultum
879 1519 1046 1579 pecorum,
1058 1500 1169 1582 dequo
1180 1497 1250 1557 libri
1262 1509 1321 1557 ter-

270 1588 335 1648 tius
347 1599 378 1643 et
388 1595 529 1664 quartum
545 1603 617 1641 nam
631 1605 850 1665 apcsunacum
863 1607 976 1668 pecore
988 1587 1121 1648 includit
1132 1610 1138 1644 :
1149 1589 1241 1647 tertio
1251 1583 1318 1646 cul-

272 1693 341 1738 tum
353 1673 518 1746 arborum,
536 1669 575 1731 de
594 1693 656 1752 quo
674 1673 753 1734 liber
770 1673 934 1736 secundus.
951 1673 1008 1737 Sed
1025 1697 1088 1758 quo
1102 1689 1243 1757 tempore
1260 1674 1319 1734 ista

270 1759 400 1826 cecinit?
409 1757 534 1819 Nullam
545 1762 739 1820 occasionem
749 1764 960 1842 pretermittit
972 1761 1154 1824 blandiendi
1167 1767 1316 1838 Augusto.

270 1843 1316 1931 Cecini‚inquit,haec‚quumCaesarjuxtaEuphratembostessuos

270 1932 1317 2015 nontumbellopersequitur‚quamfulminibus3nam‚inatarlovis‚

270 2025 319 2083 vir
330 2021 382 2080 hic
393 2016 511 2077 bellum
527 2021 623 2098 gerit:
638 2021 690 2080 sed
702 2019 753 2082 bic
763 2035 826 2082 tam
836 2043 968 2102 magnus
980 2027 1042 2098 vir,
1055 2039 1086 2084 et
1097 2039 1209 2105 potens
1219 2023 1317 2098 bello,
1391 2067 1395 2076 .

306 2179 366 2248 554.
385 2178 503 2232 Subitam
519 2196 551 2230 ac
566 2178 636 2232 dicta
654 2180 769 2234 mirabile
812 2185 845 2249 si,
855 2181 918 2236 dnm
925 2185 1013 2236 Cesar
1021 2184 1048 2234 in
1055 2182 1163 2234 Oriente
1172 2195 1312 2253 pugnaret.

269 2271 421 2316 moustmm.
429 2260 481 2312 lies
490 2261 560 2310 enim
567 2257 623 2312 baec
631 2279 662 2314 ex
669 2263 769 2333 impro·
811 2265 882 2317 Serv.
892 2265 995 2316 -Hoec
1003 2263 1133 2315 maedam.
1143 2263 1189 2312 llis
1197 2278 1315 2332 praecep·

267 2346 326 2396 riso
335 2342 421 2406 venit,
431 2351 461 2391 ut
471 2356 534 2412 apes
544 2358 575 2392 ex
584 2339 672 2394 bobus
682 2361 768 2395 erum·
813 2346 846 2395 tis
857 2343 1025 2397 celebrandis
1038 2360 1147 2413 operam
1159 2340 1258 2393 dabam
1267 2359 1313 2394 ει·-

267 2435 371 2495 perant.
391 2422 461 2472 Nam
483 2433 618 2492 precepta
637 2423 768 2495 Cyrenes,
812 2443 847 2496 pe
861 2424 998 2490 iterando,
1011 2441 1061 2475 ner
1077 2435 1165 2474 tamen
1179 2439 1248 2492 opus
1265 2421 1314 2472 ab·

267 2515 372 2555 tantum
379 2499 414 2552 ad
421 2499 584 2571 placandum
591 2504 701 2556 numina
710 2523 769 2576 pcr-
812 2504 889 2556 solvi.
898 2505 997 2557 Plinius
1007 2505 1034 2554 in
1045 2503 1190 2574 proaemio,
1201 2499 1312 2553 similem

267 2582 398 2635 tinebant.
408 2579 564 2632 Notandum
574 2597 652 2650 sane,
663 2585 726 2654 quis
736 2602 769 2637 ex
811 2585 984 2654 antiquorum
1003 2585 1136 2654 pictorum
1154 2593 1180 2632 et
1197 2579 1315 2653 sculpto·

266 2663 319 2715 boc
339 2671 436 2713 eventu
455 2657 500 2710 illa
521 2677 563 2710 ara
582 2661 690 2714 inventa
711 2676 766 2728 est,
790 2677 792 2682 ·
812 2681 871 2715 rum
879 2661 1136 2716 laudatmodestiam
1149 2659 1266 2732 :Apelles
1267 2660 1315 2732 fa-

268 2759 350 2814 quam
359 2757 442 2810 supra
454 2741 627 2791 memorarit:
638 2754 663 2793 et
674 2743 767 2796 melior
810 2743 900 2808 ciebat,
910 2742 990 2804 irasci,
1002 2742 1078 2812 qnasi
1088 2743 1233 2810 incoepturn
1244 2751 1315 2791 esset

267 2824 342 2876 lacta
353 2837 401 2890 per
414 2815 580 2870 industriam.
593 2819 662 2871 Serv.
812 2841 896 2895 opus,
914 2841 964 2875 nec
985 2821 1152 2874 absolutum:
1167 2819 1219 2870 boc
1232 2819 1313 2870 modo

304 2899 364 2954 558.
382 2899 465 2950 Uvam
481 2896 612 2950 demittere
629 2901 714 2954 sumis.
737 2903 767 2956 ln
812 2901 1314 2972 contrajudiciorumvarietatessuper-

267 2998 368 3034 morem
377 2995 447 3044 uve,
457 2975 485 3028 id
496 2989 549 3042 est,
558 2975 711 3051 botryonis,
721 2981 767 3034 de·
812 2995 869 3035 erat
885 2980 981 3034 artifici
999 2997 1134 3051 regressus
1147 2977 1313 3042 adveniam,

266 3055 765 3130 fluere:qnodGraecissnptirdicunn
811 3062 884 3115 velut
903 3059 1078 3114 emendaturo
1094 3055 1226 3128 quidquid
1245 3055 1313 3108 desi-

267 3159 350 3214 qnum
375 3138 497 3192 conferto
522 3141 642 3192 examine
668 3141 766 3194 alicubi
811 3141 966 3207 deraretur,
981 3141 1003 3191 si
1016 3156 1071 3191 non
1091 3149 1160 3189 esset
1179 3137 1313 3206 interrup-

265 3219 403 3294 pendcnt,
420 3219 523 3290 stipata
540 3219 617 3270 simul
632 3232 658 3272 et
673 3235 765 3274 mutuo
810 3236 861 3275 tus.
875 3223 906 3278 V,
919 3225 950 3274 G.

267 3311 394 3354 contactu
405 3297 585 3351 coherentes:
598 3299 669 3353 unde
682 3314 708 3353 et
720 3299 765 3363 ssr'·
846 3303 906 3356 561.
915 3300 1058 3354 Fulminat.
1068 3301 1141 3369 Saepe
1151 3293 1312 3366 bellumfnl-

267 3403 320 3450 apat
335 3379 377 3444 id,
391 3376 464 3449 quod
477 3376 521 3429 bic
533 3397 598 3444 uva,
617 3393 643 3432 et
658 3398 767 3434 coacer—
810 3401 884 3447 men,
893 3382 1030 3452 precipue
1039 3376 1113 3449 qnod
1121 3375 1242 3428 celeriter
1250 3392 1312 3425 con·

267 3477 343 3516 satas
355 3461 382 3512 in
395 3475 530 3512 racemum
542 3477 607 3511 uras
622 3459 767 3532 significan
811 3461 913 3526 ficitur,
933 3458 1095 3530 appellatur.
1110 3456 1205 3507 Florus
1223 3455 1260 3520 11,
1277 3454 1311 3506 st:

270 3540 419 3594 etvarroui
437 3556 544 3609 quoque
558 3557 610 3592 uva
625 3538 678 3590 boc
690 3542 768 3612 signi·
815 3540 1053 3607 destinatumque
1064 3537 1191 3588 Romanis
1198 3537 1253 3604 jem
1266 3532 1313 3586 diu

265 3619 349 3672 ficata
361 3618 509 3670 familiaris.
522 3619 607 3671 Gom.
815 3619 952 3685 strumen,
971 3618 1117 3689 Saguntino
1137 3617 1197 3688 igne
1216 3611 1314 3665 confla·

302 3695 365 3768 559.
383 3695 533 3766 Hoecsaper
548 3713 667 3747 amorum
685 3696 766 3750 cultu.
815 3701 905 3750 urit..
927 3729 961 3738 —
977 3696 1113 3748 Fulminat
1130 3694 1205 3746 bello.
1224 3695 1312 3745 Caesar

269 3779 385 3832 Primum
396 3773 493 3826 librum
504 3793 552 3844 per
560 3774 612 3827 hoc
622 3775 765 3845 significat:
812 3779 932 3831 imitatur
940 3779 1033 3829 Jovem
1044 3778 1071 3826 in
1080 3775 1205 3846 Gigantes
1218 3785 1312 3822 tonan·

269 3877 319 3931 per
327 3873 419 3929 pecora
430 3865 532 3932 autem,
541 3855 647 3906 tertium
658 3866 683 3906 et
692 3875 770 3926 quar·
813 3870 881 3922 tem,
894 3871 920 3909 et
931 3868 1073 3928 congestos
1083 3854 1224 3925 Gigantum
1236 3867 1311 3900 naon-

270 3951 344 4000 tum,
363 3937 426 4008 quia
444 3946 471 3987 et
490 3951 553 4004 spes
571 3952 670 4006 pecora
690 3951 767 3989 sunt:
812 3949 852 3991 tes
872 3937 984 3992 fulmine
1003 3936 1186 4004 disjicientem
1203 3957 1238 3968 -
1255 3931 1311 3979 Eu-

270 4017 440 4090 perarderet,
452 4013 606 4068 secundum.
619 4016 652 4066 Et
663 4014 716 4069 boc
727 4017 769 4070 di·
810 4015 938 4088 pltmtem.
951 4015 1096 4086 Euphrates
1110 4010 1220 4074 flumen,
1238 4005 1309 4077 quod

272 4097 387 4166 ejuHoec
394 4114 449 4166 epo,
457 4095 485 4148 id
493 4107 542 4164 ost,
549 4093 679 4169 Georgica
689 4099 770 4169 scrip-
813 4096 909 4150 dividit
925 4094 1147 4167 Mesopotamiam
1165 4087 1264 4160 aSprin
1284 4099 1308 4140 ct
