2998 4670
269 448 333 516 seo
597 391 980 510 conuentum

266 570 383 632 habent
393 565 563 649 glutinum,
573 566 644 647 ipso
654 565 737 625 visco
746 566 908 642 viscosius,
917 566 1033 627 lentius
1043 568 1112 649 pice
1121 569 1200 651 ipsa,
1211 569 1307 631 etiam

265 660 337 735 illa,
355 676 425 742 quas
442 655 682 718 celebratissima
700 665 746 714 est
760 655 792 714 in
805 654 860 715 Ida
874 670 982 716 monte
995 654 1149 740 Phrygio.
1168 660 1246 720 Vide
1261 661 1308 720 uti

265 749 368 810 labori
377 767 433 807 suo
442 743 644 828 provideant,
657 765 754 825 quum
763 742 823 804 sub
833 746 901 826 ipsa
908 743 1010 806 adhuc
1019 759 1114 821 terra,
1127 749 1160 806 in
1171 749 1308 830 ipsisque

266 840 414 900 arborum
422 836 607 896 caritatibus
616 833 785 915 aliquando
794 833 988 895 mellificasse
996 837 1207 917 reperiantur,
1218 849 1309 920 atque

266 931 299 988 in
318 929 401 988 cavis
423 923 609 1008 pumicibus.
628 925 767 984 Sumitur
785 921 838 983 hic
857 945 973 1006 pumex
992 946 1050 1008 pro
1071 928 1182 1008 quovis
1203 924 1309 1010 lapide

266 1035 444 1077 cavernoso.

305 1101 353 1178 45.
370 1103 477 1162 Monet
494 1103 664 1183 apiarium,
685 1113 720 1161 ut
736 1098 861 1180 adjuvet
876 1099 984 1162 labore
999 1123 1056 1163 suo
1074 1123 1169 1184 apum
1188 1103 1309 1162 cautio-

264 1192 443 1267 nem,rimis
451 1190 598 1251 omnibus
606 1190 684 1250 limo
693 1190 856 1265 obturatis,
864 1187 1031 1252 frondibus
1040 1189 1309 1274 desuperinjectis.

304 1279 354 1362 47.
366 1281 472 1358 Quum
484 1277 608 1338 nullum
622 1280 661 1339 sit
674 1277 790 1338 animal
803 1299 861 1358 ape
872 1278 1022 1340 mundius
1037 1300 1073 1340 ac
1087 1281 1211 1362 purius,
1220 1278 1311 1361 jubet

264 1383 302 1433 nt
312 1371 418 1431 omnia
431 1370 470 1429 ab
485 1368 662 1430 alvearibus
677 1381 897 1446 amoveantur,
909 1367 1025 1452 quibus
1035 1370 1096 1431 illae
1107 1367 1228 1430 offendi
1238 1389 1310 1452 pos-

265 1457 430 1520 sint'l'alia
438 1455 1191 1537 sunt3taxus,cujusodornocentissimus:cancri
1199 1457 1309 1533 exusti,

265 1567 302 1607 ex
323 1543 438 1628 quibus
457 1547 520 1607 exit
538 1544 655 1606 halitus
675 1545 821 1628 pestifer:
841 1546 988 1628 paludes,
1009 1559 1040 1607 et
1059 1566 1184 1607 coenum
1201 1565 1310 1621 omne,

265 1635 379 1716 quibus
400 1632 477 1695 loeis
496 1634 579 1695 credi
599 1656 664 1696 non
684 1635 801 1696 debent
819 1654 903 1716 apes.
922 1634 1031 1695 Obiter
1050 1653 1123 1694 vero
1145 1632 1310 1709 admonet,

265 1722 439 1784 amovenda
455 1722 589 1783 alvearia
609 1721 649 1782 ab
669 1721 718 1784 his
733 1722 828 1802 locis,
847 1722 960 1806 quibus
975 1743 1012 1784 ex
1028 1722 1160 1783 cavitate
1174 1721 1248 1781 insit
1260 1739 1310 1782 re·

263 1815 419 1894 percussio
432 1813 571 1888 sonitus,
585 1809 672 1872 echo.

264 2009 294 2050 ut
318 1999 386 2051 aeris
407 2010 433 2049 et
454 1983 628 2051 bestiolarum
651 1999 761 2068 injurias
843 1996 886 2064 45.
901 1999 927 2049 E
944 1997 996 2050 levi
1012 1983 1105 2050 rimoso
1123 1959 1218 2050 attilia
1235 1995 1307 2047 limo.

264 2075 436 2147 prohibeant.
456 2075 495 2126 ct.
517 2077 584 2126 Voss
603 2075 647 2126 hic
667 2093 763 2127 caven-
807 2074 860 2126 Alii
880 2087 906 2127 et
923 2075 974 2128 levi
994 2077 1107 2148 legunt:
1128 2094 1197 2128 unus
1220 2089 1310 2127 tamen

262 2153 328 2204 dum
349 2166 456 2219 monet,
476 2173 510 2206 ne
534 2153 678 2226 Virgilius,
699 2153 763 2206 dum
807 2172 899 2208 sensus
917 2168 973 2207 est:
987 2173 1050 2207 nam
1065 2154 1119 2207 lroe
1135 2155 1214 2206 dicit:
1234 2152 1310 2223 quod

264 2231 347 2285 verba
366 2232 452 2284 minus
473 2233 579 2306 poetica
600 2234 686 2299 vitat,
709 2235 763 2286 ial-
808 2234 859 2286 illae
873 2235 954 2287 nimio
969 2234 1064 2286 labore
1079 2232 1234 2306 perficiunt,
1250 2244 1309 2284 tue

265 2315 300 2366 sis
320 2311 480 2383 quibusdam
498 2314 763 2384 interpretationibus
807 2313 860 2386 leri
877 2333 946 2387 unge
964 2315 1063 2365 rimosa
1080 2312 1179 2365 cubilia
1196 2312 1310 2363 circum-

264 2395 336 2446 riam
348 2393 465 2462 aperiat:
479 2393 600 2464 exempla
612 2412 645 2446 ex
651 2395 762 2445 Aristot.
808 2395 902 2446 fovens
918 2393 996 2459 limo,
1014 2391 1094 2444 eliam
1111 2408 1185 2443 raras
1199 2388 1310 2442 frondes

264 2475 297 2526 ll.
310 2474 341 2524 Δ.
352 2473 646 2540 1X,40;varron.tlt,
660 2475 704 2539 16,
716 2475 760 2537 23;
809 2474 985 2545 superinjioe:
999 2470 1073 2543 quod
1088 2470 1149 2523 ideo
1163 2469 1206 2535 fit,
1220 2467 1311 2522 nevel

264 2553 331 2604 Plin.
350 2553 399 2618 lll,
418 2552 452 2619 6,
473 2571 502 2624 7,
522 2552 664 2624 desumpta
680 2556 765 2608 errori
809 2552 888 2606 limus
899 2553 1054 2624 crepet,rel
1064 2570 1184 2604 cavernae
1194 2562 1241 2604 ant
1249 2548 1311 2602 Sole

267 2643 420 2682 occurrunt.
608 2659 610 2662 ·
809 2646 997 2704 penetrentur,
1010 2645 1058 2684 aut
1068 2633 1177 2702 frigore.
1192 2631 1263 2681 Serv.

301 2710 343 2776 41.
359 2713 395 2762 Et
409 2711 475 2763 vireo
489 2721 516 2762 et
528 2710 651 2783 Pluypt'oe
664 2720 767 2764 servant
844 2713 887 2782 47.
900 2713 1003 2763 Tarum
1017 2712 1079 2763 sine.
1092 2711 1256 2762 Venenatam
1270 2727 1312 2761 ar·

263 2789 321 2862 pice
334 2789 427 2842 leneus
437 2789 499 2842 ldae.
510 2789 585 2841 Ordo
596 2803 648 2853 ott;
660 2803 766 2844 servant
809 2792 920 2844 horem:
934 2793 991 2862 ipse
1006 2791 1034 2842 in
1049 2788 1194 2852 bucolicis,
1208 2788 1251 2840 Sic
1265 2797 1311 2838 tna

266 2868 371 2942 gluten,
393 2868 467 2940 quotl
488 2881 527 2922 est
550 2869 647 2922 lentius
672 2872 765 2938 visco,
811 2873 922 2940 Cyrneas
923 2869 1035 2940 sopiant
1047 2866 1167 2918 examina
1176 2863 1312 2930 taxossso·

266 2963 346 3022 atque
356 2952 476 3002 tenacius
485 2951 561 3021 pice,
574 2967 632 3019 qum
642 2952 765 3020 provenit
809 2948 872 3000 lum.
881 2947 927 3014 lX,
936 2947 1064 3018 drapibus
1071 2946 1126 2997 taxi
1134 2945 1311 3017 repudientur.

265 3029 294 3082 in
306 3033 403 3101 pinetis
415 3029 468 3081 ldte
483 3030 579 3080 montis
593 3029 723 3102 Phrygia,
739 3044 766 3082 et
809 3027 862 3080 Mel
877 3030 947 3081 enim
960 3029 1105 3100 pessimum
1115 3024 1209 3078 exinde
1224 3027 1312 3098 gigni-

226 3115 231 3126 ‘
266 3129 325 3182 qnae
336 3110 521 3163 laudatissima
533 3121 580 3161 est.
810 3103 1311 3160 tur.—liubentiscaneros.Odoreenim

297 3191 344 3260 v42.
359 3191 388 3242 Si
402 3209 460 3242 uera
472 3189 601 3262 estfamn.
615 3187 765 3242 Sicreden-
811 3191 869 3260 ipso
900 3200 1035 3261 pereunt:
1068 3185 1195 3238 rubentes
1223 3195 1313 3238 autem

266 3267 330 3322 dum
352 3283 391 3322 est
409 3288 474 3341 apes
492 3287 572 3340 posse
591 3283 676 3322 terras
696 3271 766 3322 effo—
811 3287 893 3340 quum
907 3282 1035 3328 umatum
1050 3285 1105 3319 non
1120 3267 1183 3337 quia
1197 3283 1246 3336 per
1262 3283 1313 3318 na-

266 3347 337 3402 dere.
347 3377 384 3389 -
392 3350 473 3400 Arist.
486 3351 553 3400 llist.
568 3349 600 3411 V,
614 3366 662 3402 aa:
679 3349 767 3401 «Sunt
811 3362 898 3401 turam
913 3351 965 3399 sint
977 3347 1057 3416 liujus
1069 3345 1177 3397 coloris.
1189 3345 1259 3396 Serv.

268 3429 370 3479 retiam
385 3444 449 3497 apes
467 3447 525 3498 quat
540 3429 617 3479 latos
630 3427 680 3480 sub
695 3441 766 3481 terra
847 3430 889 3497 49.
903 3429 974 3481 Odor
979 3426 1071 3500 pravis.
1082 3423 1112 3477 ld
1121 3423 1252 3492 est,odor
1259 3441 1314 3478 me-

269 3530 280 3554 a
290 3507 390 3575 triplici
403 3507 497 3559 ordino
506 3508 620 3569 fanianu
632 3509 659 3560 in
670 3508 766 3578 quibus
811 3509 867 3574 lus,
878 3510 978 3580 quique
988 3505 1117 3572 offendit,
1129 3505 1162 3556 de
1173 3523 1228 3576 qua
1238 3504 1314 3558 loen·

269 3585 342 3635 atnel
364 3598 419 3648 est,
437 3587 534 3637 vermis
550 3585 673 3638 nullus·
693 3586 767 3638 ldetn
812 3592 885 3642 tione
893 3588 1003 3640 Salmas.
1014 3588 1081 3639 Plin.
1093 3587 1199 3639 exercit.
1215 3605 1242 3657 p.
1252 3585 1312 3638 361.

267 3661 333 3713 Pllss·
347 3661 397 3723 Xlr
416 3662 456 3713 ¹3·
676 3697 678 3702 ·
812 3701 847 3712 -
860 3671 916 3722 Aut
924 3670 967 3722 uti
978 3688 1092 3724 concavo
1101 3667 1178 3740 pulsat
1190 3668 1260 3719 Saxa
1271 3684 1314 3720 so-

302 3743 345 3810 43.
355 3741 456 3793 Larem.
467 3741 554 3793 Deum
564 3744 705 3814 praesidem
717 3745 768 3798 do·
814 3760 886 3801 nant.
910 3749 974 3801 Plin.
994 3750 1046 3816 Xl,
1069 3765 1099 3818 ¹9
1111 3771 1116 3798 :
1131 3751 1148 3794 ‘a
1158 3747 1270 3798 inimica
1287 3757 1316 3798 et

267 3840 325 3875 mus
337 3839 388 3893 pro
402 3820 484 3873 dorno
499 3823 606 3894 posuit,
615 3827 646 3876 'et
657 3840 767 3880 venuste
817 3829 906 3882 aeolio
916 3843 956 3881 est
966 3829 1105 3882 resultanti
1115 3845 1196 3890 sono,
1210 3827 1256 3895 qui
1268 3843 1316 3893 pa·

266 3902 402 3955 transtulit
426 3899 460 3954 sd
486 3902 614 3972 apiculas.
640 3905 768 3959 Praesidet
820 3907 916 3959 uvidas
931 3908 1032 3960 nlterno
1047 3907 1136 3978 pulsat
1154 3908 1240 3956 ictu-
1260 3903 1315 3954 Co·

266 3981 310 4033 isti
318 3984 398 4034 Lares
407 3979 551 4044 sunt,ide0
560 3983 685 4037 Praestites
694 3984 767 4040 dicti.
812 3985 877 4038 lum.
891 3987 942 4050 tx,
959 3989 990 4038 5³
1005 4010 1018 4034 ι
1027 3987 1083 4037 Nec
1097 3986 1183 4035 minus
1197 3983 1314 4034 vitentur

267 4061 347 4113 Ovid-
357 4063 427 4114 Fim-
438 4062 470 4122 V;
481 4063 612 4116 rationem
619 4061 678 4114 dat:
692 4065 767 4134 Quod
815 4088 826 4112 ι
838 4083 908 4118 cavae
923 4083 1021 4137 rupes,
1039 4076 1085 4114 aut
1100 4061 1181 4114 vallet
1196 4074 1311 4134 argutae,

262 4152 387 4212 prestant
398 4140 478 4194 oculis
492 4142 580 4194 omnia
592 4153 648 4196 tuta
658 4143 717 4195 suis.
813 4167 823 4194 u
836 4161 902 4215 ques
909 4141 994 4198 Greci
1006 4143 1193 4210 ixtertoeent.
1203 4166 1215 4194 r
1226 4141 1313 4197 Emm.
