2964 4690
481 397 531 464 tn
557 393 806 462 aouooan
827 394 867 461 x.
1132 403 1194 494 33,

187 525 238 586 62.
251 527 329 604 Quis
337 545 404 586 non
414 525 546 584 miretur
557 520 641 582 hunc
656 535 721 580 tam
730 519 931 602 perplexum,
942 537 972 583 et
981 527 1102 586 varium
1114 550 1198 592 ama-

152 615 271 676 torem?
291 635 363 675 ecee
377 613 445 695 jam
461 624 612 685 recantat,
631 629 701 694 quae
719 629 819 691 nuper
836 610 1033 690 placuerant:
1054 619 1114 676 tria
1130 616 1198 682 boae

151 719 255 781 erant,
266 705 420 778 carmina,
433 702 541 784 sylva,
557 701 670 759 erratio
680 718 735 780 per
745 713 883 758 montes:
899 721 971 785 ergo
981 706 1042 763 ait:
1058 727 1122 767 non
1132 708 1199 791 pla-

150 808 220 854 cent
233 793 299 874 jam
314 792 423 874 syivoe,
442 811 498 850 aec
515 786 668 871 Nymphae
684 786 843 868 sylvarum
861 790 1110 871 Hamadryades;
1131 817 1197 858 non

151 881 310 942 carmina:
331 879 476 940 hactenus
495 878 665 937 recantavit
681 897 728 936 res
745 875 840 935 duas:
864 877 896 936 in
915 898 947 936 re
961 881 1066 955 tertia,
1087 881 1119 940 id
1138 898 1200 961 est,

66 1026 73 1048 ,
151 971 305 1030 erratione
316 991 372 1052 per
384 983 518 1042 montes,
531 966 661 1026 insumit
674 985 801 1048 quoque
811 965 915 1048 plures
930 985 1047 1042 versus,
1060 983 1199 1054 utsupra

151 1061 245 1120 etiam
260 1062 293 1118 in
308 1056 417 1118 eadem
430 1053 663 1138 ampiectenda:
680 1057 724 1115 ait
738 1055 862 1136 itaque:
878 1073 944 1114 noo
960 1053 1050 1114 iilum
1064 1057 1200 1140 malum,

149 1144 368 1227 etimprobum
377 1135 701 1226 cupidinem,mudare
710 1155 843 1224 possunt
852 1138 972 1201 labores
980 1146 1092 1218 nostri,
1105 1149 1201 1209 etiam

150 1236 177 1296 ai
190 1236 430 1318 perlustramus,
446 1255 512 1294 non
527 1232 600 1292 dico
616 1230 793 1306 Arcadiam,
808 1251 879 1312 quae
897 1234 1099 1312 temperatior
1110 1255 1200 1318 pars3

150 1325 204 1386 sed
216 1325 548 1406 intemperantissimas
558 1320 700 1402 regiones
711 1336 807 1404 atque
817 1339 939 1380 summe
950 1322 1033 1382 inter
1042 1343 1073 1382 se
1083 1323 1201 1387 distan-

151 1427 211 1487 tes,
229 1411 395 1473 Thraciam
411 1411 450 1472 ad
466 1411 736 1493 septemtrionem,
757 1431 827 1492 quae
844 1409 1063 1492 frigidissima;
1079 1415 1202 1477 AEthio·

150 1502 237 1584 piam
259 1499 299 1560 ad
319 1498 497 1573 meridiem,
516 1520 585 1580 quae
604 1496 793 1560 calidissima
816 1511 884 1558 est:
913 1499 1000 1560 iilam
1021 1503 1125 1581 signat
1146 1523 1203 1586 per

150 1590 293 1650 Hebrum
305 1609 430 1649 amnem
444 1587 689 1671 gelidissimum,
702 1607 759 1671 per
768 1587 926 1650 Sithoniae
940 1592 1042 1665 nives;
1053 1590 1137 1655 hanc
1146 1615 1203 1676 per

152 1694 273 1740 arentes
288 1679 428 1755 arbores,
450 1698 507 1760 per
520 1677 609 1738 sidus
622 1681 726 1740 cancri
740 1681 827 1760 ignes
839 1675 1039 1759 ejaculantis:
1056 1681 1129 1743 inde
1141 1682 1204 1744 coi-

150 1765 222 1849 tigit
235 1771 347 1829 Amore
361 1767 488 1829 tandem
502 1769 587 1827 vinei
601 1770 724 1842 omnia,
740 1784 772 1828 et
786 1768 961 1850 parendum
976 1771 1094 1831 Amori.

191 1876 240 1937 7⁰·
251 1857 349 1916 Orsus
360 1855 454 1936 hujus
465 1855 588 1936 Eelogae
597 1855 659 1915 fuit
670 1853 710 1914 ab
721 1854 889 1931 Arethusa,
899 1869 929 1914 et
938 1869 1019 1915 coetu
1029 1857 1183 1919 Naiadum
1194 1881 1201 1918 z

49 1983 54 1994 ·
151 1944 266 2006 desinit
285 1948 316 2006 in
338 1945 490 2018 Pierides,
512 1967 583 2004 cunt
599 1941 716 2028 quibus
731 1944 879 2026 loquens,
902 1946 964 2004 eit:
987 1948 1062 2006 satis
1079 1967 1157 2025 esse,
1176 1947 1204 2008 si

152 2032 219 2096 haec
232 2033 356 2111 luserit,
376 2035 488 2096 sedens
500 2037 689 2118 praesertim‚
707 2047 941 2116 occupatusque
957 2038 988 2094 in
1004 2037 1135 2096 texenda
1149 2035 1204 2098 fis·

152 2120 231 2182 celia
252 2144 288 2182 ex
309 2122 447 2200 hibisco,
469 2144 532 2207 quo
553 2123 659 2184 innuit
680 2139 806 2183 tenuem
828 2123 947 2206 stylum
965 2121 1185 2186 Bucolicorum
1197 2149 1213 2198 ε,

151 2213 232 2292 petit
244 2233 334 2290 vero,
348 2229 382 2275 ut
398 2234 469 2296 quoe
481 2216 549 2295 ipse
563 2213 693 2272 minima
709 2210 783 2272 fecit
798 2215 829 2271 in
843 2215 979 2294 gratiam
991 2213 1090 2286 Gaiii,
1105 2216 1205 2276 Musae

152 2298 270 2362 faciant
282 2305 434 2379 maxima,
447 2304 479 2363 id
494 2317 557 2378 est,
568 2301 724 2363 honorem
736 2300 814 2362 dent
825 2315 855 2361 et
869 2300 1056 2384 dignitatem
1070 2302 1203 2386 hisquae

154 2389 219 2470 ipse
234 2389 325 2452 fecit:
345 2392 448 2453 reddit
468 2394 643 2465 rationem,
663 2411 760 2472 quare
779 2389 839 2450 hoc
857 2403 958 2474 optet,
978 2393 1052 2472 quia
1074 2391 1204 2451 Gallum

154 2492 237 2537 amet
255 2479 288 2538 in
312 2477 379 2539 dies
405 2494 498 2560 atque
513 2481 545 2538 in
565 2478 632 2538 dies
653 2481 771 2559 magis,
794 2481 858 2537 imo
879 2480 910 2538 in
926 2476 1020 2537 horas
1035 2497 1124 2558 paene
1139 2479 1205 2536 ain-

153 2564 241 2646 guias
252 2590 258 2625 :
271 2567 355 2650 quod
366 2582 459 2628 ornat
468 2569 706 2650 comparatione
717 2567 783 2626 alni
794 2568 962 2628 crescentis
973 2565 1207 2649 attollentisque

153 2674 187 2714 se
202 2655 295 2716 initio
309 2659 405 2733 veris,
419 2677 455 2718 ac
468 2677 534 2717 aesc
546 2659 581 2718 in
593 2677 722 2717 omnem
735 2670 860 2739 partem
871 2675 1032 2716 ramorum
1044 2653 1208 2716 foliorum·

154 2765 216 2825 que
230 2746 390 2808 viriditate
404 2747 622 2808 diffundentis.

189 2927 232 2980 63.
249 2929 316 3000 Ipsoe
331 2947 415 2984 rursus
430 2931 561 2984 concedite
575 2929 654 2984 tiiuoe.
701 2926 1144 3002 SicVirgiiiusAEneidosseptimo:
1156 2923 1208 2994 Qui

66 3033 70 3042 ·
153 3005 266 3078 Propter
278 3008 359 3075 iilud,
366 3014 426 3084 jam
440 3011 505 3062 mihi
520 3029 656 3083 perruptas
703 3005 1111 3082 Tybrim,Fabarimquebibunt.

155 3087 254 3152 uideor,
268 3088 387 3162 lucosque
398 3093 512 3144 sonantis
523 3093 573 3142 Ire.
586 3092 656 3143 Coo·
736 3089 780 3143 68.
802 3089 942 3143 Versemm·
961 3087 1127 3147 Pascffluh,
1140 3097 1206 3150 t¹¹⁰·

154 3163 241 3217 cedite
253 3185 317 3219 vero
329 3167 387 3234 hio,
405 3170 490 3232 abite;
508 3189 592 3241 supra
606 3169 656 3222 ali·
702 3172 774 3222 niam
793 3169 838 3241 qui
851 3169 951 3238 pascit,
964 3163 1019 3216 huc
1032 3174 1059 3212 et
1070 3159 1135 3210 iiiuc
1151 3159 1205 3229 agit

155 3255 208 3310 ter,
221 3246 330 3298 concede
341 3246 462 3300 laborem.
476 3247 548 3300 Serv.
702 3267 799 3320 pecua;
813 3246 888 3318 quod
902 3258 942 3298 est
952 3257 1075 3304 versare,
1087 3249 1117 3288 ut
1129 3249 1169 3289 est
1179 3238 1208 3287 in

193 3322 235 3375 65.
249 3326 305 3376 Nec
319 3327 340 3377 si
348 3327 491 3400 soporibus
502 3327 592 3378 mediis
606 3327 659 3376 He·
703 3330 761 3380 AEn.
772 3329 830 3392 xil,
839 3327 905 3392 664:
920 3335 948 3376 tu
958 3337 1065 3374 comm
1075 3317 1171 3368 dem
1181 3318 1209 3367 ²¹¹²

156 3403 280 3478 brnmque
290 3406 412 3458 bibamus.
424 3406 594 3458 Manifestius
605 3404 659 3456 hoc
702 3408 821 3480 prumiae
833 3422 931 3464 venun
944 3412 991 3454 aut
1004 3412 1173 3450 ueroeam
1183 3405 1211 3447 ²²

156 3485 235 3554 dicit,
248 3505 338 3539 amore
351 3507 379 3540 se
392 3507 483 3540 carere
496 3505 550 3538 non
562 3502 658 3558 posse:
704 3498 864 3548 tractemus,
877 3494 908 3534 ut
919 3482 947 3534 in
961 3476 1060 3530 undae.
1072 3475 1130 3526 AEn.
1141 3473 1207 3542 704:

156 3584 206 3617 nec
226 3567 248 3616 si
268 3565 387 3620 Hebrum
407 3566 528 3618 Thraciae
550 3563 659 3616 fluvium
707 3561 819 3617 Consilio
831 3578 929 3614 uersam
944 3555 1020 3608 dolos
1036 3555 1172 3626 inpressam
1185 3563 1212 3604 et

156 3644 251 3697 mediis
263 3645 409 3718 frigoribus
418 3646 510 3699 bibat:
522 3663 572 3696 nec
582 3646 605 3695 si
614 3661 660 3695 aaa·
704 3645 768 3696 item
780 3645 808 3696 in
820 3659 874 3694 see.
883 3641 944 3692 AEn·
954 3637 1007 3688 Seu
1021 3651 1119 3686 vemt?
1129 3629 1211 3696 d⁰i⁰⁵s

158 3726 229 3778 abus
244 3727 332 3779 nimiis
344 3729 426 3780 fucrit
440 3728 468 3779 in
481 3725 585 3778 ardenti
598 3743 660 3796 pro·
703 3719 986 3778 seuoenoeoeeumbere
992 3713 1160 3766 morti-Serv.

158 3807 254 3858 vincia.
269 3807 340 3859 Dicit
350 3820 438 3860 autem
448 3805 501 3858 hoe
512 3803 660 3858 secundum
740 3805 783 3875 69.
804 3802 902 3858 mnia
918 3795 1003 3851 vincit
1019 3794 1115 3882 Amor,
1130 3801 1156 3842 0²
1170 3807 1216 3879 Ψ

159 3884 473 3958 Physicos,quimorbos,
482 3897 661 3938 autacontra-
706 3884 826 3936 cedamus
839 3877 943 3934 Amori.
960 3873 1056 3926 Cuivis
1067 3888 1138 3922 enam
1150 3869 1218 3920 iact-

160 3965 221 4026 riis,
242 3979 313 4017 auta
326 3966 457 4018 similibus
467 3976 589 4018 asserunt
602 3981 662 4034 pos·
709 3963 760 4016 iius
769 3981 850 4035 quam
857 3947 1222 4024 morirepuguatussmffi'

162 4059 190 4092 se
198 4041 305 4114 depelli.
315 4046 485 4098 -Bibamus
494 4043 525 4096 ld
533 4057 582 4108 est,
591 4040 664 4113 apud
709 4046 763 4095 suis
779 4041 886 4114 iegibus
904 4049 934 4090 et
950 4034 1027 4085 Deos
1044 4028 1127 4081 habet
1138 4023 1224 4075 obno-

164 4119 662 4190 flebrumviramus,sedrshabeamus.
708 4124 780 4186 xios,
790 4133 820 4173 ut
831 4118 914 4172 Ovid.
930 4109 1050 4166 Heroid.
1063 4126 1106 4179 ep·
1116 4105 1162 4166 Νι
1177 4117 1223 4153 ¹²²

251 4206 276 4258 5,
1012 4212 1046 4248 aa
