<?xml version="1.0" encoding="UTF-8"?>
<!DOCTYPE html PUBLIC "-//W3C//DTD XHTML 1.0 Transitional//EN"
    "http://www.w3.org/TR/xhtml1/DTD/xhtml1-transitional.dtd">
<html xmlns="http://www.w3.org/1999/xhtml" xml:lang="en" lang="en">
 <head>
  <title>
</title>
<meta http-equiv="Content-Type" content="text/html;charset=utf-8" />
  <meta name='ocr-system' content='tesseract 3.04.00' />
  <meta name='ocr-capabilities' content='ocr_page ocr_carea ocr_par ocr_line ocrx_word'/>
</head>
<body>
  <div class='ocr_page' id='page_1' title='image "./pvirgiliusmaroq04barbgoog_0586.png"; bbox 0 0 2998 4670; ppageno 0'>
   <div class='ocr_carea' id='block_1_1' title="bbox 168 277 963 438">
    <p class='ocr_par' dir='ltr' id='par_1_1' title="bbox 168 277 963 438">
     <span class='ocr_line' id='line_1_1' title="bbox 168 277 963 438; baseline -0.011 -29"><span class='ocrx_word' id='word_1_1' title='bbox 168 277 320 409; x_wconf 46' lang='grc' dir='ltr'><strong>χ6οο</strong></span> <span class='ocrx_word' id='word_1_2' title='bbox 447 389 451 396; x_wconf 86' lang='grc'><em>.</em></span> <span class='ocrx_word' id='word_1_3' title='bbox 584 335 963 438; x_wconf 64' lang='lat' dir='ltr'><strong>conuerterint</strong></span> 
     </span>
    </p>
   </div>
   <div class='ocr_carea' id='block_1_2' title="bbox 240 457 1298 1959">
    <p class='ocr_par' dir='ltr' id='par_1_2' title="bbox 240 457 1289 542">
     <span class='ocr_line' id='line_1_2' title="bbox 240 457 1289 542; baseline -0.001 -21"><span class='ocrx_word' id='word_1_4' title='bbox 240 463 392 537; x_wconf 84' lang='lat' dir='ltr'><strong>¹vehitur,</strong></span> <span class='ocrx_word' id='word_1_5' title='bbox 406 459 437 521; x_wconf 92' lang='lat' dir='ltr'><strong>id</strong></span> <span class='ocrx_word' id='word_1_6' title='bbox 453 471 512 534; x_wconf 87' lang='lat' dir='ltr'><strong>est,</strong></span> <span class='ocrx_word' id='word_1_7' title='bbox 524 459 695 520; x_wconf 76' lang='lat' dir='ltr'>naviculis:</span> <span class='ocrx_word' id='word_1_8' title='bbox 716 477 754 519; x_wconf 85' lang='lat' dir='ltr'><strong>eu</strong></span> <span class='ocrx_word' id='word_1_9' title='bbox 769 459 926 541; x_wconf 75' lang='lat' dir='ltr'><strong>AEgyptus.</strong></span> <span class='ocrx_word' id='word_1_10' title='bbox 942 457 1029 518; x_wconf 82' lang='lat' dir='ltr'><strong>Salus</strong></span> <span class='ocrx_word' id='word_1_11' title='bbox 1042 460 1142 542; x_wconf 81' lang='lat' dir='ltr'><strong>posits</strong></span> <span class='ocrx_word' id='word_1_12' title='bbox 1155 472 1211 532; x_wconf 85' lang='lat' dir='ltr'><strong>est,</strong></span> <span class='ocrx_word' id='word_1_13' title='bbox 1228 479 1289 541; x_wconf 83' lang='lat' dir='ltr'><strong>que</strong></span> 
     </span>
    </p>

    <p class='ocr_par' dir='ltr' id='par_1_3' title="bbox 253 547 1298 1959">
     <span class='ocr_line' id='line_1_3' title="bbox 256 547 1291 629; baseline -0.003 -18"><span class='ocrx_word' id='word_1_14' title='bbox 256 555 357 612; x_wconf 78' lang='lat' dir='ltr'><strong>omnis</strong></span> <span class='ocrx_word' id='word_1_15' title='bbox 369 551 501 620; x_wconf 84' lang='lat' dir='ltr'><strong>devexus</strong></span> <span class='ocrx_word' id='word_1_16' title='bbox 516 550 555 608; x_wconf 83' lang='lat' dir='ltr'><strong>sb</strong></span> <span class='ocrx_word' id='word_1_17' title='bbox 571 548 670 622; x_wconf 84' lang='lat' dir='ltr'><strong>lodis,</strong></span> <span class='ocrx_word' id='word_1_18' title='bbox 683 547 714 606; x_wconf 90' lang='lat' dir='ltr'><strong>id</strong></span> <span class='ocrx_word' id='word_1_19' title='bbox 727 564 787 622; x_wconf 86' lang='lat' dir='ltr'><strong>est,</strong></span> <span class='ocrx_word' id='word_1_20' title='bbox 801 547 895 608; x_wconf 89' lang='lat' dir='ltr'><strong>indus</strong></span> <span class='ocrx_word' id='word_1_21' title='bbox 907 549 987 628; x_wconf 89' lang='lat' dir='ltr'><strong>ipse,</strong></span> <span class='ocrx_word' id='word_1_22' title='bbox 1000 564 1086 629; x_wconf 77' lang='lat' dir='ltr'><strong>urget</strong></span> <span class='ocrx_word' id='word_1_23' title='bbox 1100 549 1211 609; x_wconf 85' lang='lat' dir='ltr'><strong>ricinia</strong></span> <span class='ocrx_word' id='word_1_24' title='bbox 1224 551 1291 626; x_wconf 89' lang='lat' dir='ltr'><strong>(est</strong></span> 
     </span>
     <span class='ocr_line' id='line_1_4' title="bbox 254 635 1290 718; baseline -0.005 -19"><span class='ocrx_word' id='word_1_25' title='bbox 254 639 307 699; x_wconf 91' lang='lat' dir='ltr'><strong>hic</strong></span> <span class='ocrx_word' id='word_1_26' title='bbox 325 641 485 712; x_wconf 88' lang='lat' dir='ltr'><strong>vicinium,</strong></span> <span class='ocrx_word' id='word_1_27' title='bbox 509 639 630 716; x_wconf 84' lang='lat' dir='ltr'><strong>virinii)</strong></span> <span class='ocrx_word' id='word_1_28' title='bbox 648 637 795 710; x_wconf 77' lang='lat' dir='ltr'>Persidis,</span> <span class='ocrx_word' id='word_1_29' title='bbox 813 638 861 696; x_wconf 83' lang='lat' dir='ltr'><strong>cui</strong></span> <span class='ocrx_word' id='word_1_30' title='bbox 881 635 977 696; x_wconf 82' lang='lat' dir='ltr'><strong>fluvio</strong></span> <span class='ocrx_word' id='word_1_31' title='bbox 997 651 1111 718; x_wconf 78' lang='lat' dir='ltr'>septem</span> <span class='ocrx_word' id='word_1_32' title='bbox 1134 652 1290 698; x_wconf 80' lang='lat' dir='ltr'><strong>suntote.</strong></span> 
     </span>
     <span class='ocr_line' id='line_1_5' title="bbox 253 723 1292 807; baseline -0.003 -20"><span class='ocrx_word' id='word_1_33' title='bbox 253 728 329 788; x_wconf 82' lang='lat' dir='ltr'><strong>Haec</strong></span> <span class='ocrx_word' id='word_1_34' title='bbox 344 728 492 786; x_wconf 77' lang='lat' dir='ltr'><strong>sententie</strong></span> <span class='ocrx_word' id='word_1_35' title='bbox 506 749 513 784; x_wconf 76' lang='grc' dir='ltr'><strong>ε</strong></span> <span class='ocrx_word' id='word_1_36' title='bbox 527 726 688 807; x_wconf 81' lang='lat' dir='ltr'>expendite</span> <span class='ocrx_word' id='word_1_37' title='bbox 702 745 799 798; x_wconf 91' lang='lat' dir='ltr'><strong>nunc,</strong></span> <span class='ocrx_word' id='word_1_38' title='bbox 811 727 970 800; x_wconf 80' lang='lat' dir='ltr'><strong>Lectores,</strong></span> <span class='ocrx_word' id='word_1_39' title='bbox 985 727 1028 782; x_wconf 91' lang='lat' dir='ltr'><strong>uti</strong></span> <span class='ocrx_word' id='word_1_40' title='bbox 1044 745 1108 784; x_wconf 87' lang='lat' dir='ltr'><strong>rem</strong></span> <span class='ocrx_word' id='word_1_41' title='bbox 1123 723 1292 805; x_wconf 82' lang='lat' dir='ltr'><strong>amplificet</strong></span> 
     </span>
     <span class='ocr_line' id='line_1_6' title="bbox 256 813 1293 896; baseline -0.002 -23"><span class='ocrx_word' id='word_1_42' title='bbox 256 817 421 876; x_wconf 83' lang='lat' dir='ltr'><strong>verborum</strong></span> <span class='ocrx_word' id='word_1_43' title='bbox 433 814 588 896; x_wconf 79' lang='lat' dir='ltr'><strong>epithetis,</strong></span> <span class='ocrx_word' id='word_1_44' title='bbox 599 815 784 874; x_wconf 74' lang='lat' dir='ltr'><strong>dilatatione</strong></span> <span class='ocrx_word' id='word_1_45' title='bbox 793 816 961 874; x_wconf 74' lang='lat' dir='ltr'><strong>sententie.</strong></span> <span class='ocrx_word' id='word_1_46' title='bbox 970 813 1125 895; x_wconf 83' lang='lat' dir='ltr'><strong>Epithete:</strong></span> <span class='ocrx_word' id='word_1_47' title='bbox 1135 831 1293 893; x_wconf 77' lang='lat' dir='ltr'><strong>mungens</strong></span> 
     </span>
     <span class='ocr_line' id='line_1_7' title="bbox 257 903 1294 987; baseline -0.005 -23"><span class='ocrx_word' id='word_1_48' title='bbox 257 904 399 985; x_wconf 79' lang='lat' dir='ltr'><strong>AEgyptia</strong></span> <span class='ocrx_word' id='word_1_49' title='bbox 414 907 568 987; x_wconf 84' lang='lat' dir='ltr'><strong>fortunate</strong></span> <span class='ocrx_word' id='word_1_50' title='bbox 590 903 717 978; x_wconf 91' lang='lat' dir='ltr'><strong>dicitur,</strong></span> <span class='ocrx_word' id='word_1_51' title='bbox 739 905 786 962; x_wconf 87' lang='lat' dir='ltr'><strong>sui</strong></span> <span class='ocrx_word' id='word_1_52' title='bbox 809 903 946 963; x_wconf 87' lang='lat' dir='ltr'><strong>llumtnis</strong></span> <span class='ocrx_word' id='word_1_53' title='bbox 967 903 1122 963; x_wconf 78' lang='lat' dir='ltr'><strong>ubertate:</strong></span> <span class='ocrx_word' id='word_1_54' title='bbox 1146 904 1294 980; x_wconf 75' lang='lat' dir='ltr'><strong>Canopus</strong></span> 
     </span>
     <span class='ocr_line' id='line_1_8' title="bbox 254 989 1294 1072; baseline -0.005 -20"><span class='ocrx_word' id='word_1_55' title='bbox 254 991 380 1052; x_wconf 78' lang='lat' dir='ltr'><strong>Pellaeus</strong></span> <span class='ocrx_word' id='word_1_56' title='bbox 395 1015 465 1052; x_wconf 89' lang='lat' dir='ltr'><strong>cnm</strong></span> <span class='ocrx_word' id='word_1_57' title='bbox 484 1007 621 1072; x_wconf 86' lang='lat' dir='ltr'><strong>respectu</strong></span> <span class='ocrx_word' id='word_1_58' title='bbox 644 993 680 1051; x_wconf 81' lang='lat' dir='ltr'><strong>ad</strong></span> <span class='ocrx_word' id='word_1_59' title='bbox 703 1011 848 1070; x_wconf 67' lang='lat' dir='ltr'><strong>magnum</strong></span> <span class='ocrx_word' id='word_1_60' title='bbox 868 991 1092 1054; x_wconf 77' lang='lat' dir='ltr'><strong>Alexandrum:</strong></span> <span class='ocrx_word' id='word_1_61' title='bbox 1110 989 1197 1049; x_wconf 88' lang='lat' dir='ltr'><strong>Nilus</strong></span> <span class='ocrx_word' id='word_1_62' title='bbox 1215 1003 1294 1068; x_wconf 78' lang='lat' dir='ltr'><strong>step·</strong></span> 
     </span>
     <span class='ocr_line' id='line_1_9' title="bbox 255 1073 1294 1164; baseline -0.008 -25"><span class='ocrx_word' id='word_1_63' title='bbox 255 1101 345 1153; x_wconf 79' lang='lat' dir='ltr'><strong>nans3</strong></span> <span class='ocrx_word' id='word_1_64' title='bbox 366 1081 480 1140; x_wconf 86' lang='lat' dir='ltr'><strong>flumen</strong></span> <span class='ocrx_word' id='word_1_65' title='bbox 498 1082 641 1164; x_wconf 77' lang='lat' dir='ltr'><strong>effictum:</strong></span> <span class='ocrx_word' id='word_1_66' title='bbox 661 1078 777 1162; x_wconf 84' lang='lat' dir='ltr'>phaseli</span> <span class='ocrx_word' id='word_1_67' title='bbox 792 1082 862 1161; x_wconf 88' lang='lat' dir='ltr'><strong>picti</strong></span> <span class='ocrx_word' id='word_1_68' title='bbox 872 1103 881 1138; x_wconf 93' lang='grc'><strong>.·</strong></span> <span class='ocrx_word' id='word_1_69' title='bbox 905 1081 1003 1140; x_wconf 86' lang='lat' dir='ltr'><strong>Persis</strong></span> <span class='ocrx_word' id='word_1_70' title='bbox 1019 1078 1208 1159; x_wconf 74' lang='lat' dir='ltr'><strong>pltaretmtos·</strong></span> <span class='ocrx_word' id='word_1_71' title='bbox 1224 1073 1294 1133; x_wconf 92' lang='lat' dir='ltr'><strong>lndi</strong></span> 
     </span>
     <span class='ocr_line' id='line_1_10' title="bbox 257 1164 1295 1250; baseline -0.008 -22"><span class='ocrx_word' id='word_1_72' title='bbox 257 1167 391 1244; x_wconf 84' lang='lat' dir='ltr'><strong>colorati,</strong></span> <span class='ocrx_word' id='word_1_73' title='bbox 412 1192 431 1230; x_wconf 81' lang='lat' dir='ltr'><strong>e</strong></span> <span class='ocrx_word' id='word_1_74' title='bbox 447 1168 662 1250; x_wconf 72' lang='lat' dir='ltr'><strong>stigmatibus,</strong></span> <span class='ocrx_word' id='word_1_75' title='bbox 681 1169 794 1248; x_wconf 90' lang='lat' dir='ltr'><strong>quibus</strong></span> <span class='ocrx_word' id='word_1_76' title='bbox 813 1170 919 1248; x_wconf 90' lang='lat' dir='ltr'><strong>puncti</strong></span> <span class='ocrx_word' id='word_1_77' title='bbox 939 1171 1128 1249; x_wconf 89' lang='lat' dir='ltr'><strong>incorpore.</strong></span> <span class='ocrx_word' id='word_1_78' title='bbox 1148 1164 1295 1226; x_wconf 83' lang='lat' dir='ltr'><strong>Diletstio</strong></span> 
     </span>
     <span class='ocr_line' id='line_1_11' title="bbox 258 1253 1297 1338; baseline -0.006 -24"><span class='ocrx_word' id='word_1_79' title='bbox 258 1260 418 1318; x_wconf 76' lang='lat' dir='ltr'><strong>sententies</strong></span> <span class='ocrx_word' id='word_1_80' title='bbox 436 1261 535 1338; x_wconf 81' lang='lat' dir='ltr'><strong>posits</strong></span> <span class='ocrx_word' id='word_1_81' title='bbox 554 1275 600 1318; x_wconf 89' lang='lat' dir='ltr'><strong>est</strong></span> <span class='ocrx_word' id='word_1_82' title='bbox 617 1260 648 1317; x_wconf 88' lang='lat' dir='ltr'><strong>in</strong></span> <span class='ocrx_word' id='word_1_83' title='bbox 666 1258 726 1317; x_wconf 89' lang='lat' dir='ltr'><strong>loci</strong></span> <span class='ocrx_word' id='word_1_84' title='bbox 744 1256 965 1338; x_wconf 82' lang='lat' dir='ltr'><strong>descriptione,</strong></span> <span class='ocrx_word' id='word_1_85' title='bbox 986 1277 1021 1316; x_wconf 84' lang='lat' dir='ltr'><strong>ex</strong></span> <span class='ocrx_word' id='word_1_86' title='bbox 1041 1253 1297 1325; x_wconf 72' lang='lat' dir='ltr'><strong>circumstantiis,</strong></span> 
     </span>
     <span class='ocr_line' id='line_1_12' title="bbox 257 1341 1297 1428; baseline -0.003 -27"><span class='ocrx_word' id='word_1_87' title='bbox 257 1343 401 1405; x_wconf 85' lang='lat' dir='ltr'><strong>vrdelicet</strong></span> <span class='ocrx_word' id='word_1_88' title='bbox 415 1367 450 1406; x_wconf 88' lang='lat' dir='ltr'><strong>ex</strong></span> <span class='ocrx_word' id='word_1_89' title='bbox 461 1367 573 1427; x_wconf 72' lang='lat' dir='ltr'><strong>genere</strong></span> <span class='ocrx_word' id='word_1_90' title='bbox 583 1347 719 1428; x_wconf 81' lang='lat' dir='ltr'><strong>Canopi,</strong></span> <span class='ocrx_word' id='word_1_91' title='bbox 729 1367 785 1427; x_wconf 89' lang='lat' dir='ltr'><strong>pro</strong></span> <span class='ocrx_word' id='word_1_92' title='bbox 797 1349 937 1404; x_wconf 83' lang='lat' dir='ltr'><strong>universe</strong></span> <span class='ocrx_word' id='word_1_93' title='bbox 949 1345 1099 1426; x_wconf 73' lang='lat' dir='ltr'><strong>Egypto&#39;:</strong></span> <span class='ocrx_word' id='word_1_94' title='bbox 1113 1345 1186 1402; x_wconf 82' lang='lat' dir='ltr'><strong>irent</strong></span> <span class='ocrx_word' id='word_1_95' title='bbox 1198 1341 1297 1412; x_wconf 78' lang='lat' dir='ltr'><strong>Ceno·</strong></span> 
     </span>
     <span class='ocr_line' id='line_1_13' title="bbox 257 1431 1297 1517; baseline -0.004 -25"><span class='ocrx_word' id='word_1_96' title='bbox 257 1453 318 1514; x_wconf 84' lang='lat' dir='ltr'><strong>pus</strong></span> <span class='ocrx_word' id='word_1_97' title='bbox 330 1434 443 1494; x_wconf 89' lang='lat' dir='ltr'><strong>nobilis</strong></span> <span class='ocrx_word' id='word_1_98' title='bbox 455 1437 573 1517; x_wconf 79' lang='lat' dir='ltr'><strong>AEgypti</strong></span> <span class='ocrx_word' id='word_1_99' title='bbox 589 1435 680 1494; x_wconf 86' lang='lat' dir='ltr'><strong>urbs:</strong></span> <span class='ocrx_word' id='word_1_100' title='bbox 697 1456 731 1494; x_wconf 89' lang='lat' dir='ltr'><strong>ex</strong></span> <span class='ocrx_word' id='word_1_101' title='bbox 745 1435 1031 1516; x_wconf 83' lang='lat' dir='ltr'><strong>oppositionemirs</strong></span> <span class='ocrx_word' id='word_1_102' title='bbox 1043 1433 1104 1492; x_wconf 89' lang='lat' dir='ltr'><strong>Nili</strong></span> <span class='ocrx_word' id='word_1_103' title='bbox 1115 1431 1297 1512; x_wconf 70' lang='lat' dir='ltr'><strong>stagnantis,</strong></span> 
     </span>
     <span class='ocr_line' id='line_1_14' title="bbox 258 1520 1298 1601; baseline -0.005 -22"><span class='ocrx_word' id='word_1_104' title='bbox 258 1535 289 1579; x_wconf 90' lang='lat' dir='ltr'><strong>et</strong></span> <span class='ocrx_word' id='word_1_105' title='bbox 304 1521 394 1580; x_wconf 88' lang='lat' dir='ltr'><strong>effusi</strong></span> <span class='ocrx_word' id='word_1_106' title='bbox 412 1523 570 1583; x_wconf 86' lang='lat' dir='ltr'><strong>fluminis:</strong></span> <span class='ocrx_word' id='word_1_107' title='bbox 589 1543 662 1583; x_wconf 80' lang='lat' dir='ltr'><strong>uam</strong></span> <span class='ocrx_word' id='word_1_108' title='bbox 678 1522 821 1583; x_wconf 84' lang='lat' dir='ltr'><strong>videlicet</strong></span> <span class='ocrx_word' id='word_1_109' title='bbox 834 1520 1008 1582; x_wconf 83' lang='lat' dir='ltr'><strong>effunditur</strong></span> <span class='ocrx_word' id='word_1_110' title='bbox 1022 1522 1056 1579; x_wconf 89' lang='lat' dir='ltr'><strong>io</strong></span> <span class='ocrx_word' id='word_1_111' title='bbox 1069 1521 1248 1601; x_wconf 66' lang='lat' dir='ltr'><strong>AEfflptnm,</strong></span> <span class='ocrx_word' id='word_1_112' title='bbox 1267 1527 1298 1574; x_wconf 87' lang='lat' dir='ltr'><strong>et</strong></span> 
     </span>
     <span class='ocr_line' id='line_1_15' title="bbox 257 1603 1298 1694; baseline -0.005 -28"><span class='ocrx_word' id='word_1_113' title='bbox 257 1627 331 1668; x_wconf 84' lang='lat' dir='ltr'><strong>mox</strong></span> <span class='ocrx_word' id='word_1_114' title='bbox 347 1626 487 1691; x_wconf 68' lang='lat' dir='ltr'><strong>stegnet:</strong></span> <span class='ocrx_word' id='word_1_115' title='bbox 509 1635 543 1671; x_wconf 83' lang='lat' dir='ltr'><strong>ex</strong></span> <span class='ocrx_word' id='word_1_116' title='bbox 561 1611 656 1672; x_wconf 80' lang='lat' dir='ltr'><strong>alters</strong></span> <span class='ocrx_word' id='word_1_117' title='bbox 669 1613 882 1694; x_wconf 89' lang='lat' dir='ltr'><strong>oppositione,</strong></span> <span class='ocrx_word' id='word_1_118' title='bbox 903 1631 962 1690; x_wconf 84' lang='lat' dir='ltr'><strong>que</strong></span> <span class='ocrx_word' id='word_1_119' title='bbox 981 1631 1037 1690; x_wconf 91' lang='lat' dir='ltr'><strong>per</strong></span> <span class='ocrx_word' id='word_1_120' title='bbox 1053 1629 1124 1668; x_wconf 85' lang='lat' dir='ltr'><strong>rnre</strong></span> <span class='ocrx_word' id='word_1_121' title='bbox 1142 1603 1298 1666; x_wconf 85' lang='lat' dir='ltr'><strong>terrestris</strong></span> 
     </span>
     <span class='ocr_line' id='line_1_16' title="bbox 257 1696 1296 1779; baseline -0.005 -23"><span class='ocrx_word' id='word_1_122' title='bbox 257 1699 379 1779; x_wconf 72' lang='lat' dir='ltr'><strong>AEgypti</strong></span> <span class='ocrx_word' id='word_1_123' title='bbox 396 1702 547 1761; x_wconf 82' lang='lat' dir='ltr'><strong>naviculis</strong></span> <span class='ocrx_word' id='word_1_124' title='bbox 562 1700 734 1762; x_wconf 85' lang='lat' dir='ltr'><strong>vehuntur:</strong></span> <span class='ocrx_word' id='word_1_125' title='bbox 750 1722 784 1759; x_wconf 88' lang='lat' dir='ltr'><strong>ex</strong></span> <span class='ocrx_word' id='word_1_126' title='bbox 801 1701 878 1760; x_wconf 92' lang='lat' dir='ltr'><strong>lndo</strong></span> <span class='ocrx_word' id='word_1_127' title='bbox 892 1700 1036 1774; x_wconf 88' lang='lat' dir='ltr'><strong>flumine,</strong></span> <span class='ocrx_word' id='word_1_128' title='bbox 1055 1700 1107 1778; x_wconf 82' lang='lat' dir='ltr'><strong>qni</strong></span> <span class='ocrx_word' id='word_1_129' title='bbox 1124 1709 1213 1776; x_wconf 57' lang='lat' dir='ltr'><strong>urget</strong></span> <span class='ocrx_word' id='word_1_130' title='bbox 1224 1696 1296 1752; x_wconf 91' lang='lat' dir='ltr'><strong>Per·</strong></span> 
     </span>
     <span class='ocr_line' id='line_1_17' title="bbox 259 1783 1297 1862; baseline -0.006 -18"><span class='ocrx_word' id='word_1_131' title='bbox 259 1785 372 1860; x_wconf 81' lang='lat' dir='ltr'><strong>sidem3</strong></span> <span class='ocrx_word' id='word_1_132' title='bbox 385 1809 420 1847; x_wconf 86' lang='lat' dir='ltr'><strong>ex</strong></span> <span class='ocrx_word' id='word_1_133' title='bbox 432 1790 539 1848; x_wconf 88' lang='lat' dir='ltr'><strong>eodem</strong></span> <span class='ocrx_word' id='word_1_134' title='bbox 554 1805 698 1848; x_wconf 77' lang='lat' dir='ltr'><strong>nascente</strong></span> <span class='ocrx_word' id='word_1_135' title='bbox 710 1789 749 1848; x_wconf 80' lang='lat' dir='ltr'><strong>ab</strong></span> <span class='ocrx_word' id='word_1_136' title='bbox 761 1789 860 1862; x_wconf 86' lang='lat' dir='ltr'><strong>ludis,</strong></span> <span class='ocrx_word' id='word_1_137' title='bbox 873 1801 995 1862; x_wconf 88' lang='lat' dir='ltr'><strong>ruente,</strong></span> <span class='ocrx_word' id='word_1_138' title='bbox 1008 1808 1044 1847; x_wconf 85' lang='lat' dir='ltr'><strong>sc</strong></span> <span class='ocrx_word' id='word_1_139' title='bbox 1058 1787 1250 1860; x_wconf 82' lang='lat' dir='ltr'><strong>discurrente</strong></span> <span class='ocrx_word' id='word_1_140' title='bbox 1264 1783 1297 1838; x_wconf 93' lang='lat' dir='ltr'><strong>in</strong></span> 
     </span>
     <span class='ocr_line' id='line_1_18' title="bbox 260 1875 1062 1959; baseline 0.004 -28"><span class='ocrx_word' id='word_1_141' title='bbox 260 1893 314 1932; x_wconf 88' lang='lat' dir='ltr'><strong>ore</strong></span> <span class='ocrx_word' id='word_1_142' title='bbox 327 1891 457 1956; x_wconf 86' lang='lat' dir='ltr'><strong>septem.</strong></span> <span class='ocrx_word' id='word_1_143' title='bbox 472 1879 566 1936; x_wconf 81' lang='lat' dir='ltr'><strong>Poeta</strong></span> <span class='ocrx_word' id='word_1_144' title='bbox 579 1879 682 1959; x_wconf 87' lang='lat' dir='ltr'><strong>posuit</strong></span> <span class='ocrx_word' id='word_1_145' title='bbox 692 1879 813 1937; x_wconf 84' lang='lat' dir='ltr'><strong>deuextss</strong></span> <span class='ocrx_word' id='word_1_146' title='bbox 825 1895 897 1956; x_wconf 91' lang='lat' dir='ltr'><strong>pro,</strong></span> <span class='ocrx_word' id='word_1_147' title='bbox 909 1875 1062 1936; x_wconf 86' lang='lat' dir='ltr'><strong>derectus.</strong></span> 
     </span>
    </p>
   </div>
   <div class='ocr_carea' id='block_1_3' title="bbox 258 2048 1298 2286">
    <p class='ocr_par' dir='ltr' id='par_1_4' title="bbox 258 2048 1298 2286">
     <span class='ocr_line' id='line_1_19' title="bbox 260 2048 1296 2126; baseline -0.003 -28"><span class='ocrx_word' id='word_1_148' title='bbox 260 2049 327 2100; x_wconf 76' lang='lat' dir='ltr'><strong>vites</strong></span> <span class='ocrx_word' id='word_1_149' title='bbox 338 2063 376 2102; x_wconf 88' lang='lat' dir='ltr'><strong>est</strong></span> <span class='ocrx_word' id='word_1_150' title='bbox 383 2054 457 2120; x_wconf 82' lang='lat' dir='ltr'><strong>juste</strong></span> <span class='ocrx_word' id='word_1_151' title='bbox 465 2054 665 2114; x_wconf 78' lang='lat' dir='ltr'><strong>Alexandriam,</strong></span> <span class='ocrx_word' id='word_1_152' title='bbox 674 2073 753 2126; x_wconf 82' lang='lat' dir='ltr'><strong>quam</strong></span> <span class='ocrx_word' id='word_1_153' title='bbox 799 2053 901 2117; x_wconf 83' lang='lat' dir='ltr'><strong>siletis,</strong></span> <span class='ocrx_word' id='word_1_154' title='bbox 911 2052 1024 2105; x_wconf 87' lang='lat' dir='ltr'><strong>Codices</strong></span> <span class='ocrx_word' id='word_1_155' title='bbox 1035 2062 1155 2105; x_wconf 82' lang='lat' dir='ltr'><strong>esserunt</strong></span> <span class='ocrx_word' id='word_1_156' title='bbox 1164 2048 1296 2116; x_wconf 74' lang='lat' dir='ltr'><strong>vicissim,</strong></span> 
     </span>
     <span class='ocr_line' id='line_1_20' title="bbox 258 2126 1295 2212; baseline 0.009 -35"><span class='ocrx_word' id='word_1_157' title='bbox 258 2127 409 2182; x_wconf 76' lang='lat' dir='ltr'><strong>Alexander</strong></span> <span class='ocrx_word' id='word_1_158' title='bbox 418 2133 537 2212; x_wconf 73' lang='lat' dir='ltr'><strong>condidit</strong></span> <span class='ocrx_word' id='word_1_159' title='bbox 549 2137 631 2188; x_wconf 80' lang='lat' dir='ltr'><strong>instar</strong></span> <span class='ocrx_word' id='word_1_160' title='bbox 641 2135 755 2206; x_wconf 73' lang='lat' dir='ltr'><strong>chlamy·</strong></span> <span class='ocrx_word' id='word_1_161' title='bbox 836 2152 894 2204; x_wconf 81' lang='lat'>²9¹·</span> <span class='ocrx_word' id='word_1_162' title='bbox 905 2135 941 2186; x_wconf 84' lang='lat' dir='ltr'><strong>Et</strong></span> <span class='ocrx_word' id='word_1_163' title='bbox 950 2134 1055 2188; x_wconf 86' lang='lat' dir='ltr'><strong>viridem</strong></span> <span class='ocrx_word' id='word_1_164' title='bbox 1067 2135 1210 2205; x_wconf 77' lang='lat' dir='ltr'><strong>AEpyplum</strong></span> <span class='ocrx_word' id='word_1_165' title='bbox 1221 2126 1295 2197; x_wconf 60' lang='lat' dir='ltr'><strong>niara</strong></span> 
     </span>
     <span class='ocr_line' id='line_1_21' title="bbox 261 2204 1298 2286; baseline -0.003 -27"><span class='ocrx_word' id='word_1_166' title='bbox 261 2206 302 2260; x_wconf 91' lang='lat' dir='ltr'><strong>dis</strong></span> <span class='ocrx_word' id='word_1_167' title='bbox 316 2227 384 2262; x_wconf 80' lang='lat' dir='ltr'><strong>sure:</strong></span> <span class='ocrx_word' id='word_1_168' title='bbox 399 2215 445 2284; x_wconf 83' lang='lat' dir='ltr'><strong>¹qui</strong></span> <span class='ocrx_word' id='word_1_169' title='bbox 461 2215 510 2266; x_wconf 84' lang='lat' dir='ltr'><strong>fuit</strong></span> <span class='ocrx_word' id='word_1_170' title='bbox 527 2216 560 2270; x_wconf 87' lang='lat' dir='ltr'><strong>de</strong></span> <span class='ocrx_word' id='word_1_171' title='bbox 576 2218 682 2268; x_wconf 82' lang='lat' dir='ltr'><strong>civitate</strong></span> <span class='ocrx_word' id='word_1_172' title='bbox 699 2217 755 2267; x_wconf 83' lang='lat' dir='ltr'><strong>Me·</strong></span> <span class='ocrx_word' id='word_1_173' title='bbox 795 2214 923 2286; x_wconf 77' lang='lat' dir='ltr'><strong>fecundat</strong></span> <span class='ocrx_word' id='word_1_174' title='bbox 934 2231 1020 2266; x_wconf 81' lang='lat' dir='ltr'><strong>arena.</strong></span> <span class='ocrx_word' id='word_1_175' title='bbox 1038 2213 1135 2264; x_wconf 89' lang='lat' dir='ltr'><strong>Versus</strong></span> <span class='ocrx_word' id='word_1_176' title='bbox 1147 2208 1190 2260; x_wconf 85' lang='lat' dir='ltr'><strong>lrie</strong></span> <span class='ocrx_word' id='word_1_177' title='bbox 1205 2207 1232 2256; x_wconf 91' lang='lat' dir='ltr'><strong>in</strong></span> <span class='ocrx_word' id='word_1_178' title='bbox 1245 2204 1298 2252; x_wconf 83' lang='lat' dir='ltr'><strong>Ro·</strong></span> 
     </span>
    </p>
   </div>
   <div class='ocr_carea' id='block_1_4' title="bbox 261 2288 1301 4108">
    <p class='ocr_par' dir='ltr' id='par_1_5' title="bbox 261 2288 1301 4108">
     <span class='ocr_line' id='line_1_22' title="bbox 261 2288 1300 2366; baseline 0.001 -28"><span class='ocrx_word' id='word_1_179' title='bbox 261 2288 397 2356; x_wconf 75' lang='lat' dir='ltr'><strong>cedonite,</strong></span> <span class='ocrx_word' id='word_1_180' title='bbox 422 2311 478 2364; x_wconf 71' lang='lat' dir='ltr'><strong>quae</strong></span> <span class='ocrx_word' id='word_1_181' title='bbox 500 2295 570 2366; x_wconf 82' lang='lat' dir='ltr'><strong>Pella</strong></span> <span class='ocrx_word' id='word_1_182' title='bbox 595 2298 754 2348; x_wconf 86' lang='lat' dir='ltr'><strong>nominetur.</strong></span> <span class='ocrx_word' id='word_1_183' title='bbox 803 2290 1300 2358; x_wconf 81' lang='lat' dir='ltr'><strong>menocodicelocumhebctpostver·</strong></span> 
     </span>
     <span class='ocr_line' id='line_1_23' title="bbox 264 2366 1301 2450; baseline 0.003 -31"><span class='ocrx_word' id='word_1_184' title='bbox 264 2366 382 2439; x_wconf 61' lang='lat' dir='ltr'><strong>&amp;triopus</strong></span> <span class='ocrx_word' id='word_1_185' title='bbox 394 2385 479 2423; x_wconf 83' lang='lat' dir='ltr'><strong>sutem</strong></span> <span class='ocrx_word' id='word_1_186' title='bbox 494 2371 565 2427; x_wconf 82' lang='lat' dir='ltr'><strong>tiit-ta</strong></span> <span class='ocrx_word' id='word_1_187' title='bbox 577 2389 615 2427; x_wconf 85' lang='lat' dir='ltr'><strong>est</strong></span> <span class='ocrx_word' id='word_1_188' title='bbox 629 2377 703 2446; x_wconf 83' lang='lat' dir='ltr'><strong>qussi</strong></span> <span class='ocrx_word' id='word_1_189' title='bbox 717 2395 759 2426; x_wconf 81' lang='lat' dir='ltr'><strong>ca·</strong></span> <span class='ocrx_word' id='word_1_190' title='bbox 803 2396 859 2428; x_wconf 84' lang='lat' dir='ltr'><strong>sum</strong></span> <span class='ocrx_word' id='word_1_191' title='bbox 879 2397 958 2450; x_wconf 80' lang='lat' dir='ltr'><strong>nsque</strong></span> <span class='ocrx_word' id='word_1_192' title='bbox 975 2375 1108 2439; x_wconf 84' lang='lat' dir='ltr'><strong>coloratis,</strong></span> <span class='ocrx_word' id='word_1_193' title='bbox 1127 2373 1180 2425; x_wconf 87' lang='lat' dir='ltr'><strong>hoc</strong></span> <span class='ocrx_word' id='word_1_194' title='bbox 1199 2367 1301 2421; x_wconf 75' lang='lat' dir='ltr'><strong>seilicet</strong></span> 
     </span>
     <span class='ocr_line' id='line_1_24' title="bbox 263 2443 1301 2526; baseline -0.001 -29"><span class='ocrx_word' id='word_1_195' title='bbox 263 2448 355 2511; x_wconf 66' lang='lat' dir='ltr'><strong>nolens,</strong></span> <span class='ocrx_word' id='word_1_196' title='bbox 375 2469 389 2499; x_wconf 86' lang='lat' dir='ltr'><strong>n</strong></span> <span class='ocrx_word' id='word_1_197' title='bbox 406 2443 516 2502; x_wconf 78' lang='lat' dir='ltr'><strong>Cinobo</strong></span> <span class='ocrx_word' id='word_1_198' title='bbox 533 2454 646 2505; x_wconf 85' lang='lat' dir='ltr'><strong>Menelai</strong></span> <span class='ocrx_word' id='word_1_199' title='bbox 663 2454 759 2526; x_wconf 78' lang='lat' dir='ltr'><strong>guber·</strong></span> <span class='ocrx_word' id='word_1_200' title='bbox 804 2457 910 2508; x_wconf 83' lang='lat' dir='ltr'><strong>ordine:</strong></span> <span class='ocrx_word' id='word_1_201' title='bbox 925 2458 1057 2526; x_wconf 72' lang='lat' dir='ltr'><strong>aQunque</strong></span> <span class='ocrx_word' id='word_1_202' title='bbox 1068 2451 1226 2524; x_wconf 76' lang='lat' dir='ltr'><strong>pharetrate</strong></span> <span class='ocrx_word' id='word_1_203' title='bbox 1235 2445 1301 2497; x_wconf 88' lang='lat' dir='ltr'><strong>vici·</strong></span> 
     </span>
     <span class='ocr_line' id='line_1_25' title="bbox 263 2525 1301 2602; baseline 0.001 -27"><span class='ocrx_word' id='word_1_204' title='bbox 263 2539 357 2578; x_wconf 82' lang='lat' dir='ltr'><strong>nature</strong></span> <span class='ocrx_word' id='word_1_205' title='bbox 370 2525 424 2579; x_wconf 80' lang='lat' dir='ltr'><strong>illic</strong></span> <span class='ocrx_word' id='word_1_206' title='bbox 437 2531 549 2600; x_wconf 89' lang='lat' dir='ltr'><strong>sepulto.</strong></span> <span class='ocrx_word' id='word_1_207' title='bbox 562 2533 631 2585; x_wconf 83' lang='lat' dir='ltr'><strong>Seru.</strong></span> <span class='ocrx_word' id='word_1_208' title='bbox 808 2525 872 2586; x_wconf 74' lang='lat' dir='ltr'><strong>uniti</strong></span> <span class='ocrx_word' id='word_1_209' title='bbox 893 2534 1007 2586; x_wconf 83' lang='lat' dir='ltr'><strong>Persidis</strong></span> <span class='ocrx_word' id='word_1_210' title='bbox 1030 2526 1126 2602; x_wconf 65' lang='lat' dir='ltr'><strong>urget,¹</strong></span> <span class='ocrx_word' id='word_1_211' title='bbox 1142 2531 1173 2581; x_wconf 87' lang='lat' dir='ltr'><strong>Et</strong></span> <span class='ocrx_word' id='word_1_212' title='bbox 1195 2526 1301 2577; x_wconf 70' lang='lat' dir='ltr'><strong>divers!</strong></span> 
     </span>
     <span class='ocr_line' id='line_1_26' title="bbox 281 2608 1297 2681; baseline -0.001 -27"><span class='ocrx_word' id='word_1_213' title='bbox 281 2608 760 2672; x_wconf 74' lang='lat' dir='ltr'><strong>290.PlnsretretoeuiciniaPersidisd</strong></span> <span class='ocrx_word' id='word_1_214' title='bbox 806 2631 906 2664; x_wconf 77' lang='lat' dir='ltr'><strong>«ruens</strong></span> <span class='ocrx_word' id='word_1_215' title='bbox 926 2625 1025 2681; x_wconf 81' lang='lat' dir='ltr'><strong>septem</strong></span> <span class='ocrx_word' id='word_1_216' title='bbox 1045 2609 1170 2660; x_wconf 86' lang='lat' dir='ltr'><strong>discurrit</strong></span> <span class='ocrx_word' id='word_1_217' title='bbox 1188 2608 1215 2657; x_wconf 88' lang='lat' dir='ltr'><strong>in</strong></span> <span class='ocrx_word' id='word_1_218' title='bbox 1232 2621 1297 2654; x_wconf 83' lang='lat' dir='ltr'><strong>ors:</strong></span> 
     </span>
     <span class='ocr_line' id='line_1_27' title="bbox 264 2683 1299 2758; baseline 0 -24"><span class='ocrx_word' id='word_1_219' title='bbox 264 2683 758 2757; x_wconf 71' lang='lat' dir='ltr'><strong>erebropheretrteetssgittsrurnusu.</strong></span> <span class='ocrx_word' id='word_1_220' title='bbox 808 2691 919 2758; x_wconf 67' lang='lat' dir='ltr'><strong>..Usque</strong></span> <span class='ocrx_word' id='word_1_221' title='bbox 938 2688 1064 2739; x_wconf 74' lang='lat' dir='ltr'><strong>coloratis</strong></span> <span class='ocrx_word' id='word_1_222' title='bbox 1083 2687 1167 2737; x_wconf 74' lang='lat' dir='ltr'><strong>omnis</strong></span> <span class='ocrx_word' id='word_1_223' title='bbox 1185 2683 1299 2734; x_wconf 78' lang='lat' dir='ltr'><strong>devexus</strong></span> 
     </span>
     <span class='ocr_line' id='line_1_28' title="bbox 264 2762 1299 2837; baseline -0.005 -22"><span class='ocrx_word' id='word_1_224' title='bbox 264 2762 316 2815; x_wconf 87' lang='lat' dir='ltr'><strong>Sed</strong></span> <span class='ocrx_word' id='word_1_225' title='bbox 326 2781 373 2814; x_wconf 86' lang='lat' dir='ltr'><strong>cur</strong></span> <span class='ocrx_word' id='word_1_226' title='bbox 383 2763 426 2814; x_wconf 76' lang='lat' dir='ltr'><strong>nie</strong></span> <span class='ocrx_word' id='word_1_227' title='bbox 437 2767 536 2818; x_wconf 85' lang='lat' dir='ltr'><strong>mentio</strong></span> <span class='ocrx_word' id='word_1_228' title='bbox 545 2767 666 2830; x_wconf 84' lang='lat' dir='ltr'><strong>Persidis,</strong></span> <span class='ocrx_word' id='word_1_229' title='bbox 679 2785 760 2837; x_wconf 86' lang='lat' dir='ltr'><strong>quum</strong></span> <span class='ocrx_word' id='word_1_230' title='bbox 806 2791 819 2814; x_wconf 77' lang='lat' dir='ltr'><strong>s</strong></span> <span class='ocrx_word' id='word_1_231' title='bbox 829 2768 863 2819; x_wconf 84' lang='lat' dir='ltr'><strong>sb</strong></span> <span class='ocrx_word' id='word_1_232' title='bbox 882 2767 953 2818; x_wconf 85' lang='lat' dir='ltr'><strong>indis</strong></span> <span class='ocrx_word' id='word_1_233' title='bbox 974 2767 1005 2816; x_wconf 85' lang='lat' dir='ltr'><strong>Et</strong></span> <span class='ocrx_word' id='word_1_234' title='bbox 1026 2764 1136 2816; x_wconf 80' lang='lat' dir='ltr'><strong>viridem</strong></span> <span class='ocrx_word' id='word_1_235' title='bbox 1158 2765 1299 2833; x_wconf 72' lang='lat' dir='ltr'><strong>AEgyptnns</strong></span> 
     </span>
     <span class='ocr_line' id='line_1_29' title="bbox 264 2840 1299 2916; baseline 0.001 -24"><span class='ocrx_word' id='word_1_236' title='bbox 264 2840 371 2893; x_wconf 81' lang='lat' dir='ltr'><strong>Niluss</strong></span> <span class='ocrx_word' id='word_1_237' title='bbox 389 2842 494 2894; x_wconf 80' lang='lat' dir='ltr'><strong>Perside</strong></span> <span class='ocrx_word' id='word_1_238' title='bbox 510 2845 578 2895; x_wconf 74' lang='lat' dir='ltr'><strong>obsit</strong></span> <span class='ocrx_word' id='word_1_239' title='bbox 592 2844 761 2916; x_wconf 75' lang='lat' dir='ltr'><strong>longissime?</strong></span> <span class='ocrx_word' id='word_1_240' title='bbox 808 2847 904 2916; x_wconf 69' lang='lat' dir='ltr'><strong>suipra</strong></span> <span class='ocrx_word' id='word_1_241' title='bbox 915 2843 1040 2897; x_wconf 76' lang='lat' dir='ltr'><strong>fecundet</strong></span> <span class='ocrx_word' id='word_1_242' title='bbox 1055 2861 1143 2895; x_wconf 78' lang='lat' dir='ltr'><strong>erens.</strong></span> <span class='ocrx_word' id='word_1_243' title='bbox 1155 2867 1167 2890; x_wconf 80' lang='lat' dir='ltr'><strong>s</strong></span> <span class='ocrx_word' id='word_1_244' title='bbox 1182 2843 1249 2893; x_wconf 81' lang='lat' dir='ltr'><strong>Pier-</strong></span> <span class='ocrx_word' id='word_1_245' title='bbox 1265 2867 1299 2878; x_wconf 87' lang='lat'><strong>-··</strong></span> 
     </span>
     <span class='ocr_line' id='line_1_30' title="bbox 262 2919 1299 2990; baseline -0.005 -18"><span class='ocrx_word' id='word_1_246' title='bbox 262 2919 394 2990; x_wconf 77' lang='lat' dir='ltr'><strong>Expedire</strong></span> <span class='ocrx_word' id='word_1_247' title='bbox 406 2922 510 2974; x_wconf 83' lang='lat' dir='ltr'><strong>videtur</strong></span> <span class='ocrx_word' id='word_1_248' title='bbox 520 2924 629 2974; x_wconf 84' lang='lat' dir='ltr'><strong>Vossius</strong></span> <span class='ocrx_word' id='word_1_249' title='bbox 641 2926 666 2974; x_wconf 90' lang='lat' dir='ltr'><strong>in</strong></span> <span class='ocrx_word' id='word_1_250' title='bbox 679 2925 758 2976; x_wconf 87' lang='lat' dir='ltr'><strong>Com-</strong></span> <span class='ocrx_word' id='word_1_251' title='bbox 804 2925 843 2976; x_wconf 88' lang='lat' dir='ltr'><strong>Cl.</strong></span> <span class='ocrx_word' id='word_1_252' title='bbox 859 2926 925 2976; x_wconf 90' lang='lat' dir='ltr'><strong>Voss</strong></span> <span class='ocrx_word' id='word_1_253' title='bbox 943 2923 1015 2975; x_wconf 79' lang='lat' dir='ltr'><strong>hune</strong></span> <span class='ocrx_word' id='word_1_254' title='bbox 1037 2930 1160 2974; x_wconf 78' lang='lat' dir='ltr'><strong>versuum</strong></span> <span class='ocrx_word' id='word_1_255' title='bbox 1179 2919 1299 2970; x_wconf 82' lang='lat' dir='ltr'><strong>ordinem</strong></span> 
     </span>
     <span class='ocr_line' id='line_1_31' title="bbox 261 2996 1300 3073; baseline -0.002 -23"><span class='ocrx_word' id='word_1_256' title='bbox 261 3013 345 3051; x_wconf 86' lang='lat' dir='ltr'><strong>ment.</strong></span> <span class='ocrx_word' id='word_1_257' title='bbox 357 3001 390 3052; x_wconf 86' lang='lat' dir='ltr'><strong>nd</strong></span> <span class='ocrx_word' id='word_1_258' title='bbox 401 3003 497 3054; x_wconf 83' lang='lat' dir='ltr'><strong>llleleur</strong></span> <span class='ocrx_word' id='word_1_259' title='bbox 507 3005 530 3066; x_wconf 93' lang='lat' dir='ltr'><strong>l,</strong></span> <span class='ocrx_word' id='word_1_260' title='bbox 541 3003 571 3066; x_wconf 82' lang='lat'><strong>8,</strong></span> <span class='ocrx_word' id='word_1_261' title='bbox 583 3007 628 3073; x_wconf 86' lang='lat' dir='ltr'><strong>qui</strong></span> <span class='ocrx_word' id='word_1_262' title='bbox 638 3016 758 3056; x_wconf 86' lang='lat' dir='ltr'><strong>secutum</strong></span> <span class='ocrx_word' id='word_1_263' title='bbox 801 3005 886 3056; x_wconf 88' lang='lat' dir='ltr'><strong>Pierio</strong></span> <span class='ocrx_word' id='word_1_264' title='bbox 904 3001 1075 3072; x_wconf 76' lang='lat' dir='ltr'><strong>adoptatum,</strong></span> <span class='ocrx_word' id='word_1_265' title='bbox 1093 3013 1119 3052; x_wconf 88' lang='lat' dir='ltr'><strong>et</strong></span> <span class='ocrx_word' id='word_1_266' title='bbox 1135 3001 1162 3051; x_wconf 87' lang='lat' dir='ltr'><strong>in</strong></span> <span class='ocrx_word' id='word_1_267' title='bbox 1180 3017 1228 3050; x_wconf 80' lang='lat' dir='ltr'><strong>sus</strong></span> <span class='ocrx_word' id='word_1_268' title='bbox 1244 2996 1300 3048; x_wconf 88' lang='lat' dir='ltr'><strong>edi·</strong></span> 
     </span>
     <span class='ocr_line' id='line_1_32' title="bbox 262 3078 1299 3151; baseline -0.002 -23"><span class='ocrx_word' id='word_1_269' title='bbox 262 3079 401 3150; x_wconf 65' lang='lat' dir='ltr'><strong>Virgilium</strong></span> <span class='ocrx_word' id='word_1_270' title='bbox 414 3081 478 3132; x_wconf 80' lang='lat' dir='ltr'><strong>dit-it</strong></span> <span class='ocrx_word' id='word_1_271' title='bbox 491 3084 643 3151; x_wconf 86' lang='lat' dir='ltr'><strong>opinionem</strong></span> <span class='ocrx_word' id='word_1_272' title='bbox 656 3101 757 3148; x_wconf 84' lang='lat' dir='ltr'><strong>eorum,</strong></span> <span class='ocrx_word' id='word_1_273' title='bbox 802 3083 874 3134; x_wconf 85' lang='lat' dir='ltr'><strong>tione</strong></span> <span class='ocrx_word' id='word_1_274' title='bbox 891 3081 1052 3146; x_wconf 76' lang='lat' dir='ltr'><strong>collocatum</strong></span> <span class='ocrx_word' id='word_1_275' title='bbox 1065 3078 1202 3131; x_wconf 85' lang='lat' dir='ltr'><strong>nonnullis</strong></span> <span class='ocrx_word' id='word_1_276' title='bbox 1218 3078 1299 3128; x_wconf 86' lang='lat' dir='ltr'><strong>retio-</strong></span> 
     </span>
     <span class='ocr_line' id='line_1_33' title="bbox 263 3155 1298 3233; baseline -0.004 -23"><span class='ocrx_word' id='word_1_277' title='bbox 263 3160 308 3228; x_wconf 81' lang='lat' dir='ltr'><strong>qui</strong></span> <span class='ocrx_word' id='word_1_278' title='bbox 322 3174 450 3230; x_wconf 75' lang='lat' dir='ltr'><strong>putarunt</strong></span> <span class='ocrx_word' id='word_1_279' title='bbox 467 3163 555 3213; x_wconf 85' lang='lat' dir='ltr'><strong>Nilum</strong></span> <span class='ocrx_word' id='word_1_280' title='bbox 572 3162 681 3228; x_wconf 88' lang='lat' dir='ltr'><strong>iisdem,</strong></span> <span class='ocrx_word' id='word_1_281' title='bbox 697 3165 758 3233; x_wconf 84' lang='lat' dir='ltr'><strong>qni-</strong></span> <span class='ocrx_word' id='word_1_282' title='bbox 802 3161 881 3212; x_wconf 85' lang='lat' dir='ltr'><strong>nibus</strong></span> <span class='ocrx_word' id='word_1_283' title='bbox 900 3159 1074 3212; x_wconf 80' lang='lat' dir='ltr'><strong>conflrmsvit.</strong></span> <span class='ocrx_word' id='word_1_284' title='bbox 1094 3159 1191 3210; x_wconf 86' lang='lat' dir='ltr'><strong>Verum</strong></span> <span class='ocrx_word' id='word_1_285' title='bbox 1213 3155 1298 3208; x_wconf 81' lang='lat' dir='ltr'><strong>aude-</strong></span> 
     </span>
     <span class='ocr_line' id='line_1_34' title="bbox 262 3236 1298 3313; baseline -0.006 -23"><span class='ocrx_word' id='word_1_286' title='bbox 262 3239 759 3313; x_wconf 73' lang='lat' dir='ltr'><strong>husndusentrcestnesconciptfon-</strong></span> <span class='ocrx_word' id='word_1_287' title='bbox 803 3243 859 3292; x_wconf 89' lang='lat' dir='ltr'><strong>cior</strong></span> <span class='ocrx_word' id='word_1_288' title='bbox 882 3252 922 3292; x_wconf 87' lang='lat' dir='ltr'><strong>est</strong></span> <span class='ocrx_word' id='word_1_289' title='bbox 945 3239 990 3290; x_wconf 86' lang='lat' dir='ltr'><strong>illo</strong></span> <span class='ocrx_word' id='word_1_290' title='bbox 1015 3238 1137 3290; x_wconf 80' lang='lat' dir='ltr'><strong>Scriverii</strong></span> <span class='ocrx_word' id='word_1_291' title='bbox 1161 3236 1298 3306; x_wconf 73' lang='lat' dir='ltr'><strong>trajectio,</strong></span> 
     </span>
     <span class='ocr_line' id='line_1_35' title="bbox 263 3319 1298 3392; baseline 0.008 -22"><span class='ocrx_word' id='word_1_292' title='bbox 263 3319 349 3384; x_wconf 85' lang='lat' dir='ltr'><strong>tibus,</strong></span> <span class='ocrx_word' id='word_1_293' title='bbox 360 3339 391 3372; x_wconf 81' lang='lat' dir='ltr'><strong>ac</strong></span> <span class='ocrx_word' id='word_1_294' title='bbox 401 3322 527 3392; x_wconf 89' lang='lat' dir='ltr'><strong>deinceps</strong></span> <span class='ocrx_word' id='word_1_295' title='bbox 538 3341 585 3392; x_wconf 87' lang='lat' dir='ltr'><strong>per</strong></span> <span class='ocrx_word' id='word_1_296' title='bbox 594 3323 690 3374; x_wconf 80' lang='lat' dir='ltr'><strong>multas</strong></span> <span class='ocrx_word' id='word_1_297' title='bbox 701 3342 759 3376; x_wconf 82' lang='lat' dir='ltr'><strong>ves·</strong></span> <span class='ocrx_word' id='word_1_298' title='bbox 804 3338 882 3391; x_wconf 69' lang='lat' dir='ltr'><strong>quum</strong></span> <span class='ocrx_word' id='word_1_299' title='bbox 896 3337 976 3389; x_wconf 61' lang='lat' dir='ltr'><strong>supr&amp;</strong></span> <span class='ocrx_word' id='word_1_300' title='bbox 990 3337 1051 3389; x_wconf 66' lang='lat'>1³³5·</span> <span class='ocrx_word' id='word_1_301' title='bbox 1064 3319 1170 3378; x_wconf 60' lang='lat' dir='ltr'><strong>walls</strong></span> <span class='ocrx_word' id='word_1_302' title='bbox 1183 3331 1298 3386; x_wconf 58' lang='lat' dir='ltr'><strong>namque</strong></span> 
     </span>
     <span class='ocr_line' id='line_1_36' title="bbox 265 3396 1300 3470; baseline -0.001 -23"><span class='ocrx_word' id='word_1_303' title='bbox 265 3409 356 3467; x_wconf 75' lang='lat' dir='ltr'><strong>susque</strong></span> <span class='ocrx_word' id='word_1_304' title='bbox 365 3399 457 3452; x_wconf 77' lang='lat' dir='ltr'><strong>,fluore</strong></span> <span class='ocrx_word' id='word_1_305' title='bbox 476 3400 651 3468; x_wconf 84' lang='lat' dir='ltr'><strong>solitudines,</strong></span> <span class='ocrx_word' id='word_1_306' title='bbox 673 3402 759 3456; x_wconf 84' lang='lat' dir='ltr'><strong>donee</strong></span> <span class='ocrx_word' id='word_1_307' title='bbox 803 3402 842 3450; x_wconf 89' lang='lat' dir='ltr'><strong>sic</strong></span> <span class='ocrx_word' id='word_1_308' title='bbox 853 3400 994 3470; x_wconf 89' lang='lat' dir='ltr'><strong>proposuit</strong></span> <span class='ocrx_word' id='word_1_309' title='bbox 1006 3397 1108 3458; x_wconf 70' lang='lat' dir='ltr'><strong>locutos</strong></span> <span class='ocrx_word' id='word_1_310' title='bbox 1120 3407 1146 3448; x_wconf 87' lang='lat' dir='ltr'><strong>et</strong></span> <span class='ocrx_word' id='word_1_311' title='bbox 1155 3396 1252 3447; x_wconf 76' lang='lat' dir='ltr'><strong>eirenen</strong></span> <span class='ocrx_word' id='word_1_312' title='bbox 1264 3421 1300 3435; x_wconf 89' lang='lat'><strong>-··</strong></span> 
     </span>
     <span class='ocr_line' id='line_1_37' title="bbox 262 3473 1300 3552; baseline -0.003 -25"><span class='ocrx_word' id='word_1_313' title='bbox 262 3478 425 3546; x_wconf 82' lang='lat' dir='ltr'><strong>AEtlriopinm</strong></span> <span class='ocrx_word' id='word_1_314' title='bbox 439 3482 591 3552; x_wconf 70' lang='lat' dir='ltr'><strong>continget,</strong></span> <span class='ocrx_word' id='word_1_315' title='bbox 608 3494 687 3550; x_wconf 83' lang='lat' dir='ltr'><strong>atque</strong></span> <span class='ocrx_word' id='word_1_316' title='bbox 703 3483 758 3534; x_wconf 90' lang='lat' dir='ltr'><strong>illic</strong></span> <span class='ocrx_word' id='word_1_317' title='bbox 802 3489 828 3530; x_wconf 87' lang='lat' dir='ltr'><strong>et</strong></span> <span class='ocrx_word' id='word_1_318' title='bbox 845 3479 942 3530; x_wconf 77' lang='lat' dir='ltr'><strong>diuerso</strong></span> <span class='ocrx_word' id='word_1_319' title='bbox 958 3505 992 3518; x_wconf 91' lang='lat'><strong>·-</strong></span> <span class='ocrx_word' id='word_1_320' title='bbox 1008 3495 1087 3549; x_wconf 81' lang='lat' dir='ltr'><strong>usqne</strong></span> <span class='ocrx_word' id='word_1_321' title='bbox 1101 3505 1136 3516; x_wconf 91' lang='lat'><strong>-··</strong></span> <span class='ocrx_word' id='word_1_322' title='bbox 1152 3486 1178 3528; x_wconf 87' lang='lat' dir='ltr'><strong>et</strong></span> <span class='ocrx_word' id='word_1_323' title='bbox 1193 3473 1300 3527; x_wconf 75' lang='lat' dir='ltr'><strong>viridem</strong></span> 
     </span>
     <span class='ocr_line' id='line_1_38' title="bbox 264 3553 1296 3630; baseline -0.005 -24"><span class='ocrx_word' id='word_1_324' title='bbox 264 3556 370 3606; x_wconf 88' lang='lat' dir='ltr'><strong>demum</strong></span> <span class='ocrx_word' id='word_1_325' title='bbox 392 3558 480 3609; x_wconf 82' lang='lat' dir='ltr'><strong>Nilum</strong></span> <span class='ocrx_word' id='word_1_326' title='bbox 496 3562 598 3628; x_wconf 67' lang='lat' dir='ltr'><strong>soceri.</strong></span> <span class='ocrx_word' id='word_1_327' title='bbox 619 3561 721 3612; x_wconf 85' lang='lat' dir='ltr'><strong>Vicinia</strong></span> <span class='ocrx_word' id='word_1_328' title='bbox 743 3579 758 3611; x_wconf 84' lang='lat' dir='ltr'><strong>s</strong></span> <span class='ocrx_word' id='word_1_329' title='bbox 802 3553 1296 3630; x_wconf 71' lang='lat' dir='ltr'><strong>qnoquepltaretratoe-omnist‘ndaor</strong></span> 
     </span>
     <span class='ocr_line' id='line_1_39' title="bbox 264 3634 1299 3707; baseline -0.004 -20"><span class='ocrx_word' id='word_1_330' title='bbox 264 3634 402 3698; x_wconf 81' lang='lat' dir='ltr'><strong>vicinium,</strong></span> <span class='ocrx_word' id='word_1_331' title='bbox 418 3653 471 3705; x_wconf 82' lang='lat' dir='ltr'><strong>qus</strong></span> <span class='ocrx_word' id='word_1_332' title='bbox 481 3655 545 3689; x_wconf 79' lang='lat' dir='ltr'><strong>soce</strong></span> <span class='ocrx_word' id='word_1_333' title='bbox 557 3640 638 3690; x_wconf 93' lang='lat' dir='ltr'><strong>utitur</strong></span> <span class='ocrx_word' id='word_1_334' title='bbox 647 3637 759 3704; x_wconf 77' lang='lat' dir='ltr'><strong>Seneca,</strong></span> <span class='ocrx_word' id='word_1_335' title='bbox 806 3637 955 3706; x_wconf 77' lang='lat' dir='ltr'><strong>adjecitque</strong></span> <span class='ocrx_word' id='word_1_336' title='bbox 968 3639 1091 3707; x_wconf 83' lang='lat' dir='ltr'><strong>iusuper,</strong></span> <span class='ocrx_word' id='word_1_337' title='bbox 1104 3635 1169 3688; x_wconf 85' lang='lat' dir='ltr'><strong>nihil</strong></span> <span class='ocrx_word' id='word_1_338' title='bbox 1184 3635 1299 3704; x_wconf 90' lang='lat' dir='ltr'><strong>ineptius</strong></span> 
     </span>
     <span class='ocr_line' id='line_1_40' title="bbox 265 3714 1299 3788; baseline -0.003 -22"><span class='ocrx_word' id='word_1_339' title='bbox 265 3714 299 3766; x_wconf 92' lang='lat' dir='ltr'><strong>de</strong></span> <span class='ocrx_word' id='word_1_340' title='bbox 312 3715 440 3766; x_wconf 74' lang='lat' dir='ltr'><strong>brevitate</strong></span> <span class='ocrx_word' id='word_1_341' title='bbox 452 3718 523 3779; x_wconf 81' lang='lat' dir='ltr'><strong>vites,</strong></span> <span class='ocrx_word' id='word_1_342' title='bbox 534 3735 591 3786; x_wconf 81' lang='lat' dir='ltr'><strong>cap.</strong></span> <span class='ocrx_word' id='word_1_343' title='bbox 608 3717 651 3778; x_wconf 79' lang='lat'><strong>15;</strong></span> <span class='ocrx_word' id='word_1_344' title='bbox 662 3718 761 3770; x_wconf 81' lang='lat' dir='ltr'><strong>invidia</strong></span> <span class='ocrx_word' id='word_1_345' title='bbox 805 3735 862 3768; x_wconf 87' lang='lat' dir='ltr'><strong>esse</strong></span> <span class='ocrx_word' id='word_1_346' title='bbox 874 3717 987 3788; x_wconf 73' lang='lat' dir='ltr'><strong>vulgetis</strong></span> <span class='ocrx_word' id='word_1_347' title='bbox 1000 3717 1176 3778; x_wconf 84' lang='lat' dir='ltr'><strong>editionibus,</strong></span> <span class='ocrx_word' id='word_1_348' title='bbox 1189 3715 1247 3784; x_wconf 79' lang='lat' dir='ltr'><strong>ques</strong></span> <span class='ocrx_word' id='word_1_349' title='bbox 1258 3715 1299 3764; x_wconf 80' lang='lat' dir='ltr'><strong>le·</strong></span> 
     </span>
     <span class='ocr_line' id='line_1_41' title="bbox 264 3791 1299 3868; baseline -0.003 -24"><span class='ocrx_word' id='word_1_350' title='bbox 264 3795 292 3844; x_wconf 84' lang='lat' dir='ltr'><strong>in</strong></span> <span class='ocrx_word' id='word_1_351' title='bbox 314 3795 406 3844; x_wconf 83' lang='lat' dir='ltr'><strong>vicinio</strong></span> <span class='ocrx_word' id='word_1_352' title='bbox 427 3805 545 3846; x_wconf 80' lang='lat' dir='ltr'><strong>versatur.</strong></span> <span class='ocrx_word' id='word_1_353' title='bbox 566 3798 648 3849; x_wconf 80' lang='lat' dir='ltr'><strong>Erum.</strong></span> <span class='ocrx_word' id='word_1_354' title='bbox 661 3827 694 3838; x_wconf 91' lang='lat'><em>-</em></span> <span class='ocrx_word' id='word_1_355' title='bbox 707 3797 757 3850; x_wconf 88' lang='lat' dir='ltr'><strong>Sed</strong></span> <span class='ocrx_word' id='word_1_356' title='bbox 803 3798 875 3848; x_wconf 87' lang='lat' dir='ltr'><strong>einnt</strong></span> <span class='ocrx_word' id='word_1_357' title='bbox 893 3798 1036 3868; x_wconf 74' lang='lat' dir='ltr'><strong>AEpyptum</strong></span> <span class='ocrx_word' id='word_1_358' title='bbox 1049 3795 1146 3848; x_wconf 81' lang='lat' dir='ltr'><strong>Persidi</strong></span> <span class='ocrx_word' id='word_1_359' title='bbox 1159 3791 1299 3844; x_wconf 86' lang='lat' dir='ltr'><strong>contermi-</strong></span> 
     </span>
     <span class='ocr_line' id='line_1_42' title="bbox 264 3870 1299 3942; baseline -0.001 -18"><span class='ocrx_word' id='word_1_360' title='bbox 264 3872 302 3924; x_wconf 90' lang='lat' dir='ltr'><strong>Gl.</strong></span> <span class='ocrx_word' id='word_1_361' title='bbox 326 3875 391 3924; x_wconf 85' lang='lat' dir='ltr'><strong>Voss</strong></span> <span class='ocrx_word' id='word_1_362' title='bbox 414 3873 527 3926; x_wconf 82' lang='lat' dir='ltr'><strong>sffinust</strong></span> <span class='ocrx_word' id='word_1_363' title='bbox 549 3872 575 3926; x_wconf 80' lang='lat' dir='ltr'><strong>ri</strong></span> <span class='ocrx_word' id='word_1_364' title='bbox 600 3877 722 3928; x_wconf 82' lang='lat' dir='ltr'><strong>vicinium</strong></span> <span class='ocrx_word' id='word_1_365' title='bbox 743 3897 758 3928; x_wconf 83' lang='lat' dir='ltr'><strong>s</strong></span> <span class='ocrx_word' id='word_1_366' title='bbox 803 3896 874 3928; x_wconf 84' lang='lat' dir='ltr'><strong>nem.</strong></span> <span class='ocrx_word' id='word_1_367' title='bbox 892 3878 966 3928; x_wconf 82' lang='lat' dir='ltr'><strong>Hanc</strong></span> <span class='ocrx_word' id='word_1_368' title='bbox 983 3878 1156 3928; x_wconf 72' lang='lat' dir='ltr'><strong>temeritatem</strong></span> <span class='ocrx_word' id='word_1_369' title='bbox 1173 3870 1299 3942; x_wconf 76' lang='lat' dir='ltr'><strong>probavit</strong></span> 
     </span>
     <span class='ocr_line' id='line_1_43' title="bbox 262 3952 1297 4028; baseline -0.005 -23"><span class='ocrx_word' id='word_1_370' title='bbox 262 3954 404 4006; x_wconf 79' lang='lat' dir='ltr'><strong>Monachis</strong></span> <span class='ocrx_word' id='word_1_371' title='bbox 416 3967 533 4008; x_wconf 84' lang='lat' dir='ltr'><strong>creatum</strong></span> <span class='ocrx_word' id='word_1_372' title='bbox 548 3957 642 4020; x_wconf 87' lang='lat' dir='ltr'><strong>fuisse;</strong></span> <span class='ocrx_word' id='word_1_373' title='bbox 658 3976 717 4008; x_wconf 82' lang='lat' dir='ltr'><strong>nam</strong></span> <span class='ocrx_word' id='word_1_374' title='bbox 730 3961 757 4010; x_wconf 92' lang='lat' dir='ltr'><strong>in</strong></span> <span class='ocrx_word' id='word_1_375' title='bbox 804 3958 875 4009; x_wconf 85' lang='lat' dir='ltr'><strong>sonti</strong></span> <span class='ocrx_word' id='word_1_376' title='bbox 891 3957 990 4028; x_wconf 74' lang='lat' dir='ltr'><strong>ingenii</strong></span> <span class='ocrx_word' id='word_1_377' title='bbox 1003 3957 1043 4006; x_wconf 80' lang='lat' dir='ltr'><strong>vir</strong></span> <span class='ocrx_word' id='word_1_378' title='bbox 1055 3953 1171 4006; x_wconf 85' lang='lat' dir='ltr'><strong>Jecobus</strong></span> <span class='ocrx_word' id='word_1_379' title='bbox 1184 3952 1297 4021; x_wconf 77' lang='lat' dir='ltr'><strong>Bryant,</strong></span> 
     </span>
     <span class='ocr_line' id='line_1_44' title="bbox 263 4031 1296 4108; baseline -0.003 -25"><span class='ocrx_word' id='word_1_380' title='bbox 263 4031 331 4086; x_wconf 83' lang='lat' dir='ltr'><strong>locis</strong></span> <span class='ocrx_word' id='word_1_381' title='bbox 340 4033 429 4100; x_wconf 80' lang='lat' dir='ltr'><strong>Ovidii</strong></span> <span class='ocrx_word' id='word_1_382' title='bbox 443 4047 469 4088; x_wconf 87' lang='lat' dir='ltr'><strong>et</strong></span> <span class='ocrx_word' id='word_1_383' title='bbox 480 4037 587 4104; x_wconf 41' lang='lat' dir='ltr'><strong>,Seneca</strong></span> <span class='ocrx_word' id='word_1_384' title='bbox 600 4053 650 4108; x_wconf 87' lang='lat' dir='ltr'><strong>pro</strong></span> <span class='ocrx_word' id='word_1_385' title='bbox 665 4037 758 4090; x_wconf 83' lang='lat' dir='ltr'><strong>vicinio</strong></span> <span class='ocrx_word' id='word_1_386' title='bbox 803 4036 878 4102; x_wconf 77' lang='lat' dir='ltr'><strong>eujus</strong></span> <span class='ocrx_word' id='word_1_387' title='bbox 895 4034 1092 4088; x_wconf 74' lang='lat' dir='ltr'><strong>contumeliose</strong></span> <span class='ocrx_word' id='word_1_388' title='bbox 1107 4031 1296 4084; x_wconf 78' lang='lat' dir='ltr'><strong>insectationes</strong></span> 
     </span>
    </p>
   </div>
   <div class='ocr_carea' id='block_1_5' title="bbox 0 0 1515 4670">
    <p class='ocr_par' dir='ltr' id='par_1_6' title="bbox 0 0 1515 4670">
     <span class='ocr_line' id='line_1_45' title="bbox 0 0 1515 4670; baseline 0 0"><span class='ocrx_word' id='word_1_389' title='bbox 0 0 1515 4670; x_wconf 95' lang='lat' dir='ltr'><strong> </strong></span> 
     </span>
    </p>
   </div>
  </div>
 </body>
</html>
