2970 4714
316 397 695 493 P.'VIRGILII
727 393 1035 485 MARONIS
1070 529 1077 542 Ι

513 665 842 816 CULEX

450 958 529 1034 AD
556 953 916 1034 OCTAVIUM1.

165 1219 1204 1246 ΜΜΜΜΜΜΜΜΜΝᾺΜΜΜΜΜΜΜΜΜ

510 1458 861 1522 ARGUMENTUM.

167 1687 297 1773 Pteron
312 1731 435 1792 gregem
449 1729 543 1772 mane
560 1713 595 1771 in
609 1731 725 1793 pascua
739 1709 885 1770 eductum
900 1707 958 1768 sub
973 1709 1112 1771 medium
1126 1711 1210 1772 diem

167 1799 207 1859 ad
219 1800 339 1860 fontem
356 1803 389 1859 in
407 1821 482 1881 agro
496 1797 647 1860 Thebano
665 1797 723 1859 sub
738 1797 915 1858 Cithaerone
929 1797 1028 1878 (conf.
1041 1799 1080 1860 ad
1095 1821 1123 1860 v.
1141 1801 1213 1881 108)

167 1887 376 1970 compulerat,
386 1891 439 1971 qui
455 1891 565 1949 eratin
577 1887 657 1948 valle
670 1887 801 1947 silvosa:
815 1888 883 1968 ipse
892 1885 980 1966 juxta
994 1887 1114 1972 fontem
1128 1909 1214 1948 recu·

165 1975 235 2036 buit
247 1990 277 2035 et
286 1975 521 2040 obdormivit-
532 1977 597 2038 160.
609 1978 687 2037 Ecce
697 1995 829 2056 magnus
839 1995 981 2056 serpens,
991 1996 1027 2034 ex
1037 1974 1211 2057 hydromm

167 2086 292 2147 genere,
305 2067 339 2126 in
351 2065 443 2141 locis,
456 2087 526 2148 quae
538 2070 618 2128 circa
629 2065 751 2126 fontem
762 2080 864 2138 erant,
877 2063 1036 2146 paludosis
1048 2080 1156 2126 testum
1170 2066 1213 2128 le·

166 2152 716 2236 varesolitus‚advolvitur‚etpastori
727 2156 826 2214 iratus
836 2154 1024 2212 imminet-
1033 2155 1103 2230 1803
1114 2175 1212 2236 quum

165 2240 247 2302 forte
261 2241 402 2318 fortuna,
417 2241 534 2303 Culicis
548 2241 656 2304 aculeo
669 2245 701 2302 in
716 2239 801 2302 ocuii
814 2241 930 2322 angulo
945 2241 1056 2317 infixo,
1070 2263 1212 2326 experge-

166 2329 267 2392 factus
279 2352 314 2390 ex
327 2353 439 2392 somno
453 2347 562 2413 pastor
573 2347 670 2392 manu
685 2331 724 2391 ad
738 2330 852 2390 vulnus
867 2329 970 2390 delata
985 2334 1134 2392 miserum
1149 2335 1211 2394 Cu-

154 2415 257 2498 'licem
269 2422 378 2480 attritu
390 2421 556 2495 interimit,
570 2417 776 2502 vigilantibus
789 2433 894 2479 autem
909 2417 1008 2480 oculis
1020 2422 1212 2502 prospiciens

166 2521 344 2588 serpentem
360 2508 421 2568 sibi
438 2511 612 2568 minantem
627 2507 771 2590 adspicit.
791 2509 900 2588 ltaque
917 2505 1022 2581 exilit,-
1036 2520 1066 2567 et
1086 2523 1211 2590 arrepto

168 2607 279 2654 trunco
291 2610 466 2677 serpentem
478 2595 613 2657 trucidat
621 2627 657 2642 -
666 2617 735 2656 ooo.
748 2597 846 2656 Nocte
860 2608 1007 2676 sequente
1017 2594 1134 2657 Culicis
1145 2617 1212 2656 um·

165 2681 221 2740 bre
235 2686 352 2766 pastori
367 2705 468 2766 seper
482 2705 628 2746 somnum
643 2682 750 2760 offert,
761 2687 958 2766 graviterque
968 2706 1039 2744 cum
1051 2705 1088 2746 eo
1100 2707 1212 2770 expos-

165 2770 261 2848 tulat,
280 2772 365 2855 quod
382 2795 429 2851 se,
450 2777 504 2857 qui
522 2777 550 2834 ei
567 2773 675 2834 salutis
689 2787 799 2834 auctor
817 2771 943 2850 fuisset,
960 2796 1073 2836 manus
1089 2775 1211 2837 afflictu
1293 2852 1296 2861 Δ

165 2860 231 2918 vita
244 2863 516 2942 privasset-230.
535 2865 616 2922 Tum
633 2865 763 2944 exponit
781 2882 900 2922 errores
918 2883 992 2923 suos
1011 2884 1069 2945 per
1082 2863 1151 2926 loce
1167 2867 1213 2925 in·

165 2945 247 3022 fera,
263 2949 336 3010 sede
352 2965 435 3012 certa
451 2951 593 3013 nondum
608 2952 889 3033 assignata-383.
906 2953 1017 3012 Pastor
1032 2953 1129 3014 altero
1145 2955 1213 3030 die,

165 3049 202 3092 ut
215 3035 316 3096 Culici
329 3037 468 3100 officium
481 3039 687 3122 persolveret,
701 3039 857 3102 tumulum
869 3041 895 3098 ei
909 3041 1040 3100 exstruit
1051 3043 1146 3100 variis
1155 3041 1211 3102 flo-

165 3122 251 3182 ribus
267 3123 494 3209 fmticibusque
513 3129 671 3188 consitum
688 3143 719 3187 et
739 3127 830 3188 titulo
845 3125 1084 3189 omatum-ad
1103 3127 1208 3190 finem.

207 3214 340 3274 Videtur
347 3227 450 3274 autem
459 3215 536 3290 hoc,
547 3218 603 3276 etsi
612 3216 726 3276 diserte
734 3231 825 3299 poeta
839 3237 903 3275 non
918 3217 1077 3296 exposuit,
1091 3236 1128 3275 eo
1139 3237 1210 3276 con-

165 3301 237 3362 silio
254 3299 372 3375 fecisse,
386 3317 421 3362 ut
433 3301 474 3361 ad
486 3303 591 3362 sedern
604 3319 719 3364 certam
735 3308 768 3364 in
781 3303 858 3364 locis
871 3302 980 3361 inferis
994 3303 1210 3365 admitteretur

165 3389 280 3451 umbra
291 3389 426 3451 Culicis:
445 3389 484 3449 ad
501 3411 572 3454 eum
585 3413 720 3470 morem,
736 3413 798 3474 quo
813 3393 880 3451 sine
893 3389 1005 3450 tumuli
1018 3389 1139 3454 honore
1151 3415 1208 3454 neo

167 3481 235 3540 aliae
249 3477 368 3546 umbrae
381 3481 504 3562 Stygem
515 3493 639 3540 tranare
650 3501 741 3562 posse
755 3479 879 3541 creditae
893 3493 975 3538 suot.

201 3643 290 3710 Quum
301 3642 486 3710 difficultates,
506 3645 600 3714 quaein
612 3642 664 3694 hoo
709 3643 898 3715 plerorumque
909 3641 1029 3696 locorum
1040 3642 1167 3696 enodatio
1177 3665 1208 3698 ex

167 3726 284 3776 carmine
300 3737 459 3793 occurrunt,
475 3724 597 3776 lectionis
609 3724 664 3775 fers
709 3725 850 3776 Variarum
866 3723 1020 3776 Lectionum
1042 3727 1206 3794 expositione

167 3805 318 3877 depravatae
339 3805 481 3878 stribligini
498 3803 663 3857 debeantur:
711 3803 892 3875 eritpetenda

197 3983 230 4042 (ι)
244 3981 369 4026 Petaviano
378 3981 455 4028 codici
464 3985 597 4046 prescripta
609 3993 674 4029 erant
684 3981 731 4029 hec
741 4000 746 4028 :
761 4003 770 4022 ι
780 3983 904 4028 Poetarum
913 3977 1086 4044 sapientissimis,
1096 3981 1121 4024 P.
1132 3981 1160 4026 V.
1172 3981 1204 4027 M.

169 4073 180 4094 ι
190 4051 343 4114 condiscipuli
355 4053 477 4101 Octaviani
486 4055 578 4102 Ctesarit
590 4056 686 4118 Augusti
695 4053 777 4103 mundi
787 4053 946 4116 Imperatoris,
956 4050 1072 4116 juvenalis
1082 4049 1133 4096 ludi
1142 4049 1206 4098 libel·

171 4144 181 4172 t·
191 4123 233 4170 ius.
243 4123 328 4184 incipit
337 4121 417 4169 Culex.
429 4143 439 4166 u

237 4201 261 4258 ⁵.
1017 4217 1031 4252 a
