2918 4682
353 389 404 455 ru
429 385 818 453 saonerconuu
841 387 934 452 ms.
960 388 984 452 1.
1127 393 1190 474 sss

143 528 176 574 et
193 514 328 574 Antonio
341 511 424 594 apud
442 508 622 590 Philippos,
640 520 669 566 et
685 509 760 588 quia
773 507 880 584 civile,
900 511 969 572 ideo
980 511 1098 592 paribus
1113 514 1194 576 telis:

146 603 191 662 ait
204 605 320 678 iterum,
333 603 406 684 quia
421 599 513 660 civile
524 600 665 679 Pompeii
680 613 710 656 et
720 598 849 658 Caesaris
862 599 970 660 eodem
981 600 1051 662 loco
1063 621 1195 685 gestum.

148 688 251 768 Hujus
265 704 328 749 tam
342 689 457 748 atrocis
470 685 543 746 belli
558 686 818 766 conquestionem
831 689 958 764 excitat,
973 693 1058 772 quod
1069 695 1119 752 [lii
1131 693 1198 775 ‹sig-

150 799 226 838 num
238 778 462 858 judicaverint,
485 791 515 836 et
529 775 636 836 eadem
654 774 797 835 Emathia
812 775 858 836 bis
874 779 1043 859 tingeretur
1055 785 1197 846 Romano

149 869 319 947 sanguine3
332 882 362 928 et
374 867 476 948 campi
491 864 551 939 illi,
567 865 621 946 qui
636 865 686 922 siti
701 862 740 921 ad
754 867 897 924 Haemum
911 881 1062 930 montem.

189 952 259 1034 493.
272 959 459 1035 Exaggerat,
480 952 572 1035 quale
595 952 672 1012 illud
693 951 789 1011 fuerit
808 951 926 1012 bellum
946 971 1055 1015 contra
1069 960 1198 1021 Brutum

152 1042 191 1102 ab
202 1059 331 1118 eventu,
342 1046 396 1126 qui
407 1043 534 1103 futurus
545 1056 614 1124 post
626 1039 723 1102 multa
738 1042 842 1102 secula
855 1067 862 1100 ε
874 1065 946 1102 nam
958 1045 1103 1125 agricolae
1114 1069 1201 1108 aran.

116 1145 122 1158 ·
151 1145 196 1192 tes
209 1155 278 1194 eam
291 1149 411 1216 partem
426 1152 625 1213 camporum,
643 1132 804 1192 invenient
818 1133 957 1193 Rornana
973 1134 1036 1214 pila
1056 1137 1202 1218 rubigine

159 1219 271 1296 obsita,
282 1222 385 1302 galeas
399 1223 505 1282 rastris
518 1219 703 1302 pulsabunt,
716 1218 957 1280 admirabuntur
967 1243 1038 1280 ossa
1048 1225 1202 1285 Romano-

187 1389 247 1460 490.
261 1353 357 1442 [lerum
374 1391 457 1443 videre
469 1391 596 1462 Philippi.
607 1390 653 1442 Ci·
699 1391 847 1441 insecutum
856 1392 957 1454 est-,ita
966 1392 1078 1457 cecinit,
1089 1391 1203 1462 loquens

153 1468 221 1520 ritas
236 1481 275 1520 est
286 1470 446 1522 Thessaliae:
462 1472 488 1521 in
502 1489 555 1540 qua
568 1471 654 1540 primo
700 1487 758 1520 cum
769 1470 826 1540 ipsa
836 1469 990 1533 Thessalia,
1004 1470 1204 1543 unionumque

153 1545 242 1598 Cesar
258 1563 351 1601 contra
369 1548 538 1619 Pompeium
561 1561 656 1620 postea
700 1561 739 1600 est
753 1565 872 1620 gestum:
891 1571 901 1596 ι
918 1549 979 1616 Quo
996 1567 1049 1599 non
1070 1549 1204 1604 llomauoa

154 1624 288 1697 Augustus
308 1642 401 1682 contra
421 1630 529 1680 Brutum
551 1641 577 1680 et
593 1627 656 1680 Cus—
703 1629 840 1680 «violabis
851 1631 1205 1683 vomeremanesidnteno-

156 1705 224 1756 sium
233 1742 242 1769 ,
258 1705 459 1760 dimicaverunt.
474 1709 512 1760 De
525 1707 575 1760 bac
591 1707 656 1758 urbe
704 1729 763 1760 «vae
777 1711 885 1760 venient
897 1711 985 1772 acies,
1001 1710 1148 1782 scelerique
1165 1731 1206 1764 se-

157 1797 280 1838 accurate
292 1787 408 1858 Appiso.
417 1788 451 1840 de
461 1787 534 1840 Bello
544 1787 565 1838 C
576 1807 600 1837 v.
612 1788 656 1839 lV.
705 1811 716 1835 κ
729 1788 817 1840 cundo
830 1789 967 1839 Prustabis
986 1788 1104 1840 nondum
1120 1793 1206 1844 siccos

157 1863 208 1914 Cui
221 1867 322 1936 regioni
333 1867 475 1920 tribuenda
487 1869 535 1932 sit,
548 1879 657 1918 conten·
706 1867 915 1938 slrocsauguine
923 1885 1040 1937 campos.
1051 1891 1061 1914 ι
1071 1869 1127 1920 lloc
1135 1873 1208 1923 enim

157 1939 230 1994 ditur
238 1947 463 2017 interscriptores.
472 1945 566 1998 Procul
574 1945 658 1997 dubio
705 1948 817 2020 quidest
828 1947 910 2010 uliud,
920 1966 1000 2018 quam
1009 1948 1050 2000 bis
1058 1949 1208 2004 Emathiam

156 2023 185 2076 in
197 2023 314 2078 linitibus
327 2028 363 2078 ita
373 2030 445 2098 jacet
459 2041 483 2080 et
493 2025 659 2079 Macedoniae
703 2030 877 2102 pinguescere
888 2027 1009 2080 Romano
1020 2032 1166 2099 sanguine?
1179 2033 1206 2083 C.

157 2116 182 2154 et
200 2103 335 2172 Thracia,
357 2118 385 2158 ut
408 2109 461 2158 utri
481 2105 659 2159 adscribenda
704 2139 738 2148 -
749 2109 924 2181 Pinguescere.
936 2110 989 2160 Aut
999 2108 1139 2160 foecundos
1149 2109 1208 2163 lieri

158 2183 207 2248 sit,
225 2185 267 2236 rix
283 2188 340 2238 erui
358 2189 450 2257 possit.
471 2186 565 2238 Danda
582 2187 660 2246 venia
704 2207 737 2240 ex
747 2187 865 2240 humano
879 2207 990 2249 eruore;
1004 2201 1049 2238 aut
1058 2189 1208 2262 pinguesce-

159 2276 197 2341 est
212 2265 338 2336 Virgilio,
356 2267 468 2338 aliisque
486 2269 588 2332 Poetis,
605 2267 659 2318 imo
705 2286 731 2318 re
752 2266 818 2318 dixit
841 2269 967 2337 poetice,
990 2269 1066 2336 quasi
1090 2267 1208 2322 humana

159 2355 184 2394 et
195 2345 245 2413 ipsi
258 2345 337 2396 Floro
348 2347 461 2416 eandem
473 2365 581 2398 arenam
592 2348 661 2397 inse·
707 2365 822 2416 corpora
832 2360 904 2398 terra
913 2345 1045 2397 devorans
1055 2347 1162 2419 pinguis
1170 2349 1209 2399 el·

50 2429 52 2434 ·
159 2420 230 2474 disse
242 2422 361 2476 Cassium
372 2438 398 2476 et
408 2427 517 2476 Brutum
527 2423 662 2477 affirman·
707 2425 750 2477 fici
759 2427 888 2496 potuerim
898 2427 966 2476 sicut
974 2443 1005 2476 ea
1013 2427 1133 2476 earnium
1139 2445 1210 2478 com·

162 2500 267 2570 ti,quse
275 2503 363 2554 fatalis
371 2503 419 2555 Cn.
429 2505 557 2573 Pompeio
566 2505 661 2554 luerat.
708 2505 835 2556 mixtione
848 2506 1002 2573 frequenter
1013 2502 1132 2558 humana
1147 2524 1210 2558 caro

162 2579 267 2651 Lipsius
281 2583 394 2636 duorum
411 2583 595 2654 Philipporum
609 2601 664 2635 me
709 2584 867 2655 pinguescit.
878 2583 948 2634 Serv.

162 2663 255 2728 minis,
272 2677 297 2714 et
313 2666 341 2716 in
353 2663 509 2729 Thessalia,
526 2663 572 2715 ubi
589 2664 666 2712 l'om·
745 2663 804 2732 493.
822 2662 932 2714 Scilicet.
953 2661 1020 2714 Vide
1040 2680 1122 2733 supra
1141 2666 1210 2718 alla:

158 2743 239 2813 ’peius
262 2742 348 2796 dictus
368 2744 401 2796 ad
420 2744 534 2796 Peneum
551 2742 664 2806 flumen,
709 2756 791 2814 poeta
804 2743 934 2814 propositi
947 2743 988 2793 sui
1002 2745 1156 2796 memoriam
1169 2766 1212 2798 re-

164 2835 190 2873 et
209 2823 237 2872 in
256 2822 435 2888 Macedonia,
460 2821 506 2874 ubi
525 2823 620 2874 Brutus
639 2833 665 2874 et
710 2823 785 2876 ducit
800 2825 869 2875 inter
886 2822 1018 2874 bellorum
1035 2823 1209 2880 calamitates.
1296 2817 1297 2824 ἵ

162 2902 268 2954 Cassius
281 2916 375 2956 contra
391 2903 521 2954 Caesarem
539 2918 565 2954 et
582 2904 666 2953 Anto·
712 2903 744 2958 V.
759 2904 789 2956 G.

164 2982 238 3032 nium
257 2980 438 3034 dimicarunt:
458 2982 533 3034 illum
551 2981 612 3035 vide
631 2981 666 3036 ail
746 2983 807 3052 495.
831 2983 923 3035 Scabra
948 2983 1069 3055 robigine.
1091 2986 1210 3056 Aspera:

165 3060 233 3112 Vell.
250 3063 350 3114 Patere.
363 3062 386 3111 ll
395 3101 403 3129 ,
418 3079 460 3130 70·
477 3092 510 3100 -
522 3063 591 3132 Lege
607 3076 666 3114 aete
711 3063 783 3114 unde
795 3075 821 3114 et
832 3062 935 3114 scabies
947 3061 1045 3113 dicitur
1061 3081 1077 3112 a
1092 3067 1212 3132 corporis

166 3139 240 3192 erud.
258 3141 339 3208 1750,
354 3160 380 3211 p.
397 3141 445 3193 661
459 3163 464 3192 ι
478 3141 515 3192 ibi
531 3141 611 3211 plura
627 3143 668 3192 in·
713 3145 866 3212 asperitate.
876 3139 1093 3194 Seru—Catuli
1106 3144 1148 3196 Ne
1159 3162 1214 3195 nos·

167 3219 666 3290 veniesinquadamdissertationesub
712 3231 780 3274 trum
807 3222 892 3273 scabro
914 3229 1005 3291 tangat
1028 3220 1143 3292 rubigine
1169 3240 1213 3273 ou-

168 3298 246 3352 titulu
260 3321 265 3350 :
281 3299 417 3352 Pharsalia
431 3314 457 3351 et
472 3299 603 3370 Philippi,
620 3317 668 3352 seu
712 3319 771 3350 men
791 3300 888 3350 Lucan.
898 3297 943 3348 lib.
956 3299 1213 3373 lsEtscabrosoigroe

168 3381 278 3452 gemine
295 3379 411 3450 Philippi
426 3379 498 3450 apud
511 3379 667 3451 Virgilium,
713 3395 797 3429 morsu
816 3377 938 3448 rubiginis
955 3393 1032 3428 enses.
1052 3377 1130 3429 ovid.
1148 3381 1212 3434 Met.

168 3461 264 3534 Georg.
279 3459 323 3512 lib.
336 3462 347 3511 l
355 3499 363 3524 ,
376 3461 436 3530 490·
452 3460 483 3512 V.
494 3461 525 3512 G.
712 3460 784 3520 Vlll,
797 3456 831 3508 ds
843 3458 927 3520 lame,
939 3457 1017 3509 scabri
1027 3459 1215 3531 rubigioeden-

205 3541 265 3610 lgr.
281 3539 400 3611 Necfuit
413 3539 549 3612 indiguum
564 3539 668 3610 superis.
714 3551 756 3591 tes.
772 3539 805 3590 Et
816 3539 885 3590 Fast-
900 3539 909 3587 l
921 3559 927 3587 :
940 3538 1041 3588 Interea
1055 3549 1147 3590 crescat
1157 3559 1215 3594 sca.

170 3619 253 3688 Quasi
261 3618 418 3671 exclamatio
427 3630 467 3670 est
475 3617 588 3670 addens.
599 3621 669 3671 Seru.
714 3619 763 3670 broe
777 3603 899 3689 mbigiriis
912 3633 1005 3688 expers.
1022 3616 1133 3670 Pulchre
1150 3619 1217 3673 dixit

169 3729 204 3740 -
217 3700 260 3752 Bis
270 3699 395 3771 sanguine
409 3709 493 3750 nostro
505 3697 669 3763 Emathiam,
715 3698 773 3751 Vel.
785 3699 854 3749 Max.
865 3693 928 3766 ll,9
940 3719 946 3747 ι
960 3697 1078 3748 Horridoe
1088 3703 1217 3756 vetustatis

157 3790 197 3840 ,et
207 3779 272 3832 latos
287 3777 373 3832 Hermi
384 3778 547 3854 pinguescere
559 3797 671 3850 campos.
717 3779 832 3852 rubigine
843 3778 950 3830 obsitum
963 3778 1108 3849 imperium.
1119 3781 1215 3836 Cardu.

172 3861 249 3911 lluuc
268 3858 356 3910 locum
374 3856 547 3909 adumbrasse
569 3855 673 3909 ridetur
752 3861 813 3929 497.
833 3858 949 3910 Grandia
965 3875 1026 3909 ossa.
1046 3859 1099 3910 Aut
1117 3862 1215 3928 multa,

175 3927 296 3992 Lucanus
313 3937 358 3990 lib.
376 3938 432 3989 Vll.
452 3939 519 3990 Nem
537 3957 597 3990 curo
617 3955 673 3990 res·
719 3938 985 4010 notingentimquasi
993 3939 1162 4008 antiquorum
1172 3939 1219 3992 he·

176 4033 255 4090 pectu
270 4018 305 4071 ad
320 4019 419 4072 bellurn
436 4019 544 4072 cesaris
556 4031 583 4071 et
594 4021 672 4070 Pom·
717 4038 802 4072 roum.
814 4020 884 4071 Serv.
898 4016 966 4068 Vide
979 4015 1068 4084 vol.l,
1083 4037 1143 4092 pag.
1155 4021 1216 4088 327,

102 4102 108 4112 '
177 4099 248 4168 peii,
267 4097 340 4169 quod
362 4101 513 4170 precessit,
535 4111 562 4154 et
581 4099 673 4166 Bruti,
718 4111 810 4154 notam
822 4097 857 4152 asl
868 4093 1063 4150 huncversum.

248 4183 271 4238 5.
1008 4185 1038 4238 28
