2964 4690
370 395 421 460 m
446 393 834 462 oaouoroosnm
858 394 952 458 Lm.
978 396 1004 459 1.
1147 391 1212 482 39³

165 521 344 604 oppositam
360 535 392 582 et
405 521 494 604 quasi
507 521 717 580 minitantem.
736 518 783 580 De
800 517 920 580 medica
935 520 1057 600 signate
1071 517 1216 600 precipit

165 612 326 674 serendam
339 614 372 671 in
385 626 468 673 terra
479 613 576 694 putri.

205 721 273 779 2¹9·
285 701 389 782 Pergit
402 698 441 758 ad
450 700 604 774 triticum,
618 713 648 759 et
663 698 728 759 far:
742 698 768 758 si
779 709 893 759 terram
909 695 1011 758 arabis
1024 697 1062 758 ad
1076 699 1215 758 triticum

164 801 197 846 et
211 786 293 848 farra
307 787 487 865 condenda,
501 790 546 850 ita
557 800 593 848 ut
604 785 664 847 tibi
677 800 799 847 tantum
813 787 855 846 sit
866 807 941 846 cura
955 787 1137 859 aristarum,
1149 783 1216 844 fru-
1308 790 1311 800 '

166 879 265 937 menti
279 879 391 954 solius,
410 876 472 938 hoe
486 899 566 960 opus
580 875 635 938 liet
652 875 726 950 tibi,
746 896 765 935 o
780 873 935 955 agricola,
954 895 1059 936 mense
1071 872 1217 949 Octobri,

164 979 196 1025 et
208 982 278 1048 post
288 969 477 1028 matutinum
493 987 640 1028 occasum
652 965 839 1026 cosmiscum
849 961 1028 1038 Pleiadum,
1040 977 1070 1024 et
1081 976 1155 1045 post
1166 983 1217 1022 or-

165 1067 234 1114 tum
252 1053 410 1118 heliacum
437 1077 587 1118 coronoe:
612 1075 686 1118 cave
707 1053 771 1114 ulio
793 1067 935 1136 tempore
957 1055 1098 1113 triticum
1119 1065 1150 1112 et
1171 1049 1220 1110 far

165 1140 262 1204 sulcis
277 1147 469 1222 committas3
485 1165 560 1205 cave
575 1145 711 1206 nimium
724 1141 856 1203 festinus
870 1143 911 1202 sis
924 1135 958 1202 in¹
972 1140 1127 1202 credenda
1143 1140 1218 1198 anni

166 1251 221 1314 spe
235 1230 341 1293 telluri
356 1235 479 1308 inviter,
494 1253 529 1292 sc
541 1231 732 1316 repugnanti
745 1252 752 1290 ε
765 1251 841 1291 uem
853 1227 970 1290 multos
984 1227 1065 1303 vidi,
1078 1229 1218 1310 quiante

166 1405 255 1446 autem
270 1413 287 1446 a
304 1391 417 1466 Medicis
433 1393 564 1448 translata
580 1408 621 1449 est
640 1397 667 1448 iu
715 1401 820 1468 hieme,
832 1419 912 1454 vere:
926 1402 953 1452 in
967 1399 1145 1451 Italintumen
1157 1394 1219 1468 plu·

165 1472 307 1536 Graeciam
317 1477 667 1547 quotemporeeamllerxes
713 1482 810 1534 risuum
822 1493 912 1533 restare
924 1502 930 1530 z
946 1497 1028 1550 quana
1039 1477 1125 1529 solam
1138 1476 1218 1528 satio·

164 1555 307 1612 invaserat.
317 1555 401 1624 Hujus
408 1556 666 1628 plenaVenetiaost:
714 1580 776 1614 nem
788 1561 826 1613 ibi
838 1561 938 1614 Seneca
951 1559 1082 1631 agnoscit.
1096 1558 1130 1607 At
1142 1568 1171 1607 tu
1181 1555 1219 1605 vi·

165 1632 668 1708 et,ntdicitDiouysius‚triremt'olio·
713 1640 747 1694 de
760 1640 875 1692 Plinium
887 1640 987 1705 XVIII,
1006 1655 1037 1707 73
1052 1650 1078 1690 et
1091 1635 1218 1688 liberabis
1251 1643 1254 1662 ¹

164 1733 223 1766 rum
236 1729 292 1778 est,
310 1732 467 1786 semperque
484 1718 581 1770 virens.
595 1719 665 1770 Serv.
711 1716 1216 1792 IaciIeVirgiliumhujusculpae.Trrub.

165 1794 667 1860 -Mrdicurtinxvnlnmindes-
713 1831 749 1841 -
771 1799 925 1854 Secundum
952 1798 1076 1852 eumdem
1103 1797 1219 1849 Plinium

165 1873 243 1925 eribit
260 1895 265 1923 :
286 1875 384 1928 Similis
399 1886 436 1930 est
454 1877 572 1949 trifolio,
591 1874 666 1928 caule
710 1881 812 1948 XVIII,
825 1880 877 1945 66,
893 1880 996 1932 milium
1009 1897 1063 1932 uon
1076 1891 1139 1931 ente
1152 1882 1219 1931 Ver·

158 1953 286 2026 foliisque
299 1955 468 2028 peniculum:
485 1975 531 2022 ea,
544 1974 625 2028 quum
638 1956 666 2006 t'n
711 1960 838 2034 pillarum
867 1973 956 2012 ortum
981 1958 1143 2022 serendum,
1163 1974 1218 2029 quo

164 2045 265 2086 cautem
282 2037 404 2109 assurgit,
419 2036 525 2108 infolio
536 2035 667 2088 contrairi·
712 2052 834 2113 tempore
854 2059 966 2112 vespere
983 2059 1032 2111 per
1049 2058 1113 2092 arva
1127 2038 1219 2090 lucent

165 2125 214 2166 tur.
230 2115 273 2168 Ad
283 2135 362 2188 quem
372 2117 460 2170 locum
476 2137 500 2170 r.
509 2117 666 2188 Deleramp.
714 2119 868 2187 cicindelae,
880 2119 909 2172 id
921 2133 978 2188 est,
996 2118 1157 2172 animalcula
1171 2135 1217 2168 vo·

163 2195 268 2249 Nomen
284 2196 366 2250 habet
383 2217 399 2250 n
415 2196 516 2264 Medis,
531 2197 603 2252 unde
621 2196 667 2250 ad·
713 2200 820 2254 litantis
829 2219 878 2272 per
890 2199 1004 2264 herbas,
1022 2213 1048 2252 et
1062 2198 1217 2252 insterstel-

163 2277 347 2330 vecta.liestet
354 2278 477 2330 ultimum
484 2277 517 2329 de
522 2288 666 2349 precepto.
712 2275 830 2332 hilarum
840 2281 976 2333 micantia.
991 2280 1023 2333 V.
1035 2282 1065 2332 G.
1075 2308 1110 2320 -
1118 2279 1218 2331 Annua

163 2353 227 2423 Ejus
242 2355 301 2408 duoe
315 2371 420 2428 partes,
433 2370 460 2409 et
475 2374 529 2427 quo
546 2371 667 2426 tempore
711 2377 781 2412 cura.
802 2361 865 2412 Post
886 2359 1037 2424 medicam,
1054 2378 1112 2430 quae
1134 2358 1215 2411 semel

164 2436 279 2488 serenda
293 2437 412 2503 medicu;
430 2450 456 2489 et
472 2436 504 2489 de
524 2436 667 2508 putredine
713 2453 773 2493 eata
784 2441 881 2506 durat,
893 2441 969 2508 juxta
985 2439 1150 2506 Palladium,
1168 2438 1215 2490 lib.

163 2528 254 2581 terrm,
263 2517 309 2568 ubi
320 2517 442 2569 serenda.
453 2518 493 2569 De
503 2519 593 2587 priore
602 2515 667 2567 Plin.
713 2521 751 2588 V,
762 2521 801 2572 tit.
815 2536 824 2570 ι
835 2558 844 2585 ,
857 2537 942 2572 annos
951 2518 1058 2584 decem,
1069 2532 1095 2572 et
1103 2537 1161 2590 que
1169 2536 1218 2589 per

164 2596 266 2660 XVIII,
287 2596 342 2648 16:
363 2597 456 2648 scritto
476 2615 562 2650 merrse
583 2597 667 2668 Majo.
715 2620 813 2654 mum
822 2601 1218 2673 quateretsextiesdemetitnr,

165 2674 266 2726 Pallad·
280 2674 327 2726 lib·
341 2676 381 2740 V,
392 2677 432 2726 tit.
450 2691 471 2726 ¹·
484 2673 572 2747 Aprili
584 2693 669 2728 mente
713 2683 829 2754 opponit
851 2681 955 2734 milium
979 2679 1053 2752 quod
1074 2679 1217 2734 serendum

164 2757 192 2808 in
205 2755 288 2820 ertit,
302 2773 368 2826 quas
377 2769 438 2808 ante
451 2755 532 2825 (situl
542 2753 669 2825 didm)
714 2775 753 2815 est
770 2763 915 2833 quotannis
934 2773 961 2814 et
977 2779 1061 2813 verno
1079 2775 1216 2831 ternpore:

164 2838 339 2906 preparasti,
355 2835 460 2888 medica
483 2835 598 2888 serenda
617 2848 666 2888 esl-
715 2841 792 2896 uliter
805 2842 881 2894 nulla
894 2854 1041 2913 proventus
1059 2859 1120 2912 spes
1136 2842 1217 2893 forot.

163 2915 257 2986 Itaque
274 2917 346 2988 Virg.
363 2915 492 2987 preclare
509 2934 564 2967 uere
579 2933 668 2968 seren·
751 2939 811 2991 ²¹7·
834 2921 964 2976 candidus
984 2922 1085 2974 Tannrs
1100 2931 1125 2972 et
1142 2921 1218 2974 Canis

165 2995 667 3068 dumssseruit.ltnquoquePliu.loco
713 3001 827 3056 adverso.
847 3002 938 3054 Tauro
958 3001 1062 3066 cedens,
1080 2999 1218 3071 explican-

166 3075 300 3126 adducto:
315 3094 392 3127 verno
404 3077 451 3128 seri
462 3075 541 3126 dedet.
555 3075 594 3127 De
605 3095 668 3149 pot·
713 3094 773 3149 tur,
784 3081 839 3133 vol.
853 3083 878 3143 Ι,
889 3099 949 3153 pag.
962 3081 1013 3133 283
1027 3093 1052 3132 at
1066 3079 1132 3146 284:
1143 3081 1217 3130 itaet

164 3156 262 3206 teriore
275 3153 380 3206 Colum.
397 3156 438 3222 11,
457 3171 495 3206 11.
513 3155 627 3220 Locum,
641 3157 668 3206 in
712 3159 863 3214 Atlantides
871 3161 1033 3230 Cornuaque
1041 3157 1106 3210 ibid.
1116 3171 1141 3210 et
1153 3177 1214 3229 pag.

164 3252 217 3304 quo
233 3233 359 3285 medicam
369 3234 489 3305 proximo
501 3253 558 3286 vere
569 3245 669 3288 somnes
712 3240 895 3309 sequentibus.

165 3332 205 3378 es,
218 3313 375 3384 proscindito
386 3313 453 3366 circa
463 3312 526 3365 Kal.
543 3315 629 3366 Octod.
642 3325 668 3366 et
749 3334 809 3388 ²¹9·
831 3318 968 3370 Triticeam
989 3319 1017 3368 in
1038 3334 1149 3368 messem.
1174 3316 1216 3367 Ad

165 3412 225 3444 eum
234 3405 287 3445 totu
295 3393 386 3464 lyme
394 3403 535 3465 putrescere
543 3393 666 3446 sinito.C.
712 3415 825 3450 messem
838 3397 936 3460 tritici,
949 3395 990 3448 vel
1003 3397 1107 3466 segetis.
1119 3422 1154 3434 --
1165 3396 1216 3447 Ito·

204 3475 263 3527 216.
280 3476 316 3526 Et
327 3475 401 3527 milio
414 3477 484 3527 veuit
494 3494 584 3527 annuo
596 3494 667 3528 cura.
713 3478 835 3550 bustaque
855 3476 941 3548 sarra.
968 3477 1132 3541 Frumentis,
1157 3493 1215 3548 quaa

166 3554 268 3608 Seneca
283 3555 366 3625 Epist.
386 3555 435 3620 86,
452 3555 592 3627 Virgilium
608 3566 668 3606 tan·
713 3555 1003 3630 plushubentririum,
1014 3572 1094 3625 quam
1104 3552 1215 3627 legumi-

166 3637 221 3708 git‚
239 3646 367 3707 tanquam
387 3637 495 3709 agrariae
516 3637 553 3688 rei
572 3655 669 3707 parum
714 3655 765 3700 ηας
779 3653 833 3708 quo
846 3649 966 3706 tempore
977 3633 1216 3688 nobistdamider

165 3715 296 3786 peritum
314 3718 441 3787 quonium
459 3717 609 3788 scripsisset
621 3717 669 3766 mi·
715 3715 856 3780 occidnut,
869 3729 931 3768 sunt
943 3714 1065 3768 serenda.
1078 3715 1148 3768 Serv.

165 3794 231 3847 lium
250 3809 276 3849 et
296 3793 387 3847 labam
406 3796 456 3847 sub
473 3795 545 3848 idem
563 3809 669 3867 tempus
746 3795 1218 3850 anesum.erationibus-com-

165 3877 236 3928 seri:
257 3874 305 3926 sed
324 3874 456 3928 mehercle
474 3875 670 3942 calumniatur,
715 3879 803 3930 mittor
827 3878 934 3930 semina.
953 3876 1037 3944 Quasi
1059 3874 1215 3928 custodibus

166 3969 213 4008 aut
224 3955 292 4006 ludit
303 3958 352 4009 iste
365 3956 503 4009 Socrates:
514 3958 595 4008 immo
604 3955 670 4008 iIIud
715 3955 848 4008 fidelibus.
860 3957 931 4010 Serv.

166 4035 240 4086 lacit.
253 4035 357 4088 Milium
368 4055 399 4090 ex
411 4039 443 4090 iis
457 4050 513 4102 ost,
528 4055 587 4108 quae
600 4037 670 4090 trina
751 4035 812 4103 224.
835 4036 930 4088 Invitoe
948 4046 1026 4088 terroe.
1050 4034 1115 4101 Qure
1139 4036 1217 4105 quasi

168 4127 325 4186 tempestate
337 4119 401 4172 anni
410 4131 551 4184 seruntur,
564 4129 668 4185 estate,
715 4130 810 4172 coacta
824 4117 985 4170 rusticorum
999 4113 1108 4181 labore,
1122 4126 1149 4166 et
1161 4131 1216 4166 non
1314 4159 1318 4168 .
