2918 4682
298 393 350 455 IN
375 387 763 458 GEORGICORUM
785 389 878 455 LIB.
904 393 953 456 11.
1084 401 1141 485 49¹

139 515 284 594 doullie
298 517 415 598 pariter
429 515 590 596 praecipit,
602 533 673 596 quoe
684 517 921 596 proecepsrst'ds
933 519 1147 601 pampinatio-

93 627 154 680 ne,
170 603 315 666 videlicet
329 625 440 664 nemus
455 623 549 673 omne
563 601 727 669 vinearum
743 601 1148 669 levandumfronde.1fam

23 743 26 770 ἰ
94 694 144 752 ita
160 694 222 754 acti
237 691 402 774 iaborcsin
416 691 523 752 orbern
539 688 684 765 redeunt,
703 687 763 752 hoc
778 693 862 758 enirn
874 713 1065 756 remmnsus
1080 717 1150 800 pos-

96 782 198 856 tuiat,
221 780 281 844 hoc
295 783 479 842 necessitas:
501 801 576 842 nana
587 795 619 840 et
625 792 731 850 annus
747 782 814 862 ipse
828 783 940 846 iterum
952 805 1011 866 per
1020 787 1149 866 vestigia

23 919 27 952 Ξ
95 891 154 930 sua
171 863 203 930 in
216 872 353 952 seipsum
365 869 502 932 volvitur
514 866 726 940 etrevolvitur
738 871 861 951 saepius.
874 873 1047 934 vinitorem
1058 887 1149 934 vocat

94 955 272 1040 apriculam.

139 1041 211 1128 403.
233 1052 259 1105 Α
281 1048 467 1130 repetitione
488 1046 708 1128 pastinationis
726 1059 756 1104 et
774 1049 1021 1128 pampinationis
1038 1049 1149 1109 transit

23 1187 27 1208 ,
98 1135 142 1194 ad
164 1157 247 1198 nova
265 1136 328 1196 duo
347 1148 518 1216 praecepta,
536 1133 680 1200 videlicet
698 1133 738 1194 ad
758 1135 1029 1216 ablaqueationern
1045 1139 1151 1196 vinea·

23 1213 27 1224 ’
99 1241 243 1307 τιιω,,εῑ
262 1227 472 1308 putationem,
494 1223 647 1304 docetque
667 1224 807 1304 primurn
826 1225 884 1286 ista
903 1225 969 1286 dito
984 1224 1153 1285 ffloecenda

23 1369 28 1392 ,
99 1329 178 1394 post
188 1312 380 1374 transactum
395 1327 498 1374 totum
510 1328 714 1387 autumnum,
729 1310 832 1378 verbis
846 1315 911 1374 istis
924 1338 930 1372 :
943 1328 1096 1396 purtqrram
1110 1315 1152 1372 ui-

23 1395 28 1406 ’
99 1425 161 1462 nea
178 1403 307 1484 deposuit
324 1425 400 1462 saras
413 1417 440 1462 et
454 1400 718 1482 ultima-sfrondes,
735 1415 888 1482 postquam
907 1400 1019 1484 Aquilo
1033 1402 1156 1473 decussit

23 1557 24 1562 η
101 1490 244 1550 honorem
255 1490 508 1573 illurnfrondium.
521 1493 595 1552 ilaec
606 1491 690 1551 enirn
699 1491 790 1572 signa
801 1491 981 1554 suntexacti
992 1491 1152 1550 autumni:

101 1600 178 1659 ergo
192 1579 248 1640 ilio
269 1595 439 1656 transacto,
458 1579 623 1660 jamtum,
645 1578 752 1654 idest,
770 1571 878 1644 statim
891 1578 1034 1640 intendat
1045 1597 1154 1640 curam

102 1668 138 1726 in
153 1689 273 1728 annum
288 1684 485 1750 sequentem,
501 1688 536 1728 ac
550 1683 759 1749 persequatur
771 1669 867 1732 vitem
879 1666 1047 1728 attondens
1061 1665 1154 1742 falce,

103 1775 143 1812 en
159 1753 432 1836 ablaqueationetn
444 1779 451 1815 ε
467 1755 564 1836 fingat
575 1755 663 1816 illam
675 1757 715 1818 ad
726 1753 893 1816 arbitrium
905 1767 996 1816 'suum
1010 1752 1153 1837 putando

103 1863 349 1922 supervacanea,
369 1867 406 1904 en
420 1847 627 1926 putationem.
648 1846 706 1906 lita
722 1859 826 1907 curvus
837 1844 908 1908 aaa
918 1847 1040 1906 Saturni
1053 1843 1154 1904 conti-

105 1945 181 1990 nent
194 1932 394 2015 periphrasin
407 1933 504 1994 falcis.

140 2102 606 2173 tornatoracnatnartemidora,
652 2106 787 2180 depictam
809 2107 892 2160 tradit
909 2103 1015 2160 Colum.
1036 2107 1088 2166 IV,
1111 2103 1152 2156 ²5.

23 2237 24 2242 ¹
104 2181 131 2230 in
145 2185 207 2232 anni
221 2185 348 2235 circulum
361 2183 436 2236 labor
451 2204 479 2237 se
492 2187 606 2238 invicem
651 2187 712 2254 Quo
729 2207 793 2240 vero
812 2200 894 2260 pacto
910 2202 982 2240 terra
995 2186 1093 2238 falcem
1110 2183 1156 2236 Sa·

105 2265 225 2331 sequitur
253 2268 433 2329 rusticorum
463 2269 606 2317 continuus
651 2267 795 2318 turuofilio
806 2268 975 2338 suggesserit,
986 2266 1065 2318 docet
1075 2264 1156 2336 Apol·

105 2353 160 2405 est,
176 2355 201 2394 et
219 2348 294 2413 quasi
311 2345 448 2396 circularis
462 2345 606 2394 vinitorum
652 2344 706 2395 lod.
725 2348 752 2396 iu
769 2349 903 2417 principio
921 2346 967 2397 lib.
986 2345 1014 2412 1,
1031 2345 1099 2397 Bihl.
1112 2343 1155 2395 Sic

23 2427 28 2446 ᾗ·
107 2419 203 2471 fabor:
222 2421 293 2474 unde
313 2435 338 2473 et
356 2419 422 2476 rro'ror
437 2419 561 2487 ipericius.
577 2425 606 2474 in
651 2425 749 2476 Juven.
761 2425 837 2490 xut,
850 2427 900 2494 39:
914 2424 1056 2476 «Sumeret
1069 2441 1160 2496 agres-

107 2500 207 2566 cfrcqio
227 2503 297 2553 enirn
315 2502 357 2554 vel
375 2505 402 2553 in
420 2503 502 2568 orbe,
517 2505 607 2558 nulius
655 2516 730 2556 ntem
742 2507 830 2575 posito
842 2503 993 2556 diademate
1006 2504 1104 2556 falcem
1114 2501 1159 2554 Sa-

23 2581 28 2608 l
108 2583 294 2633 esturmi-us.
654 2595 771 2636 sturnus
787 2586 927 2656 fugientia
947 2583 1012 2635 inde
1027 2583 1157 2635 Saturnus

143 2659 202 2725 403.
216 2662 288 2716 Seras
295 2661 409 2734 frondis.
425 2661 491 2714 Sero
509 2662 607 2716 caden-
652 2663 705 2728 Gn·
720 2661 791 2732 pipat
812 2663 997 2732 dpnarrqiprr,
1020 2675 1046 2714 et
1064 2662 1157 2715 Latine

108 2758 154 2794 tes.
174 2742 262 2796 Tarde
280 2746 351 2804 enirn
372 2743 522 2815 spoliantur
541 2745 606 2794 vites
652 2745 774 2816 Falcifer.
900 2783 904 2793 .

23 2829 27 2840 '
107 2823 255 2876 frondibus.
274 2851 310 2862 —-
329 2823 407 2876 Olim.
425 2823 606 2894 Quandoque.
686 2824 1157 2898 dopPerveqtriturvitemattondenr.

107 2903 239 2973 Significat
250 2915 338 2954 autem
349 2903 426 2956 finale
440 2916 544 2979 ternpus
559 2923 607 2956 au·
652 2905 697 2956 Est
709 2907 776 2958 vites
788 2906 956 2978 ablaqueara,
972 2925 1006 2958 ne
1018 2904 1071 2958 hoc
1082 2907 1159 2975 iquo-
1245 2896 1250 2913 ⁸

23 3047 24 3050 Ἴ
110 2985 199 3033 tumui.
211 2985 280 3036 Serv.
652 2983 1159 3058 retjuvenis,quasiablacunarsscir

144 3061 202 3126 404.
218 3061 335 3132 Friyidus
345 3073 370 3111 et
382 3061 451 3114 silvis
461 3059 550 3134 aquilo
562 3061 608 3114 de·
654 3084 714 3115 curn
727 3065 798 3116 enirn
811 3062 916 3116 radices
929 3077 1000 3114 terra
1013 3061 1160 3128 effoditur,

23 3143 26 3172 ¹*
109 3142 182 3194 cussit
191 3141 322 3192 honorem.
332 3143 456 3196 Varronis
463 3141 507 3194 hic
517 3159 607 3196 versus
654 3157 850 3213 extruaturque
858 3145 886 3195 iu
893 3145 1008 3195 fur-marn
1016 3142 1158 3207 iacuuuiae,

23 3223 24 3288 l
111 3235 156 3274 est.
171 3222 240 3274 Serv.
250 3222 433 3274 -Honorem
446 3225 486 3272 lta
498 3220 608 3276 frondes
654 3243 686 3277 ac
697 3237 752 3275 turn
762 3225 862 3274 vinitor
873 3222 1011 3294 praecidit,
1025 3221 1159 3274 attondet·

23 3305 24 3332 ³
112 3301 236 3373 appellat,
245 3299 357 3371 pulchra
365 3299 536 3372 metaphoras
546 3321 609 3357 uam
657 3322 711 3373 que
720 3305 793 3357 ferro
806 3302 941 3354 radiculas
953 3301 1031 3367 ilias,
1043 3317 1101 3372 quoe
1112 3319 1159 3355 ns-

113 3386 164 3433 istse
175 3382 255 3433 decus
271 3381 405 3432 arborum.
419 3382 491 3433 Pind.
502 3383 608 3454 Oiynrp.
657 3395 715 3433 tant
729 3401 795 3453 pene
808 3383 835 3434 iu
846 3382 1004 3452 superficie:
1021 3379 1159 3452 quodnisi

112 3464 157 3524 1115
166 3465 215 3528 ait,
225 3461 376 3514 Theronem
387 3463 610 3532 circumposuisse
655 3463 753 3526 faciat,
764 3462 906 3514 inferiores
918 3461 1058 3527 deficient,
1070 3479 1159 3533 neque

112 3545 190 3596 contis
200 3539 282 3608 κόσμοι
293 3542 386 3604 tiata,
396 3542 565 3596 decus-oliuu·
656 3542 851 3598 convalescent.
871 3543 937 3609 Qum
955 3541 1028 3607 dixi,
1047 3541 1159 3616 colligas

145 3624 203 3692 405.
228 3623 300 3683 Acer.
325 3624 387 3676 Nou
408 3623 536 3693 quilibet;
562 3621 609 3674 sed
654 3621 1162 3691 apertestolnm.iV‘,8.Dcrrurni·

112 3723 170 3756 acar
183 3717 210 3762 at
221 3702 343 3775 diligens.
360 3733 393 3740 -
410 3704 487 3756 Caras
505 3703 610 3754 venien·
655 3717 687 3762 ne
698 3701 754 3766 iilo,
766 3701 842 3773 quod'
850 3699 985 3752 veteribus
996 3701 1096 3752 dictum
1107 3705 1161 3755 Pu·

113 3795 159 3834 tam
174 3782 287 3837 extendit
305 3783 332 3833 in
352 3801 461 3837 arrarum.
479 3782 562 3848 Quasi
581 3783 610 3834 in
656 3791 695 3844 ta,
706 3778 1159 3852 utquodputationibusproeesset,

114 3878 227 3934 tempure
244 3863 332 3914 alieno
350 3861 549 3931 praemeditatur
567 3863 609 3912 fu·
654 3861 712 3932 iege
724 3861 873 3914 Arnobiutn
888 3861 935 3912 lib.
952 3863 995 3912 IV.
1008 3889 1043 3900 -·-
1055 3862 1157 3933 tanqu-

117 3955 198 3994 turum
212 3943 339 3996 laborem.
353 3945 423 3994 Seru.
653 3960 703 4014 que
716 3941 843 4012 putando.
862 3943 902 3993 ita
916 3939 1020 3992 AEneid.
1035 3941 1071 3991 IX
1084 3961 1090 3990 a
1099 3939 1159 4012 fin-

146 4022 202 4085 406.
216 4025 251 4073 Et
266 4041 342 4074 curuo
357 4021 464 4074 Saturni
479 4021 562 4071 devite.
578 4021 608 4072 id
651 4022 740 4094 qitqne
747 4021 896 4093 premendo.
910 4022 1006 4072 Varius
1018 4020 1051 4072 de
1065 4018 1158 4088 ruode-

115 4114 164 4164 est,
178 4101 243 4153 falce
257 4104 395 4168 vinitoria,
407 4103 483 4170 cujus
495 4099 606 4170 figuram
654 4115 728 4154 rante
737 4119 835 4172 equum
845 4123 852 4152 r
862 4101 992 4153 Insultare
1003 4101 1078 4152 docet
1088 4119 1157 4151 cam-
