<?xml version="1.0" encoding="UTF-8"?>
<!DOCTYPE html PUBLIC "-//W3C//DTD XHTML 1.0 Transitional//EN"
    "http://www.w3.org/TR/xhtml1/DTD/xhtml1-transitional.dtd">
<html xmlns="http://www.w3.org/1999/xhtml" xml:lang="en" lang="en">
 <head>
  <title>
</title>
<meta http-equiv="Content-Type" content="text/html;charset=utf-8" />
  <meta name='ocr-system' content='tesseract 3.04.00' />
  <meta name='ocr-capabilities' content='ocr_page ocr_carea ocr_par ocr_line ocrx_word'/>
</head>
<body>
  <div class='ocr_page' id='page_1' title='image "./pvirgiliusmaroq04barbgoog_0451.png"; bbox 0 0 2918 4682; ppageno 0'>
   <div class='ocr_carea' id='block_1_1' title="bbox 347 411 1196 500">
    <p class='ocr_par' dir='ltr' id='par_1_1' title="bbox 347 411 1196 500">
     <span class='ocr_line' id='line_1_1' title="bbox 347 411 1196 500; baseline 0.001 -17"><span class='ocrx_word' id='word_1_1' title='bbox 347 411 1006 483; x_wconf 77' lang='lat' dir='ltr'>INGEORGICORUMLIB.11.</span> <span class='ocrx_word' id='word_1_2' title='bbox 1136 417 1196 500; x_wconf 87' lang='grc'><strong>461</strong></span> 
     </span>
    </p>
   </div>
   <div class='ocr_carea' id='block_1_2' title="bbox 150 533 1237 2044">
    <p class='ocr_par' dir='ltr' id='par_1_2' title="bbox 150 533 1209 1326">
     <span class='ocr_line' id='line_1_2' title="bbox 150 533 1204 618; baseline -0.002 -15"><span class='ocrx_word' id='word_1_3' title='bbox 150 562 155 579; x_wconf 89' lang='grc'><em>·</em></span> <span class='ocrx_word' id='word_1_4' title='bbox 200 541 263 618; x_wconf 84' lang='grc'>140.</span> <span class='ocrx_word' id='word_1_5' title='bbox 277 541 384 618; x_wconf 89' lang='lat' dir='ltr'><strong>Quum</strong></span> <span class='ocrx_word' id='word_1_6' title='bbox 393 539 515 601; x_wconf 88' lang='lat' dir='ltr'><strong>ltaliam</strong></span> <span class='ocrx_word' id='word_1_7' title='bbox 524 546 591 596; x_wconf 91' lang='lat' dir='ltr'><strong>&#39;non</strong></span> <span class='ocrx_word' id='word_1_8' title='bbox 603 549 752 618; x_wconf 83' lang='lat' dir='ltr'><strong>superent</strong></span> <span class='ocrx_word' id='word_1_9' title='bbox 762 533 880 609; x_wconf 88' lang='lat' dir='ltr'><strong>Media,</strong></span> <span class='ocrx_word' id='word_1_10' title='bbox 892 534 997 610; x_wconf 83' lang='lat' dir='ltr'><strong>India,</strong></span> <span class='ocrx_word' id='word_1_11' title='bbox 1008 533 1121 618; x_wconf 81' lang='lat' dir='ltr'><strong>Lydia,</strong></span> <span class='ocrx_word' id='word_1_12' title='bbox 1131 542 1204 601; x_wconf 86' lang='lat' dir='ltr'><strong>Bac-</strong></span> 
     </span>
     <span class='ocr_line' id='line_1_3' title="bbox 157 621 1204 710; baseline 0 -21"><span class='ocrx_word' id='word_1_13' title='bbox 157 641 219 705; x_wconf 87' lang='lat' dir='ltr'><strong>tra,</strong></span> <span class='ocrx_word' id='word_1_14' title='bbox 233 631 360 704; x_wconf 82' lang='lat' dir='ltr'><strong>Arabia,</strong></span> <span class='ocrx_word' id='word_1_15' title='bbox 378 630 411 688; x_wconf 94' lang='lat' dir='ltr'><strong>in</strong></span> <span class='ocrx_word' id='word_1_16' title='bbox 429 625 546 710; x_wconf 89' lang='lat' dir='ltr'><strong>quibus</strong></span> <span class='ocrx_word' id='word_1_17' title='bbox 565 643 646 685; x_wconf 76' lang='lat' dir='ltr'><strong>vera</strong></span> <span class='ocrx_word' id='word_1_18' title='bbox 663 624 796 698; x_wconf 79' lang='lat' dir='ltr'><strong>divitiae3</strong></span> <span class='ocrx_word' id='word_1_19' title='bbox 811 621 913 683; x_wconf 87' lang='lat' dir='ltr'><strong>multo</strong></span> <span class='ocrx_word' id='word_1_20' title='bbox 928 621 1016 683; x_wconf 86' lang='lat' dir='ltr'><strong>illam</strong></span> <span class='ocrx_word' id='word_1_21' title='bbox 1031 627 1137 687; x_wconf 89' lang='lat' dir='ltr'><strong>minus</strong></span> <span class='ocrx_word' id='word_1_22' title='bbox 1154 648 1204 689; x_wconf 89' lang='lat' dir='ltr'><strong>su·</strong></span> 
     </span>
     <span class='ocr_line' id='line_1_4' title="bbox 156 702 1206 798; baseline 0 -23"><span class='ocrx_word' id='word_1_23' title='bbox 156 717 278 798; x_wconf 84' lang='lat' dir='ltr'><strong>p&#39;erabit</strong></span> <span class='ocrx_word' id='word_1_24' title='bbox 292 715 385 777; x_wconf 86' lang='lat' dir='ltr'><strong>tellus</strong></span> <span class='ocrx_word' id='word_1_25' title='bbox 402 713 607 789; x_wconf 80' lang='lat' dir='ltr'>Colchorum,</span> <span class='ocrx_word' id='word_1_26' title='bbox 627 711 680 771; x_wconf 90' lang='lat' dir='ltr'><strong>ubi</strong></span> <span class='ocrx_word' id='word_1_27' title='bbox 700 710 788 772; x_wconf 75' lang='lat' dir='ltr'><strong>ficta.</strong></span> <span class='ocrx_word' id='word_1_28' title='bbox 809 712 888 770; x_wconf 90' lang='lat' dir='ltr'><strong>Nam</strong></span> <span class='ocrx_word' id='word_1_29' title='bbox 905 710 1028 772; x_wconf 91' lang='lat' dir='ltr'><strong>ltaliam</strong></span> <span class='ocrx_word' id='word_1_30' title='bbox 1040 702 1206 797; x_wconf 81' lang='lat' dir='ltr'><strong>nunquam</strong></span> 
     </span>
     <span class='ocr_line' id='line_1_5' title="bbox 154 801 1207 886; baseline 0.002 -22"><span class='ocrx_word' id='word_1_31' title='bbox 154 807 348 866; x_wconf 82' lang='lat' dir='ltr'><strong>inverterunt</strong></span> <span class='ocrx_word' id='word_1_32' title='bbox 363 807 443 865; x_wconf 85' lang='lat' dir='ltr'><strong>tauri</strong></span> <span class='ocrx_word' id='word_1_33' title='bbox 462 803 600 865; x_wconf 82' lang='lat' dir='ltr'>fabulosi</span> <span class='ocrx_word' id='word_1_34' title='bbox 616 801 755 875; x_wconf 85' lang='lat' dir='ltr'><strong>lasonis,</strong></span> <span class='ocrx_word' id='word_1_35' title='bbox 775 801 830 882; x_wconf 88' lang='lat' dir='ltr'><strong>qui</strong></span> <span class='ocrx_word' id='word_1_36' title='bbox 846 803 952 881; x_wconf 88' lang='lat' dir='ltr'><strong>ignem</strong></span> <span class='ocrx_word' id='word_1_37' title='bbox 967 803 1095 863; x_wconf 85' lang='lat' dir='ltr'><strong>naribus</strong></span> <span class='ocrx_word' id='word_1_38' title='bbox 1107 807 1207 886; x_wconf 88' lang='lat' dir='ltr'><strong>spira·</strong></span> 
     </span>
     <span class='ocr_line' id='line_1_6' title="bbox 156 887 1208 978; baseline 0.001 -26"><span class='ocrx_word' id='word_1_39' title='bbox 156 891 247 968; x_wconf 82' lang='lat' dir='ltr'><strong>bant3</strong></span> <span class='ocrx_word' id='word_1_40' title='bbox 267 915 430 978; x_wconf 89' lang='lat' dir='ltr'><strong>nunquam</strong></span> <span class='ocrx_word' id='word_1_41' title='bbox 448 895 480 953; x_wconf 93' lang='lat' dir='ltr'><strong>in</strong></span> <span class='ocrx_word' id='word_1_42' title='bbox 498 915 534 953; x_wconf 84' lang='lat' dir='ltr'><strong>ea</strong></span> <span class='ocrx_word' id='word_1_43' title='bbox 550 893 607 952; x_wconf 91' lang='lat' dir='ltr'><strong>sati</strong></span> <span class='ocrx_word' id='word_1_44' title='bbox 625 905 697 950; x_wconf 84' lang='lat' dir='ltr'><strong>sunt</strong></span> <span class='ocrx_word' id='word_1_45' title='bbox 711 887 820 948; x_wconf 87' lang='lat' dir='ltr'><strong>dentes</strong></span> <span class='ocrx_word' id='word_1_46' title='bbox 835 888 996 963; x_wconf 74' lang='lat' dir='ltr'><strong>draconis,</strong></span> <span class='ocrx_word' id='word_1_47' title='bbox 1019 911 1083 950; x_wconf 93' lang='lat' dir='ltr'><strong>non</strong></span> <span class='ocrx_word' id='word_1_48' title='bbox 1099 895 1175 953; x_wconf 86' lang='lat' dir='ltr'><strong>exiit</strong></span> <span class='ocrx_word' id='word_1_49' title='bbox 1190 914 1208 953; x_wconf 87' lang='lat' dir='ltr'><strong>e</strong></span> 
     </span>
     <span class='ocr_line' id='line_1_7' title="bbox 158 977 1209 1067; baseline 0 -25"><span class='ocrx_word' id='word_1_50' title='bbox 158 983 255 1044; x_wconf 84' lang='lat' dir='ltr'><strong>sulcis</strong></span> <span class='ocrx_word' id='word_1_51' title='bbox 267 1005 352 1067; x_wconf 87' lang='lat' dir='ltr'><strong>seges</strong></span> <span class='ocrx_word' id='word_1_52' title='bbox 364 985 495 1057; x_wconf 88' lang='lat' dir='ltr'><strong>Martia,</strong></span> <span class='ocrx_word' id='word_1_53' title='bbox 508 982 605 1065; x_wconf 84' lang='lat' dir='ltr'><strong>galeis</strong></span> <span class='ocrx_word' id='word_1_54' title='bbox 618 993 647 1040; x_wconf 87' lang='lat' dir='ltr'><strong>et</strong></span> <span class='ocrx_word' id='word_1_55' title='bbox 661 978 758 1038; x_wconf 86' lang='lat' dir='ltr'><strong>hastis</strong></span> <span class='ocrx_word' id='word_1_56' title='bbox 770 977 899 1038; x_wconf 86' lang='lat' dir='ltr'><strong>horrida</strong></span> <span class='ocrx_word' id='word_1_57' title='bbox 911 1001 917 1036; x_wconf 95' lang='lat'>:</span> <span class='ocrx_word' id='word_1_58' title='bbox 932 979 984 1038; x_wconf 87' lang='lat' dir='ltr'><strong>sed</strong></span> <span class='ocrx_word' id='word_1_59' title='bbox 998 978 1209 1062; x_wconf 85' lang='lat' dir='ltr'><strong>impleverunt</strong></span> 
     </span>
     <span class='ocr_line' id='line_1_8' title="bbox 158 1065 1209 1152; baseline 0 -24"><span class='ocrx_word' id='word_1_60' title='bbox 158 1068 246 1130; x_wconf 90' lang='lat' dir='ltr'><strong>illam</strong></span> <span class='ocrx_word' id='word_1_61' title='bbox 263 1071 367 1152; x_wconf 83' lang='lat' dir='ltr'><strong>fruges</strong></span> <span class='ocrx_word' id='word_1_62' title='bbox 384 1070 543 1131; x_wconf 87' lang='lat' dir='ltr'><strong>frumento</strong></span> <span class='ocrx_word' id='word_1_63' title='bbox 561 1066 713 1150; x_wconf 78' lang='lat' dir='ltr'><strong>gravidae,</strong></span> <span class='ocrx_word' id='word_1_64' title='bbox 732 1065 838 1148; x_wconf 91' lang='lat' dir='ltr'><strong>liquor</strong></span> <span class='ocrx_word' id='word_1_65' title='bbox 852 1065 980 1142; x_wconf 87' lang='lat' dir='ltr'><strong>Bacchi,</strong></span> <span class='ocrx_word' id='word_1_66' title='bbox 999 1069 1052 1148; x_wconf 91' lang='lat' dir='ltr'><strong>qui</strong></span> <span class='ocrx_word' id='word_1_67' title='bbox 1071 1069 1209 1130; x_wconf 87' lang='lat' dir='ltr'><strong>nascitur</strong></span> 
     </span>
     <span class='ocr_line' id='line_1_9' title="bbox 158 1154 1209 1241; baseline -0.001 -22"><span class='ocrx_word' id='word_1_68' title='bbox 158 1161 402 1240; x_wconf 87' lang='lat' dir='ltr'><strong>pretiosissimus</strong></span> <span class='ocrx_word' id='word_1_69' title='bbox 416 1163 449 1220; x_wconf 93' lang='lat' dir='ltr'><strong>in</strong></span> <span class='ocrx_word' id='word_1_70' title='bbox 465 1160 599 1219; x_wconf 87' lang='lat' dir='ltr'><strong>Massico</strong></span> <span class='ocrx_word' id='word_1_71' title='bbox 612 1170 720 1216; x_wconf 88' lang='lat' dir='ltr'><strong>monte</strong></span> <span class='ocrx_word' id='word_1_72' title='bbox 732 1157 927 1238; x_wconf 79' lang='lat' dir='ltr'><strong>Campaniae3</strong></span> <span class='ocrx_word' id='word_1_73' title='bbox 948 1154 1037 1215; x_wconf 91' lang='lat' dir='ltr'><strong>illam</strong></span> <span class='ocrx_word' id='word_1_74' title='bbox 1049 1171 1209 1241; x_wconf 86' lang='lat' dir='ltr'><strong>occupant</strong></span> 
     </span>
     <span class='ocr_line' id='line_1_10' title="bbox 158 1245 804 1326; baseline -0.005 -20"><span class='ocrx_word' id='word_1_75' title='bbox 158 1245 249 1322; x_wconf 76' lang='lat' dir='ltr'><strong>olea,</strong></span> <span class='ocrx_word' id='word_1_76' title='bbox 262 1247 350 1307; x_wconf 87' lang='lat' dir='ltr'><strong>illam</strong></span> <span class='ocrx_word' id='word_1_77' title='bbox 363 1263 503 1307; x_wconf 87' lang='lat' dir='ltr'><strong>armenta</strong></span> <span class='ocrx_word' id='word_1_78' title='bbox 517 1247 604 1320; x_wconf 82' lang='lat' dir='ltr'><strong>laeta,</strong></span> <span class='ocrx_word' id='word_1_79' title='bbox 617 1259 647 1306; x_wconf 89' lang='lat' dir='ltr'><strong>et</strong></span> <span class='ocrx_word' id='word_1_80' title='bbox 662 1245 804 1326; x_wconf 79' lang='lat' dir='ltr'><strong>pinguia.</strong></span> 
     </span>
    </p>

    <p class='ocr_par' dir='ltr' id='par_1_3' title="bbox 151 1332 1237 2044">
     <span class='ocr_line' id='line_1_11' title="bbox 151 1332 1209 1422; baseline -0.002 -26"><span class='ocrx_word' id='word_1_81' title='bbox 151 1379 155 1386; x_wconf 40' lang='lat' dir='ltr'>v</span> <span class='ocrx_word' id='word_1_82' title='bbox 203 1335 268 1412; x_wconf 83' lang='grc'>145.</span> <span class='ocrx_word' id='word_1_83' title='bbox 281 1337 437 1422; x_wconf 83' lang='lat' dir='ltr'><strong>Explicat,</strong></span> <span class='ocrx_word' id='word_1_84' title='bbox 450 1359 519 1420; x_wconf 72' lang='lat' dir='ltr'><strong>quae</strong></span> <span class='ocrx_word' id='word_1_85' title='bbox 530 1335 595 1397; x_wconf 85' lang='lat' dir='ltr'><strong>haec</strong></span> <span class='ocrx_word' id='word_1_86' title='bbox 609 1349 767 1408; x_wconf 73' lang='lat' dir='ltr'><strong>armenta,</strong></span> <span class='ocrx_word' id='word_1_87' title='bbox 781 1332 929 1393; x_wconf 85' lang='lat' dir='ltr'><strong>videlicet</strong></span> <span class='ocrx_word' id='word_1_88' title='bbox 939 1336 1010 1415; x_wconf 89' lang='lat' dir='ltr'><strong>equi</strong></span> <span class='ocrx_word' id='word_1_89' title='bbox 1024 1332 1062 1393; x_wconf 89' lang='lat' dir='ltr'><strong>ad</strong></span> <span class='ocrx_word' id='word_1_90' title='bbox 1076 1332 1209 1412; x_wconf 85' lang='lat' dir='ltr'><strong>bellum,</strong></span> 
     </span>
     <span class='ocr_line' id='line_1_12' title="bbox 160 1421 1212 1506; baseline 0.001 -21"><span class='ocrx_word' id='word_1_91' title='bbox 160 1429 243 1485; x_wconf 89' lang='lat' dir='ltr'><strong>tauri</strong></span> <span class='ocrx_word' id='word_1_92' title='bbox 260 1427 298 1485; x_wconf 92' lang='lat' dir='ltr'><strong>ad</strong></span> <span class='ocrx_word' id='word_1_93' title='bbox 318 1447 415 1487; x_wconf 86' lang='lat' dir='ltr'><strong>sacra.</strong></span> <span class='ocrx_word' id='word_1_94' title='bbox 432 1427 608 1506; x_wconf 91' lang='lat' dir='ltr'><strong>Utrumque</strong></span> <span class='ocrx_word' id='word_1_95' title='bbox 623 1437 767 1500; x_wconf 87' lang='lat' dir='ltr'><strong>exornat,</strong></span> <span class='ocrx_word' id='word_1_96' title='bbox 787 1443 860 1483; x_wconf 90' lang='lat' dir='ltr'><strong>narn</strong></span> <span class='ocrx_word' id='word_1_97' title='bbox 878 1421 923 1500; x_wconf 83' lang='lat' dir='ltr'><strong>illi</strong></span> <span class='ocrx_word' id='word_1_98' title='bbox 943 1438 1016 1483; x_wconf 83' lang='lat' dir='ltr'><strong>sunt</strong></span> <span class='ocrx_word' id='word_1_99' title='bbox 1030 1422 1212 1501; x_wconf 80' lang='lat' dir='ltr'><strong>bellatores,</strong></span> 
     </span>
     <span class='ocr_line' id='line_1_13' title="bbox 161 1513 1214 1597; baseline -0.001 -21"><span class='ocrx_word' id='word_1_100' title='bbox 161 1515 267 1591; x_wconf 89' lang='lat' dir='ltr'><strong>ardui,</strong></span> <span class='ocrx_word' id='word_1_101' title='bbox 279 1518 345 1576; x_wconf 87' lang='lat' dir='ltr'><strong>sine</strong></span> <span class='ocrx_word' id='word_1_102' title='bbox 359 1531 445 1577; x_wconf 89' lang='lat' dir='ltr'><strong>metu</strong></span> <span class='ocrx_word' id='word_1_103' title='bbox 458 1537 524 1578; x_wconf 85' lang='lat' dir='ltr'><strong>sese</strong></span> <span class='ocrx_word' id='word_1_104' title='bbox 539 1535 652 1597; x_wconf 87' lang='lat' dir='ltr'><strong>campo</strong></span> <span class='ocrx_word' id='word_1_105' title='bbox 665 1513 850 1573; x_wconf 87' lang='lat' dir='ltr'><strong>inferentes:</strong></span> <span class='ocrx_word' id='word_1_106' title='bbox 864 1515 917 1572; x_wconf 90' lang='lat' dir='ltr'><strong>isti</strong></span> <span class='ocrx_word' id='word_1_107' title='bbox 931 1513 1072 1588; x_wconf 91' lang='lat' dir='ltr'><strong>candidi,</strong></span> <span class='ocrx_word' id='word_1_108' title='bbox 1086 1530 1116 1575; x_wconf 87' lang='lat' dir='ltr'><strong>et</strong></span> <span class='ocrx_word' id='word_1_109' title='bbox 1127 1517 1214 1597; x_wconf 90' lang='lat' dir='ltr'><strong>prin·</strong></span> 
     </span>
     <span class='ocr_line' id='line_1_14' title="bbox 163 1603 1237 1688; baseline 0.001 -24"><span class='ocrx_word' id='word_1_110' title='bbox 163 1607 249 1688; x_wconf 88' lang='lat' dir='ltr'><strong>cipes</strong></span> <span class='ocrx_word' id='word_1_111' title='bbox 258 1607 464 1666; x_wconf 89' lang='lat' dir='ltr'><strong>victimarum.</strong></span> <span class='ocrx_word' id='word_1_112' title='bbox 474 1604 671 1666; x_wconf 85' lang='lat' dir='ltr'><strong>Parentlresis</strong></span> <span class='ocrx_word' id='word_1_113' title='bbox 682 1603 718 1663; x_wconf 91' lang='lat' dir='ltr'><strong>ad</strong></span> <span class='ocrx_word' id='word_1_114' title='bbox 731 1603 926 1664; x_wconf 88' lang='lat' dir='ltr'><strong>Clitumnum</strong></span> <span class='ocrx_word' id='word_1_115' title='bbox 937 1606 954 1663; x_wconf 92' lang='lat' dir='ltr'>J</span> <span class='ocrx_word' id='word_1_116' title='bbox 957 1624 1045 1664; x_wconf 88' lang='lat' dir='ltr'><strong>ovem</strong></span> <span class='ocrx_word' id='word_1_117' title='bbox 1057 1603 1214 1686; x_wconf 77' lang='lat' dir='ltr'><strong>dirigitur.</strong></span> <span class='ocrx_word' id='word_1_118' title='bbox 1234 1641 1237 1654; x_wconf 63' lang='grc' dir='ltr'><strong>ι</strong></span> 
     </span>
     <span class='ocr_line' id='line_1_15' title="bbox 161 1691 1214 1779; baseline 0.001 -27"><span class='ocrx_word' id='word_1_119' title='bbox 161 1692 245 1754; x_wconf 87' lang='grc'>1111111</span> <span class='ocrx_word' id='word_1_120' title='bbox 263 1718 375 1779; x_wconf 74' lang='lat' dir='ltr'><strong>greges,</strong></span> <span class='ocrx_word' id='word_1_121' title='bbox 395 1712 423 1758; x_wconf 87' lang='lat' dir='ltr'><strong>et</strong></span> <span class='ocrx_word' id='word_1_122' title='bbox 443 1711 541 1759; x_wconf 82' lang='lat' dir='ltr'><strong>taurus</strong></span> <span class='ocrx_word' id='word_1_123' title='bbox 558 1695 665 1756; x_wconf 73' lang='lat' dir='ltr'><strong>durem</strong></span> <span class='ocrx_word' id='word_1_124' title='bbox 684 1691 844 1776; x_wconf 75' lang='lat' dir='ltr'><strong>triumphos</strong></span> <span class='ocrx_word' id='word_1_125' title='bbox 862 1697 1011 1756; x_wconf 83' lang='lat' dir='ltr'><strong>Romanos</strong></span> <span class='ocrx_word' id='word_1_126' title='bbox 1026 1694 1067 1754; x_wconf 84' lang='lat' dir='ltr'><strong>ad</strong></span> <span class='ocrx_word' id='word_1_127' title='bbox 1083 1699 1214 1756; x_wconf 81' lang='lat' dir='ltr'><strong>Deorum</strong></span> 
     </span>
     <span class='ocr_line' id='line_1_16' title="bbox 164 1781 1215 1867; baseline -0.003 -22"><span class='ocrx_word' id='word_1_128' title='bbox 164 1781 286 1866; x_wconf 85' lang='lat' dir='ltr'><strong>templa,</strong></span> <span class='ocrx_word' id='word_1_129' title='bbox 296 1799 357 1860; x_wconf 89' lang='lat' dir='ltr'><strong>est,</strong></span> <span class='ocrx_word' id='word_1_130' title='bbox 369 1787 442 1867; x_wconf 86' lang='lat' dir='ltr'><strong>quia</strong></span> <span class='ocrx_word' id='word_1_131' title='bbox 454 1787 521 1865; x_wconf 88' lang='lat' dir='ltr'><strong>ipsa</strong></span> <span class='ocrx_word' id='word_1_132' title='bbox 534 1782 683 1844; x_wconf 90' lang='lat' dir='ltr'><strong>animalia</strong></span> <span class='ocrx_word' id='word_1_133' title='bbox 694 1781 850 1864; x_wconf 79' lang='lat' dir='ltr'><strong>praeibant</strong></span> <span class='ocrx_word' id='word_1_134' title='bbox 859 1801 1010 1863; x_wconf 90' lang='lat' dir='ltr'><strong>pompam</strong></span> <span class='ocrx_word' id='word_1_135' title='bbox 1020 1781 1215 1864; x_wconf 63' lang='lat' dir='ltr'><strong>triumphurn</strong></span> 
     </span>
     <span class='ocr_line' id='line_1_17' title="bbox 164 1869 1214 1956; baseline -0.001 -24"><span class='ocrx_word' id='word_1_136' title='bbox 164 1874 245 1932; x_wconf 91' lang='lat' dir='ltr'><strong>tium</strong></span> <span class='ocrx_word' id='word_1_137' title='bbox 265 1871 305 1932; x_wconf 91' lang='lat' dir='ltr'><strong>ad</strong></span> <span class='ocrx_word' id='word_1_138' title='bbox 324 1872 535 1956; x_wconf 88' lang='lat' dir='ltr'><strong>Capitolium,</strong></span> <span class='ocrx_word' id='word_1_139' title='bbox 556 1870 613 1932; x_wconf 92' lang='lat' dir='ltr'><strong>ubi</strong></span> <span class='ocrx_word' id='word_1_140' title='bbox 631 1869 843 1946; x_wconf 88' lang='lat' dir='ltr'><strong>immolanda,</strong></span> <span class='ocrx_word' id='word_1_141' title='bbox 862 1883 893 1930; x_wconf 89' lang='lat' dir='ltr'><strong>et</strong></span> <span class='ocrx_word' id='word_1_142' title='bbox 913 1871 957 1930; x_wconf 85' lang='lat' dir='ltr'><strong>ita</strong></span> <span class='ocrx_word' id='word_1_143' title='bbox 978 1869 1214 1953; x_wconf 91' lang='lat' dir='ltr'><strong>quodammodo</strong></span> 
     </span>
     <span class='ocr_line' id='line_1_18' title="bbox 165 1958 1217 2044; baseline 0 -24"><span class='ocrx_word' id='word_1_144' title='bbox 165 1958 229 2020; x_wconf 90' lang='lat' dir='ltr'><strong>dici</strong></span> <span class='ocrx_word' id='word_1_145' title='bbox 242 1975 391 2043; x_wconf 82' lang='lat' dir='ltr'><strong>possunt,</strong></span> <span class='ocrx_word' id='word_1_146' title='bbox 401 1981 553 2044; x_wconf 87' lang='lat' dir='ltr'><strong>pompam</strong></span> <span class='ocrx_word' id='word_1_147' title='bbox 564 1960 686 2020; x_wconf 86' lang='lat' dir='ltr'><strong>ducere.</strong></span> <span class='ocrx_word' id='word_1_148' title='bbox 697 1961 796 2034; x_wconf 90' lang='lat' dir='ltr'><strong>Dicit,</strong></span> <span class='ocrx_word' id='word_1_149' title='bbox 806 1979 929 2040; x_wconf 86' lang='lat' dir='ltr'><strong>greges,</strong></span> <span class='ocrx_word' id='word_1_150' title='bbox 940 1973 970 2018; x_wconf 88' lang='lat' dir='ltr'><strong>et</strong></span> <span class='ocrx_word' id='word_1_151' title='bbox 979 1973 1100 2035; x_wconf 88' lang='lat' dir='ltr'><strong>taurus,</strong></span> <span class='ocrx_word' id='word_1_152' title='bbox 1113 1959 1145 2019; x_wconf 94' lang='lat' dir='ltr'><strong>id</strong></span> <span class='ocrx_word' id='word_1_153' title='bbox 1156 1973 1217 2038; x_wconf 85' lang='lat' dir='ltr'><strong>est,</strong></span> 
     </span>
    </p>
   </div>
   <div class='ocr_carea' id='block_1_3' title="bbox 154 2047 1216 2200">
    <p class='ocr_par' dir='ltr' id='par_1_4' title="bbox 154 2047 1216 2200">
     <span class='ocr_line' id='line_1_19' title="bbox 164 2047 1216 2134; baseline 0.002 -26"><span class='ocrx_word' id='word_1_154' title='bbox 164 2069 271 2130; x_wconf 86' lang='lat' dir='ltr'><strong>greges</strong></span> <span class='ocrx_word' id='word_1_155' title='bbox 286 2050 349 2109; x_wconf 85' lang='lat' dir='ltr'><strong>albi</strong></span> <span class='ocrx_word' id='word_1_156' title='bbox 365 2065 544 2128; x_wconf 88' lang='lat' dir='ltr'><strong>taurorum,</strong></span> <span class='ocrx_word' id='word_1_157' title='bbox 563 2065 601 2112; x_wconf 91' lang='lat' dir='ltr'><strong>ut</strong></span> <span class='ocrx_word' id='word_1_158' title='bbox 615 2047 778 2134; x_wconf 76' lang='lat' dir='ltr'><strong>molemque</strong></span> <span class='ocrx_word' id='word_1_159' title='bbox 791 2061 954 2122; x_wconf 67' lang='lat' dir='ltr'><strong>ermentei,</strong></span> <span class='ocrx_word' id='word_1_160' title='bbox 974 2049 1080 2125; x_wconf 82' lang='lat' dir='ltr'><strong>idest,</strong></span> <span class='ocrx_word' id='word_1_161' title='bbox 1099 2048 1216 2110; x_wconf 88' lang='lat' dir='ltr'><strong>molem</strong></span> 
     </span>
     <span class='ocr_line' id='line_1_20' title="bbox 154 2141 334 2200; baseline 0.011 -2"><span class='ocrx_word' id='word_1_162' title='bbox 154 2141 334 2200; x_wconf 82' lang='lat' dir='ltr'><strong>montium.</strong></span> 
     </span>
    </p>
   </div>
   <div class='ocr_carea' id='block_1_4' title="bbox 158 2305 1251 4220">
    <p class='ocr_par' dir='ltr' id='par_1_5' title="bbox 158 2305 1222 3260">
     <span class='ocr_line' id='line_1_21' title="bbox 163 2305 1217 2382; baseline 0.005 -25"><span class='ocrx_word' id='word_1_163' title='bbox 163 2305 237 2358; x_wconf 85' lang='lat' dir='ltr'><strong>bona</strong></span> <span class='ocrx_word' id='word_1_164' title='bbox 248 2309 354 2374; x_wconf 83' lang='lat' dir='ltr'><strong>omnia,</strong></span> <span class='ocrx_word' id='word_1_165' title='bbox 371 2323 398 2360; x_wconf 90' lang='lat' dir='ltr'><strong>et</strong></span> <span class='ocrx_word' id='word_1_166' title='bbox 414 2329 505 2363; x_wconf 86' lang='lat' dir='ltr'><strong>carere</strong></span> <span class='ocrx_word' id='word_1_167' title='bbox 517 2310 594 2364; x_wconf 91' lang='lat' dir='ltr'><strong>malis</strong></span> <span class='ocrx_word' id='word_1_168' title='bbox 607 2311 668 2362; x_wconf 89' lang='grc'>11111-</span> <span class='ocrx_word' id='word_1_169' title='bbox 712 2327 775 2382; x_wconf 87' lang='lat' dir='ltr'><strong>gere</strong></span> <span class='ocrx_word' id='word_1_170' title='bbox 789 2321 829 2361; x_wconf 87' lang='lat' dir='ltr'><strong>est</strong></span> <span class='ocrx_word' id='word_1_171' title='bbox 844 2330 851 2359; x_wconf 85' lang='lat'><em>=</em></span> <span class='ocrx_word' id='word_1_172' title='bbox 869 2319 956 2360; x_wconf 84' lang='lat' dir='ltr'><strong>tenent</strong></span> <span class='ocrx_word' id='word_1_173' title='bbox 970 2307 1033 2359; x_wconf 84' lang='lat' dir='ltr'><strong>oleoe</strong></span> <span class='ocrx_word' id='word_1_174' title='bbox 1048 2320 1217 2382; x_wconf 76' lang='lat' dir='ltr'><strong>amentaque</strong></span> 
     </span>
     <span class='ocr_line' id='line_1_22' title="bbox 166 2387 1216 2461; baseline 0.002 -23"><span class='ocrx_word' id='word_1_175' title='bbox 166 2389 258 2438; x_wconf 84' lang='lat' dir='ltr'><strong>versis.</strong></span> <span class='ocrx_word' id='word_1_176' title='bbox 268 2388 338 2439; x_wconf 72' lang='lat' dir='ltr'><strong>Serv.</strong></span> <span class='ocrx_word' id='word_1_177' title='bbox 713 2387 788 2454; x_wconf 83' lang='lat' dir='ltr'><strong>loeta,</strong></span> <span class='ocrx_word' id='word_1_178' title='bbox 805 2388 907 2460; x_wconf 83' lang='lat' dir='ltr'><strong>absque</strong></span> <span class='ocrx_word' id='word_1_179' title='bbox 925 2388 1058 2460; x_wconf 85' lang='lat' dir='ltr'><strong>particula</strong></span> <span class='ocrx_word' id='word_1_180' title='bbox 1074 2409 1139 2460; x_wconf 81' lang='lat' dir='ltr'><strong>qne,</strong></span> <span class='ocrx_word' id='word_1_181' title='bbox 1154 2404 1216 2461; x_wconf 80' lang='lat' dir='ltr'><strong>post</strong></span> 
     </span>
     <span class='ocr_line' id='line_1_23' title="bbox 158 2465 1217 2532; baseline 0.005 -15"><span class='ocrx_word' id='word_1_182' title='bbox 158 2483 163 2490; x_wconf 91' lang='lat'><em>·</em></span> <span class='ocrx_word' id='word_1_183' title='bbox 205 2467 263 2532; x_wconf 93' lang='grc'>141.</span> <span class='ocrx_word' id='word_1_184' title='bbox 276 2467 343 2520; x_wconf 85' lang='lat' dir='ltr'><strong>Satis</strong></span> <span class='ocrx_word' id='word_1_185' title='bbox 352 2467 476 2521; x_wconf 80' lang='lat' dir='ltr'><strong>dentibus.</strong></span> <span class='ocrx_word' id='word_1_186' title='bbox 490 2469 521 2520; x_wconf 93' lang='lat' dir='ltr'><strong>ln</strong></span> <span class='ocrx_word' id='word_1_187' title='bbox 533 2471 613 2522; x_wconf 81' lang='lat' dir='ltr'><strong>tertio</strong></span> <span class='ocrx_word' id='word_1_188' title='bbox 623 2489 668 2522; x_wconf 90' lang='lat' dir='ltr'><strong>oa·</strong></span> <span class='ocrx_word' id='word_1_189' title='bbox 712 2465 859 2521; x_wconf 86' lang='lat' dir='ltr'><strong>dictionem</strong></span> <span class='ocrx_word' id='word_1_190' title='bbox 878 2468 950 2520; x_wconf 84' lang='lat' dir='ltr'><strong>oleoe.</strong></span> <span class='ocrx_word' id='word_1_191' title='bbox 970 2469 1037 2520; x_wconf 90' lang='lat' dir='ltr'><strong>Pier.</strong></span> <span class='ocrx_word' id='word_1_192' title='bbox 1055 2497 1089 2510; x_wconf 93' lang='lat'><em>-</em></span> <span class='ocrx_word' id='word_1_193' title='bbox 1106 2469 1217 2522; x_wconf 84' lang='lat' dir='ltr'><strong>Annen-</strong></span> 
     </span>
     <span class='ocr_line' id='line_1_24' title="bbox 166 2548 1217 2621; baseline 0.003 -23"><span class='ocrx_word' id='word_1_194' title='bbox 166 2564 214 2609; x_wconf 76' lang='grc' dir='ltr'><strong>1ος</strong></span> <span class='ocrx_word' id='word_1_195' title='bbox 231 2565 318 2618; x_wconf 84' lang='lat' dir='ltr'><strong>neque</strong></span> <span class='ocrx_word' id='word_1_196' title='bbox 332 2549 403 2600; x_wconf 87' lang='lat' dir='ltr'><strong>enim</strong></span> <span class='ocrx_word' id='word_1_197' title='bbox 416 2563 478 2620; x_wconf 86' lang='lat' dir='ltr'><strong>post</strong></span> <span class='ocrx_word' id='word_1_198' title='bbox 493 2549 613 2603; x_wconf 85' lang='lat' dir='ltr'><strong>dentium</strong></span> <span class='ocrx_word' id='word_1_199' title='bbox 629 2569 671 2602; x_wconf 90' lang='lat' dir='ltr'><strong>sa·</strong></span> <span class='ocrx_word' id='word_1_200' title='bbox 717 2557 793 2621; x_wconf 76' lang='lat' dir='ltr'><strong>taque</strong></span> <span class='ocrx_word' id='word_1_201' title='bbox 808 2548 876 2601; x_wconf 85' lang='lat' dir='ltr'><strong>loeta.</strong></span> <span class='ocrx_word' id='word_1_202' title='bbox 894 2549 977 2599; x_wconf 89' lang='lat' dir='ltr'><strong>Boum</strong></span> <span class='ocrx_word' id='word_1_203' title='bbox 995 2549 1109 2601; x_wconf 84' lang='lat' dir='ltr'><strong>maxima</strong></span> <span class='ocrx_word' id='word_1_204' title='bbox 1125 2563 1217 2602; x_wconf 90' lang='lat' dir='ltr'><strong>aucto-</strong></span> 
     </span>
     <span class='ocr_line' id='line_1_25' title="bbox 166 2625 1219 2700; baseline 0.005 -22"><span class='ocrx_word' id='word_1_205' title='bbox 166 2628 267 2679; x_wconf 89' lang='lat' dir='ltr'><strong>tionem</strong></span> <span class='ocrx_word' id='word_1_206' title='bbox 278 2639 381 2679; x_wconf 87' lang='lat' dir='ltr'><strong>aratum</strong></span> <span class='ocrx_word' id='word_1_207' title='bbox 391 2642 444 2690; x_wconf 89' lang='lat' dir='ltr'><strong>est,</strong></span> <span class='ocrx_word' id='word_1_208' title='bbox 456 2629 503 2682; x_wconf 87' lang='lat' dir='ltr'><strong>sed</strong></span> <span class='ocrx_word' id='word_1_209' title='bbox 513 2643 542 2681; x_wconf 90' lang='lat' dir='ltr'><strong>ut</strong></span> <span class='ocrx_word' id='word_1_210' title='bbox 552 2649 672 2683; x_wconf 88' lang='lat' dir='ltr'><strong>sereren-</strong></span> <span class='ocrx_word' id='word_1_211' title='bbox 716 2631 798 2695; x_wconf 85' lang='lat' dir='ltr'><strong>ritas,</strong></span> <span class='ocrx_word' id='word_1_212' title='bbox 817 2629 963 2700; x_wconf 70' lang='lat' dir='ltr'><strong>presertim</strong></span> <span class='ocrx_word' id='word_1_213' title='bbox 978 2627 1004 2678; x_wconf 93' lang='lat' dir='ltr'><strong>in</strong></span> <span class='ocrx_word' id='word_1_214' title='bbox 1019 2625 1111 2694; x_wconf 86' lang='lat' dir='ltr'><strong>ltalia,</strong></span> <span class='ocrx_word' id='word_1_215' title='bbox 1129 2647 1187 2700; x_wconf 79' lang='lat' dir='ltr'><strong>quae</strong></span> <span class='ocrx_word' id='word_1_216' title='bbox 1202 2649 1219 2683; x_wconf 86' lang='lat' dir='ltr'><strong>a</strong></span> 
     </span>
     <span class='ocr_line' id='line_1_26' title="bbox 167 2705 1219 2777; baseline 0.002 -18"><span class='ocrx_word' id='word_1_217' title='bbox 167 2719 219 2759; x_wconf 85' lang='lat' dir='ltr'><strong>tur.</strong></span> <span class='ocrx_word' id='word_1_218' title='bbox 231 2706 309 2760; x_wconf 80' lang='lat' dir='ltr'><strong>Conl.</strong></span> <span class='ocrx_word' id='word_1_219' title='bbox 321 2707 401 2760; x_wconf 85' lang='lat' dir='ltr'><strong>Ovid.</strong></span> <span class='ocrx_word' id='word_1_220' title='bbox 412 2709 520 2762; x_wconf 88' lang='lat' dir='ltr'><strong>Metam.</strong></span> <span class='ocrx_word' id='word_1_221' title='bbox 531 2711 594 2776; x_wconf 91' lang='lat' dir='ltr'><strong>Vll,</strong></span> <span class='ocrx_word' id='word_1_222' title='bbox 609 2712 670 2777; x_wconf 86' lang='grc'>104,</span> <span class='ocrx_word' id='word_1_223' title='bbox 716 2705 804 2760; x_wconf 83' lang='lat' dir='ltr'><strong>bobus</strong></span> <span class='ocrx_word' id='word_1_224' title='bbox 816 2725 915 2759; x_wconf 87' lang='lat' dir='ltr'><strong>nomen</strong></span> <span class='ocrx_word' id='word_1_225' title='bbox 925 2705 1026 2758; x_wconf 85' lang='lat' dir='ltr'><strong>babere</strong></span> <span class='ocrx_word' id='word_1_226' title='bbox 1039 2708 1132 2759; x_wconf 85' lang='lat' dir='ltr'><strong>fertur.</strong></span> <span class='ocrx_word' id='word_1_227' title='bbox 1143 2709 1219 2763; x_wconf 85' lang='lat' dir='ltr'><strong>Vete·</strong></span> 
     </span>
     <span class='ocr_line' id='line_1_27' title="bbox 170 2787 1220 2862; baseline 0.004 -23"><span class='ocrx_word' id='word_1_228' title='bbox 170 2787 228 2854; x_wconf 80' lang='grc'>141.</span> <span class='ocrx_word' id='word_1_229' title='bbox 239 2817 274 2827; x_wconf 90' lang='grc'>-</span> <span class='ocrx_word' id='word_1_230' title='bbox 284 2789 360 2840; x_wconf 84' lang='lat' dir='ltr'><strong>lianc</strong></span> <span class='ocrx_word' id='word_1_231' title='bbox 373 2791 509 2862; x_wconf 73' lang='lat' dir='ltr'><strong>regionem</strong></span> <span class='ocrx_word' id='word_1_232' title='bbox 523 2789 602 2843; x_wconf 83' lang='lat' dir='ltr'><strong>valde</strong></span> <span class='ocrx_word' id='word_1_233' title='bbox 613 2790 671 2842; x_wconf 90' lang='lat' dir='ltr'><strong>lau·</strong></span> <span class='ocrx_word' id='word_1_234' title='bbox 716 2807 758 2842; x_wconf 91' lang='lat' dir='ltr'><strong>res</strong></span> <span class='ocrx_word' id='word_1_235' title='bbox 770 2789 863 2840; x_wconf 82' lang='lat' dir='ltr'><strong>Graeco</strong></span> <span class='ocrx_word' id='word_1_236' title='bbox 879 2805 1016 2855; x_wconf 82' lang='lat' dir='ltr'><strong>sermone,</strong></span> <span class='ocrx_word' id='word_1_237' title='bbox 1035 2802 1065 2839; x_wconf 93' lang='lat' dir='ltr'><strong>ut</strong></span> <span class='ocrx_word' id='word_1_238' title='bbox 1082 2789 1164 2842; x_wconf 86' lang='lat' dir='ltr'><strong>tradit</strong></span> <span class='ocrx_word' id='word_1_239' title='bbox 1174 2791 1220 2844; x_wconf 89' lang='lat' dir='ltr'><strong>Ti·</strong></span> 
     </span>
     <span class='ocr_line' id='line_1_28' title="bbox 160 2866 1219 2942; baseline 0.004 -23"><span class='ocrx_word' id='word_1_240' title='bbox 160 2867 215 2920; x_wconf 87' lang='lat' dir='ltr'><strong>&#39;dat</strong></span> <span class='ocrx_word' id='word_1_241' title='bbox 226 2867 336 2934; x_wconf 86' lang='lat' dir='ltr'><strong>Strabo,</strong></span> <span class='ocrx_word' id='word_1_242' title='bbox 349 2887 403 2920; x_wconf 88' lang='lat' dir='ltr'><strong>nou</strong></span> <span class='ocrx_word' id='word_1_243' title='bbox 416 2870 503 2922; x_wconf 87' lang='lat' dir='ltr'><strong>solum</strong></span> <span class='ocrx_word' id='word_1_244' title='bbox 517 2869 589 2942; x_wconf 90' lang='lat' dir='ltr'><strong>quod</strong></span> <span class='ocrx_word' id='word_1_245' title='bbox 603 2890 669 2923; x_wconf 87' lang='lat' dir='ltr'><strong>auro</strong></span> <span class='ocrx_word' id='word_1_246' title='bbox 716 2887 810 2934; x_wconf 76' lang='lat' dir='ltr'><strong>maus,</strong></span> <span class='ocrx_word' id='word_1_247' title='bbox 824 2877 921 2924; x_wconf 77' lang='grc'>11111111</span> <span class='ocrx_word' id='word_1_248' title='bbox 929 2866 1103 2940; x_wconf 84' lang='lat' dir='ltr'><strong>appellabant</strong></span> <span class='ocrx_word' id='word_1_249' title='bbox 1114 2883 1219 2935; x_wconf 86' lang='lat' dir='ltr'><strong>tauros;</strong></span> 
     </span>
     <span class='ocr_line' id='line_1_29' title="bbox 166 2948 1222 3024; baseline 0.005 -26"><span class='ocrx_word' id='word_1_250' title='bbox 166 2948 267 3001; x_wconf 79' lang='lat' dir='ltr'><strong>referta</strong></span> <span class='ocrx_word' id='word_1_251' title='bbox 275 2951 322 3014; x_wconf 88' lang='lat' dir='ltr'><strong>sit,</strong></span> <span class='ocrx_word' id='word_1_252' title='bbox 334 2951 420 3016; x_wconf 86' lang='lat' dir='ltr'><strong>ferro,</strong></span> <span class='ocrx_word' id='word_1_253' title='bbox 432 2968 612 3024; x_wconf 89' lang='lat' dir='ltr'><strong>argentoque;</strong></span> <span class='ocrx_word' id='word_1_254' title='bbox 623 2952 671 3005; x_wconf 86' lang='lat' dir='ltr'><strong>sed</strong></span> <span class='ocrx_word' id='word_1_255' title='bbox 715 2948 787 3001; x_wconf 86' lang='lat' dir='ltr'><strong>unde</strong></span> <span class='ocrx_word' id='word_1_256' title='bbox 805 2951 885 3002; x_wconf 88' lang='lat' dir='ltr'><strong>etiam</strong></span> <span class='ocrx_word' id='word_1_257' title='bbox 905 2951 1029 3020; x_wconf 84' lang='lat' dir='ltr'><strong>provenit</strong></span> <span class='ocrx_word' id='word_1_258' title='bbox 1049 2948 1133 3001; x_wconf 87' lang='lat' dir='ltr'><strong>latina</strong></span> <span class='ocrx_word' id='word_1_259' title='bbox 1151 2970 1222 3020; x_wconf 83' lang='lat' dir='ltr'><strong>vox,</strong></span> 
     </span>
     <span class='ocr_line' id='line_1_30' title="bbox 168 3027 1220 3098; baseline 0.004 -18"><span class='ocrx_word' id='word_1_260' title='bbox 168 3028 249 3080; x_wconf 79' lang='lat' dir='ltr'><strong>etiam</strong></span> <span class='ocrx_word' id='word_1_261' title='bbox 262 3028 335 3098; x_wconf 91' lang='lat' dir='ltr'><strong>quod</strong></span> <span class='ocrx_word' id='word_1_262' title='bbox 352 3031 475 3083; x_wconf 85' lang='lat' dir='ltr'><strong>omuibus</strong></span> <span class='ocrx_word' id='word_1_263' title='bbox 493 3031 572 3084; x_wconf 84' lang='lat' dir='ltr'><strong>rebus</strong></span> <span class='ocrx_word' id='word_1_264' title='bbox 590 3033 672 3084; x_wconf 84' lang='lat' dir='ltr'><strong>abun-</strong></span> <span class='ocrx_word' id='word_1_265' title='bbox 717 3027 821 3082; x_wconf 81' lang='lat' dir='ltr'><strong>vitulus.</strong></span> <span class='ocrx_word' id='word_1_266' title='bbox 833 3030 873 3079; x_wconf 78' lang='lat' dir='ltr'><strong>lta</strong></span> <span class='ocrx_word' id='word_1_267' title='bbox 884 3027 950 3079; x_wconf 92' lang='lat' dir='ltr'><strong>Plin.</strong></span> <span class='ocrx_word' id='word_1_268' title='bbox 962 3027 1099 3092; x_wconf 80' lang='lat' dir='ltr'><strong>XXXVII,</strong></span> <span class='ocrx_word' id='word_1_269' title='bbox 1113 3046 1155 3098; x_wconf 84' lang='lat'><strong>77,</strong></span> <span class='ocrx_word' id='word_1_270' title='bbox 1168 3032 1220 3084; x_wconf 81' lang='lat' dir='ltr'><strong>ait:</strong></span> 
     </span>
     <span class='ocr_line' id='line_1_31' title="bbox 168 3103 1222 3182; baseline 0.004 -24"><span class='ocrx_word' id='word_1_271' title='bbox 168 3104 231 3172; x_wconf 86' lang='lat' dir='ltr'><strong>det,</strong></span> <span class='ocrx_word' id='word_1_272' title='bbox 244 3120 355 3180; x_wconf 84' lang='lat' dir='ltr'><strong>excepto</strong></span> <span class='ocrx_word' id='word_1_273' title='bbox 367 3110 463 3176; x_wconf 85' lang='lat' dir='ltr'><strong>melle,</strong></span> <span class='ocrx_word' id='word_1_274' title='bbox 476 3111 549 3182; x_wconf 89' lang='lat' dir='ltr'><strong>quod</strong></span> <span class='ocrx_word' id='word_1_275' title='bbox 562 3111 600 3162; x_wconf 92' lang='lat' dir='ltr'><strong>ibi</strong></span> <span class='ocrx_word' id='word_1_276' title='bbox 613 3111 674 3163; x_wconf 79' lang='grc'>11111-</span> <span class='ocrx_word' id='word_1_277' title='bbox 718 3107 804 3160; x_wconf 86' lang='lat' dir='ltr'><strong>Italici</strong></span> <span class='ocrx_word' id='word_1_278' title='bbox 817 3124 940 3159; x_wconf 87' lang='lat' dir='ltr'><strong>cursores</strong></span> <span class='ocrx_word' id='word_1_279' title='bbox 952 3103 1041 3157; x_wconf 90' lang='lat' dir='ltr'><strong>nullos</strong></span> <span class='ocrx_word' id='word_1_280' title='bbox 1054 3125 1138 3178; x_wconf 88' lang='lat' dir='ltr'><strong>equos</strong></span> <span class='ocrx_word' id='word_1_281' title='bbox 1153 3108 1222 3162; x_wconf 91' lang='lat' dir='ltr'><strong>indi·</strong></span> 
     </span>
     <span class='ocr_line' id='line_1_32' title="bbox 171 3184 1106 3260; baseline -0.003 -20"><span class='ocrx_word' id='word_1_282' title='bbox 171 3197 292 3240; x_wconf 74' lang='lat' dir='ltr'><strong>amarum</strong></span> <span class='ocrx_word' id='word_1_283' title='bbox 302 3201 350 3240; x_wconf 87' lang='lat' dir='ltr'><strong>est.</strong></span> <span class='ocrx_word' id='word_1_284' title='bbox 365 3189 393 3242; x_wconf 85' lang='lat' dir='ltr'><em>V</em></span> <span class='ocrx_word' id='word_1_285' title='bbox 391 3226 397 3239; x_wconf 81' lang='lat'><strong><em>.</em></strong></span> <span class='ocrx_word' id='word_1_286' title='bbox 411 3191 442 3240; x_wconf 92' lang='lat' dir='ltr'><strong>G.</strong></span> <span class='ocrx_word' id='word_1_287' title='bbox 719 3187 794 3260; x_wconf 85' lang='lat' dir='ltr'><strong>genis</strong></span> <span class='ocrx_word' id='word_1_288' title='bbox 807 3184 1017 3256; x_wconf 85' lang='lat' dir='ltr'><strong>anteponebant.</strong></span> <span class='ocrx_word' id='word_1_289' title='bbox 1028 3185 1060 3237; x_wconf 91' lang='lat' dir='ltr'><strong>V.</strong></span> <span class='ocrx_word' id='word_1_290' title='bbox 1074 3187 1106 3237; x_wconf 89' lang='lat' dir='ltr'><strong>G.</strong></span> 
     </span>
    </p>

    <p class='ocr_par' dir='ltr' id='par_1_6' title="bbox 170 3263 1251 3819">
     <span class='ocr_line' id='line_1_33' title="bbox 213 3263 1223 3343; baseline -0.003 -23"><span class='ocrx_word' id='word_1_291' title='bbox 213 3265 271 3334; x_wconf 86' lang='grc'>143.</span> <span class='ocrx_word' id='word_1_292' title='bbox 299 3267 418 3319; x_wconf 84' lang='lat' dir='ltr'><strong>Gravidoe</strong></span> <span class='ocrx_word' id='word_1_293' title='bbox 439 3267 539 3342; x_wconf 73' lang='lat' dir='ltr'><strong>fruges.</strong></span> <span class='ocrx_word' id='word_1_294' title='bbox 564 3269 674 3342; x_wconf 70' lang='lat' dir='ltr'><strong>Larga,</strong></span> <span class='ocrx_word' id='word_1_295' title='bbox 760 3263 1223 3343; x_wconf 69' lang='grc' dir='ltr'>146.Η1110111111,0111111111ιε,9κ-</span> 
     </span>
     <span class='ocr_line' id='line_1_34' title="bbox 172 3343 1224 3420; baseline 0.004 -20"><span class='ocrx_word' id='word_1_296' title='bbox 172 3345 349 3401; x_wconf 85' lang='lat' dir='ltr'><strong>abundantes.</strong></span> <span class='ocrx_word' id='word_1_297' title='bbox 370 3348 411 3399; x_wconf 87' lang='lat' dir='ltr'><strong>lta</strong></span> <span class='ocrx_word' id='word_1_298' title='bbox 432 3349 459 3399; x_wconf 93' lang='lat' dir='ltr'><strong>in</strong></span> <span class='ocrx_word' id='word_1_299' title='bbox 481 3349 537 3400; x_wconf 90' lang='lat' dir='ltr'><strong>Ciri</strong></span> <span class='ocrx_word' id='word_1_300' title='bbox 555 3349 676 3420; x_wconf 73' lang='lat' dir='ltr'><strong>gravidos</strong></span> <span class='ocrx_word' id='word_1_301' title='bbox 719 3346 930 3420; x_wconf 72' lang='grc'>911.110011111111</span> <span class='ocrx_word' id='word_1_302' title='bbox 948 3354 988 3394; x_wconf 89' lang='lat' dir='ltr'><strong>est</strong></span> <span class='ocrx_word' id='word_1_303' title='bbox 1010 3343 1149 3399; x_wconf 72' lang='lat' dir='ltr'><strong>Clitumna.</strong></span> <span class='ocrx_word' id='word_1_304' title='bbox 1173 3351 1224 3403; x_wconf 83' lang='lat' dir='ltr'><strong>Cli·</strong></span> 
     </span>
     <span class='ocr_line' id='line_1_35' title="bbox 173 3423 1225 3502; baseline -0.007 -22"><span class='ocrx_word' id='word_1_305' title='bbox 173 3429 266 3481; x_wconf 72' lang='lat' dir='ltr'><strong>cereris</strong></span> <span class='ocrx_word' id='word_1_306' title='bbox 280 3428 362 3502; x_wconf 70' lang='lat' dir='ltr'><strong>joetus</strong></span> <span class='ocrx_word' id='word_1_307' title='bbox 382 3425 499 3499; x_wconf 79' lang='lat' dir='ltr'><strong>Scaliger</strong></span> <span class='ocrx_word' id='word_1_308' title='bbox 519 3427 548 3477; x_wconf 86' lang='lat' dir='ltr'><strong>F.</strong></span> <span class='ocrx_word' id='word_1_309' title='bbox 567 3429 676 3498; x_wconf 89' lang='lat' dir='ltr'><strong>exponit</strong></span> <span class='ocrx_word' id='word_1_310' title='bbox 722 3439 826 3479; x_wconf 76' lang='lat' dir='ltr'><strong>tamnus</strong></span> <span class='ocrx_word' id='word_1_311' title='bbox 836 3437 926 3478; x_wconf 84' lang='lat' dir='ltr'><strong>autem</strong></span> <span class='ocrx_word' id='word_1_312' title='bbox 936 3423 1032 3476; x_wconf 85' lang='lat' dir='ltr'><strong>fluvius</strong></span> <span class='ocrx_word' id='word_1_313' title='bbox 1045 3439 1085 3478; x_wconf 85' lang='lat' dir='ltr'><strong>est</strong></span> <span class='ocrx_word' id='word_1_314' title='bbox 1096 3429 1124 3479; x_wconf 92' lang='lat' dir='ltr'><strong>in</strong></span> <span class='ocrx_word' id='word_1_315' title='bbox 1136 3429 1225 3484; x_wconf 81' lang='lat' dir='ltr'><strong>Mera.</strong></span> 
     </span>
     <span class='ocr_line' id='line_1_36' title="bbox 171 3503 1251 3582; baseline 0.006 -24"><span class='ocrx_word' id='word_1_316' title='bbox 171 3508 293 3575; x_wconf 67' lang='grc' dir='ltr'><strong>γηίμονςς</strong></span> <span class='ocrx_word' id='word_1_317' title='bbox 314 3506 450 3580; x_wconf 86' lang='lat' dir='ltr'><strong>quomodo</strong></span> <span class='ocrx_word' id='word_1_318' title='bbox 466 3506 562 3559; x_wconf 83' lang='lat' dir='ltr'><strong>Cicero</strong></span> <span class='ocrx_word' id='word_1_319' title='bbox 579 3507 676 3560; x_wconf 85' lang='lat' dir='ltr'><strong>dixerit</strong></span> <span class='ocrx_word' id='word_1_320' title='bbox 720 3509 782 3572; x_wconf 81' lang='lat' dir='ltr'><strong>nia3</strong></span> <span class='ocrx_word' id='word_1_321' title='bbox 800 3525 858 3578; x_wconf 77' lang='lat' dir='ltr'><strong>quse</strong></span> <span class='ocrx_word' id='word_1_322' title='bbox 872 3523 935 3576; x_wconf 88' lang='lat' dir='ltr'><strong>pars</strong></span> <span class='ocrx_word' id='word_1_323' title='bbox 952 3518 992 3557; x_wconf 84' lang='lat' dir='ltr'><strong>est</strong></span> <span class='ocrx_word' id='word_1_324' title='bbox 1009 3503 1125 3560; x_wconf 82' lang='lat' dir='ltr'><strong>Umbriae</strong></span> <span class='ocrx_word' id='word_1_325' title='bbox 1141 3516 1225 3582; x_wconf 81' lang='lat' dir='ltr'><strong>partie</strong></span> <span class='ocrx_word' id='word_1_326' title='bbox 1245 3553 1251 3568; x_wconf 86' lang='lat'><strong>.</strong></span> 
     </span>
     <span class='ocr_line' id='line_1_37' title="bbox 170 3584 1227 3662; baseline 0.007 -22"><span class='ocrx_word' id='word_1_327' title='bbox 170 3587 337 3662; x_wconf 72' lang='lat' dir='ltr'><strong>graviditates</strong></span> <span class='ocrx_word' id='word_1_328' title='bbox 346 3585 390 3642; x_wconf 77' lang='grc'>1111</span> <span class='ocrx_word' id='word_1_329' title='bbox 406 3584 677 3644; x_wconf 58' lang='lat' dir='ltr'><strong>minsa-Massicus</strong></span> <span class='ocrx_word' id='word_1_330' title='bbox 720 3588 839 3652; x_wconf 78' lang='lat' dir='ltr'><strong>Tusciae,</strong></span> <span class='ocrx_word' id='word_1_331' title='bbox 860 3585 893 3639; x_wconf 88' lang='lat' dir='ltr'><strong>de</strong></span> <span class='ocrx_word' id='word_1_332' title='bbox 916 3604 969 3658; x_wconf 90' lang='lat' dir='ltr'><strong>quo</strong></span> <span class='ocrx_word' id='word_1_333' title='bbox 989 3585 1088 3654; x_wconf 86' lang='lat' dir='ltr'><strong>fluvio,</strong></span> <span class='ocrx_word' id='word_1_334' title='bbox 1110 3603 1139 3640; x_wconf 91' lang='lat' dir='ltr'><strong>ut</strong></span> <span class='ocrx_word' id='word_1_335' title='bbox 1161 3591 1227 3650; x_wconf 89' lang='lat' dir='ltr'><strong>dicit</strong></span> 
     </span>
     <span class='ocr_line' id='line_1_38' title="bbox 175 3665 1229 3739; baseline 0.003 -20"><span class='ocrx_word' id='word_1_336' title='bbox 175 3669 277 3720; x_wconf 78' lang='lat' dir='ltr'><strong>humor.</strong></span> <span class='ocrx_word' id='word_1_337' title='bbox 286 3669 382 3718; x_wconf 90' lang='lat' dir='ltr'><strong>Vinum</strong></span> <span class='ocrx_word' id='word_1_338' title='bbox 390 3665 565 3739; x_wconf 88' lang='lat' dir='ltr'><strong>Campanum,</strong></span> <span class='ocrx_word' id='word_1_339' title='bbox 577 3687 592 3719; x_wconf 90' lang='lat' dir='ltr'><strong>a</strong></span> <span class='ocrx_word' id='word_1_340' title='bbox 605 3669 678 3720; x_wconf 86' lang='lat' dir='ltr'><strong>Mas·</strong></span> <span class='ocrx_word' id='word_1_341' title='bbox 722 3668 820 3720; x_wconf 88' lang='lat' dir='ltr'><strong>Plinius</strong></span> <span class='ocrx_word' id='word_1_342' title='bbox 830 3668 856 3718; x_wconf 92' lang='lat' dir='ltr'><strong>in</strong></span> <span class='ocrx_word' id='word_1_343' title='bbox 865 3665 977 3718; x_wconf 86' lang='lat' dir='ltr'><strong>historia</strong></span> <span class='ocrx_word' id='word_1_344' title='bbox 987 3665 1116 3736; x_wconf 85' lang='lat' dir='ltr'><strong>naturali,</strong></span> <span class='ocrx_word' id='word_1_345' title='bbox 1127 3673 1229 3726; x_wconf 82' lang='lat' dir='ltr'><strong>anima-</strong></span> 
     </span>
     <span class='ocr_line' id='line_1_39' title="bbox 175 3748 1226 3819; baseline 0.006 -19"><span class='ocrx_word' id='word_1_346' title='bbox 175 3750 231 3800; x_wconf 87' lang='lat' dir='ltr'><strong>sieo</strong></span> <span class='ocrx_word' id='word_1_347' title='bbox 244 3760 333 3800; x_wconf 88' lang='lat' dir='ltr'><strong>monte</strong></span> <span class='ocrx_word' id='word_1_348' title='bbox 346 3749 508 3818; x_wconf 77' lang='lat' dir='ltr'><strong>Campaniae.</strong></span> <span class='ocrx_word' id='word_1_349' title='bbox 520 3749 590 3800; x_wconf 84' lang='lat' dir='ltr'><strong>Serv.</strong></span> <span class='ocrx_word' id='word_1_350' title='bbox 721 3749 759 3802; x_wconf 86' lang='lat' dir='ltr'><strong>lia</strong></span> <span class='ocrx_word' id='word_1_351' title='bbox 781 3765 839 3819; x_wconf 79' lang='lat' dir='ltr'><strong>quer</strong></span> <span class='ocrx_word' id='word_1_352' title='bbox 859 3749 1030 3818; x_wconf 83' lang='lat' dir='ltr'><strong>potaverint,</strong></span> <span class='ocrx_word' id='word_1_353' title='bbox 1052 3748 1128 3802; x_wconf 87' lang='lat' dir='ltr'><strong>albos</strong></span> <span class='ocrx_word' id='word_1_354' title='bbox 1147 3754 1226 3806; x_wconf 81' lang='lat' dir='ltr'><strong>foetus</strong></span> 
     </span>
    </p>

    <p class='ocr_par' dir='ltr' id='par_1_7' title="bbox 176 3825 1231 4220">
     <span class='ocr_line' id='line_1_40' title="bbox 215 3825 1226 3902; baseline 0.002 -20"><span class='ocrx_word' id='word_1_355' title='bbox 215 3829 272 3896; x_wconf 91' lang='grc'>144</span> <span class='ocrx_word' id='word_1_356' title='bbox 281 3825 450 3879; x_wconf 82' lang='lat' dir='ltr'><strong>Tenentoleoe</strong></span> <span class='ocrx_word' id='word_1_357' title='bbox 456 3839 625 3902; x_wconf 76' lang='lat' dir='ltr'><strong>amentaque</strong></span> <span class='ocrx_word' id='word_1_358' title='bbox 635 3825 679 3878; x_wconf 76' lang='grc'>10·-</span> <span class='ocrx_word' id='word_1_359' title='bbox 724 3839 824 3880; x_wconf 86' lang='lat' dir='ltr'><strong>creant.</strong></span> <span class='ocrx_word' id='word_1_360' title='bbox 833 3857 868 3865; x_wconf 97' lang='lat'>—</span> <span class='ocrx_word' id='word_1_361' title='bbox 877 3827 998 3878; x_wconf 80' lang='lat' dir='ltr'><strong>Maxima</strong></span> <span class='ocrx_word' id='word_1_362' title='bbox 1008 3838 1096 3880; x_wconf 75' lang='lat' dir='ltr'><strong>taunn</strong></span> <span class='ocrx_word' id='word_1_363' title='bbox 1104 3831 1226 3884; x_wconf 80' lang='lat' dir='ltr'><strong>Victima.</strong></span> 
     </span>
     <span class='ocr_line' id='line_1_41' title="bbox 176 3904 1227 3980; baseline 0.002 -19"><span class='ocrx_word' id='word_1_364' title='bbox 176 3919 211 3961; x_wconf 82' lang='lat' dir='ltr'><strong>to.</strong></span> <span class='ocrx_word' id='word_1_365' title='bbox 224 3911 255 3961; x_wconf 86' lang='lat' dir='ltr'><strong>ln</strong></span> <span class='ocrx_word' id='word_1_366' title='bbox 268 3904 403 3959; x_wconf 90' lang='lat' dir='ltr'><strong>nonnullis</strong></span> <span class='ocrx_word' id='word_1_367' title='bbox 417 3919 479 3977; x_wconf 86' lang='lat' dir='ltr'><strong>post</strong></span> <span class='ocrx_word' id='word_1_368' title='bbox 495 3906 560 3958; x_wconf 78' lang='lat' dir='ltr'><strong>olere</strong></span> <span class='ocrx_word' id='word_1_369' title='bbox 574 3925 632 3980; x_wconf 80' lang='lat' dir='ltr'><strong>que.</strong></span> <span class='ocrx_word' id='word_1_370' title='bbox 650 3909 680 3958; x_wconf 94' lang='lat' dir='ltr'><strong>ln</strong></span> <span class='ocrx_word' id='word_1_371' title='bbox 726 3907 797 3975; x_wconf 89' lang='lat' dir='ltr'><strong>Quia</strong></span> <span class='ocrx_word' id='word_1_372' title='bbox 809 3905 1004 3977; x_wconf 86' lang='lat' dir='ltr'><strong>triumphantes</strong></span> <span class='ocrx_word' id='word_1_373' title='bbox 1017 3906 1050 3959; x_wconf 92' lang='lat' dir='ltr'><strong>de</strong></span> <span class='ocrx_word' id='word_1_374' title='bbox 1064 3907 1130 3960; x_wconf 83' lang='lat' dir='ltr'><strong>albis</strong></span> <span class='ocrx_word' id='word_1_375' title='bbox 1145 3915 1227 3964; x_wconf 81' lang='lat' dir='ltr'><strong>tauris</strong></span> 
     </span>
     <span class='ocr_line' id='line_1_42' title="bbox 176 3985 1006 4057; baseline -0.002 -17"><span class='ocrx_word' id='word_1_376' title='bbox 176 3987 314 4054; x_wconf 78' lang='lat' dir='ltr'><strong>Mediceo,</strong></span> <span class='ocrx_word' id='word_1_377' title='bbox 326 3999 352 4039; x_wconf 90' lang='lat' dir='ltr'><strong>et</strong></span> <span class='ocrx_word' id='word_1_378' title='bbox 367 3985 564 4057; x_wconf 86' lang='lat' dir='ltr'><strong>antiquioribus</strong></span> <span class='ocrx_word' id='word_1_379' title='bbox 578 3985 682 4057; x_wconf 84' lang='lat' dir='ltr'><strong>aliquot</strong></span> <span class='ocrx_word' id='word_1_380' title='bbox 728 3985 923 4039; x_wconf 81' lang='lat' dir='ltr'><strong>sacrificabant.</strong></span> <span class='ocrx_word' id='word_1_381' title='bbox 936 3987 1006 4038; x_wconf 87' lang='lat' dir='ltr'><strong>Serv.</strong></span> 
     </span>
     <span class='ocr_line' id='line_1_43' title="bbox 178 4065 1229 4138; baseline 0.004 -20"><span class='ocrx_word' id='word_1_382' title='bbox 178 4066 327 4132; x_wconf 80' lang='lat' dir='ltr'><strong>codicibus,</strong></span> <span class='ocrx_word' id='word_1_383' title='bbox 335 4079 362 4118; x_wconf 90' lang='lat' dir='ltr'><strong>et</strong></span> <span class='ocrx_word' id='word_1_384' title='bbox 369 4066 400 4118; x_wconf 91' lang='lat' dir='ltr'><strong>iis</strong></span> <span class='ocrx_word' id='word_1_385' title='bbox 408 4068 553 4138; x_wconf 70' lang='lat' dir='ltr'><strong>praesertim</strong></span> <span class='ocrx_word' id='word_1_386' title='bbox 563 4068 608 4138; x_wconf 85' lang='lat' dir='ltr'><strong>qui</strong></span> <span class='ocrx_word' id='word_1_387' title='bbox 621 4085 683 4138; x_wconf 92' lang='lat' dir='ltr'><strong>par·</strong></span> <span class='ocrx_word' id='word_1_388' title='bbox 768 4067 825 4132; x_wconf 82' lang='grc'>148.</span> <span class='ocrx_word' id='word_1_389' title='bbox 844 4065 963 4138; x_wconf 84' lang='lat' dir='ltr'><strong>Templa.</strong></span> <span class='ocrx_word' id='word_1_390' title='bbox 980 4067 1054 4118; x_wconf 86' lang='lat' dir='ltr'><strong>Joris</strong></span> <span class='ocrx_word' id='word_1_391' title='bbox 1074 4066 1229 4138; x_wconf 87' lang='lat' dir='ltr'><strong>Capitolini.</strong></span> 
     </span>
     <span class='ocr_line' id='line_1_44' title="bbox 177 4145 1231 4220; baseline 0.005 -22"><span class='ocrx_word' id='word_1_392' title='bbox 177 4147 286 4199; x_wconf 84' lang='lat' dir='ltr'><strong>tionlam</strong></span> <span class='ocrx_word' id='word_1_393' title='bbox 297 4167 347 4219; x_wconf 79' lang='lat' dir='ltr'><strong>que</strong></span> <span class='ocrx_word' id='word_1_394' title='bbox 358 4149 492 4220; x_wconf 81' lang='lat' dir='ltr'><strong>geminare</strong></span> <span class='ocrx_word' id='word_1_395' title='bbox 505 4146 638 4220; x_wconf 81' lang='lat' dir='ltr'><strong>gaudent,</strong></span> <span class='ocrx_word' id='word_1_396' title='bbox 648 4147 684 4200; x_wconf 86' lang='lat' dir='ltr'><strong>le·</strong></span> <span class='ocrx_word' id='word_1_397' title='bbox 729 4147 871 4198; x_wconf 53' lang='lat' dir='ltr'><strong>*Duxerat</strong></span> <span class='ocrx_word' id='word_1_398' title='bbox 879 4147 1029 4218; x_wconf 74' lang='lat' dir='ltr'><strong>triumphos.</strong></span> <span class='ocrx_word' id='word_1_399' title='bbox 1038 4145 1064 4197; x_wconf 85' lang='lat' dir='ltr'><strong>si</strong></span> <span class='ocrx_word' id='word_1_400' title='bbox 1072 4149 1144 4217; x_wconf 88' lang='lat' dir='ltr'><strong>equi,</strong></span> <span class='ocrx_word' id='word_1_401' title='bbox 1152 4149 1231 4204; x_wconf 83' lang='lat' dir='ltr'><strong>duxe-</strong></span> 
     </span>
    </p>
   </div>
   <div class='ocr_carea' id='block_1_5' title="bbox 0 0 1490 4682">
    <p class='ocr_par' dir='ltr' id='par_1_8' title="bbox 0 0 1490 4682">
     <span class='ocr_line' id='line_1_45' title="bbox 0 0 1490 4682; baseline 0 0"><span class='ocrx_word' id='word_1_402' title='bbox 0 0 1490 4682; x_wconf 95' lang='lat' dir='ltr'><strong> </strong></span> 
     </span>
    </p>
   </div>
  </div>
 </body>
</html>
