3000 4674
473 431 526 496 ru
550 428 800 496 ncnooau
823 431 896 495 111.
1143 441 1204 529 25,

164 557 229 617 cis:
246 573 319 640 ego,
338 551 437 613 etalii
452 553 599 613 novimus
617 543 683 628 eos,
703 554 757 633 qui
774 567 803 614 te
817 565 984 636 corrupere
998 553 1134 621 nefando
1150 568 1210 625 cris

167 631 252 728 ruine
269 643 410 704 llbtdlnls
427 658 643 725 praeposteras
666 645 865 724 nequeenim
879 644 973 704 semel
988 663 1155 731 corruptus
1170 675 1211 715 es.

166 734 291 793 Etenim
312 731 364 794 hio
383 731 545 792 subaudiri
567 731 697 792 verbum
720 751 876 814 corrumpo
898 734 1021 795 Servius
1044 739 1098 798 ait
1122 742 1213 804 Recte

166 833 240 878 vero
253 834 360 880 monet
372 817 435 879 Jul.
448 817 525 879 Scal.
538 817 593 878 lib.
606 816 635 895 4.
649 820 736 879 Poet.
750 839 776 879 c.
790 840 842 900 27,
854 839 891 879 ex
900 823 1117 902 suppositione
1127 833 1212 891 vocis

166 923 299 990 magnos
320 908 452 970 affectus
467 909 611 984 excitari,
630 909 805 989 praesertim
825 910 858 966 in
876 929 909 968 re
929 911 1028 992 turpi,
1046 928 1083 974 nt
1101 917 1133 975 in
1153 917 1213 980 boc

170 981 251 1058 ioco·
262 999 292 1058 Si
303 1018 411 1080 neges,
424 1017 494 1078 quae
505 1017 563 1077 ego
573 1009 603 1055 et
613 995 667 1056 alii
677 997 838 1070 novimus,
850 1015 921 1078 quse
928 995 1081 1077 vidimus,
1094 1002 1214 1066 advoco

169 1100 283 1147 contra
297 1101 326 1147 te
342 1089 408 1168 ipsa
422 1086 528 1160 bruta,
543 1100 576 1146 et
587 1085 687 1144 Deos:
702 1105 774 1144 nam
786 1098 954 1165 corruptus
967 1105 1015 1160 es,
1033 1085 1130 1150 hircis
1146 1107 1214 1154 tum

165 1176 325 1236 'tuentibus
334 1177 544 1260 transversim.
555 1175 650 1234 diunt
660 1174 744 1232 enim
755 1171 817 1233 boc
827 1172 944 1234 animal
956 1175 1095 1238 invidere
1105 1180 1216 1264 volup-

168 1264 302 1341 tatibus,
315 1268 388 1349 quia
399 1263 620 1338 libidinosum,
631 1277 662 1322 et
672 1262 772 1323 solere
780 1259 946 1324 hominum
957 1266 1107 1328 Venerem
1119 1270 1215 1332 inter-

168 1353 305 1416 turbare.
322 1351 474 1437 Nymphae
488 1373 579 1427 vero,
592 1351 704 1412 dubita
719 1373 757 1412 an
772 1367 802 1412 te
815 1351 965 1429 viderint,
979 1375 1053 1415 nam
1069 1360 1161 1420 risere
1175 1361 1216 1421 ad

168 1457 259 1503 tuum
276 1441 430 1524 flagitium
445 1463 481 1502 ex
496 1438 612 1502 sacello
627 1461 702 1502 suo:
721 1440 774 1500 sed
789 1439 914 1516 faciles,
932 1443 1016 1524 quod
1031 1443 1144 1508 doleo:
1162 1449 1215 1511 de·

168 1530 308 1590 buissent
319 1531 403 1589 eninr
416 1543 445 1589 te
454 1527 597 1610 perdere,
610 1527 694 1609 quod
707 1547 814 1589 earum
824 1528 930 1590 lucum
941 1543 1004 1590 tam
1016 1530 1150 1594 deformi
1165 1537 1218 1598 fla·

169 1617 247 1698 5itio
262 1615 406 1676 violares.
420 1617 504 1696 Ergo
519 1617 551 1674 in
566 1628 597 1676 te
612 1630 702 1676 testes
716 1635 824 1676 sumus
838 1614 995 1690 homines,
1012 1616 1118 1695 bruta,
1132 1624 1195 1682 Dii.

214 1727 258 1766 ro.
272 1708 333 1766 ista
344 1696 464 1767 ironice
476 1703 646 1766 efferenda.
658 1703 775 1774 Credo,
788 1719 862 1764 tunc
872 1726 930 1786 ego
940 1705 1144 1769 admittebant
1156 1710 1218 1774 hoc

168 1797 401 1876 crimen,quum
412 1793 587 1855 incidebam
597 1792 756 1852 arbustum
763 1794 914 1874 Myconis,
922 1807 1016 1873 atque
1025 1797 1102 1856 vites
1113 1800 1217 1859 novel·

169 1881 218 1942 las
233 1881 331 1958 mala,
350 1896 381 1941 et
397 1883 523 1941 nocenti
536 1879 636 1941 falce?
649 1880 712 1941 Sibi
725 1882 808 1940 enim
825 1882 943 1940 ironice
959 1883 1110 1963 imputat,
1130 1887 1217 1968 quod

169 1991 242 2031 vere
255 1969 368 2032 fecerat
380 1973 549 2032 Damoetas.
569 1969 666 2046 Quasi
684 1967 785 2030 dieat:
809 1969 1057 2033 admittebamne
1076 1993 1134 2054 ego
1156 1975 1216 2038 boc

171 2057 306 2140 crimen,
320 2071 417 2140 quum
435 2074 483 2136 tu,
497 2059 630 2140 pessime
642 2056 788 2132 furcifer,
800 2055 995 2118 bacchabere
1007 2060 1040 2118 in
1055 2061 1217 2124 arbustum

171 2145 332 2228 Mycenis,
346 2147 378 2204 in
392 2143 530 2207 novellas
543 2143 640 2205 vites?
652 2147 695 2206 Ea
707 2147 792 2206 enim
809 2160 861 2206 tua
876 2159 921 2204 est
933 2145 1150 2210 malefaciendi
1162 2173 1217 2211 na·

172 2246 259 2308 tura,
279 2247 315 2292 ut
329 2253 393 2292 non
408 2247 575 2294 contentus
587 2250 704 2294 veteres
715 2230 795 2312 jam,
815 2247 845 2293 et
857 2233 998 2294 robustas
1011 2236 1104 2312 vites,
1123 2253 1218 2320 atque

171 2321 336 2382 arboribus
349 2324 510 2382 maritatas
522 2320 669 2404 perdere,
682 2321 854 2403 perdideris
867 2324 962 2382 etiam
972 2323 1050 2383 vites
1064 2325 1217 2404 novellas,

173 2424 206 2472 et
220 2413 261 2470 ita
277 2430 364 2492 spem
376 2431 502 2471 omnem
517 2410 695 2492 praecideris
707 2423 886 2492 proventus.

218 2518 262 2558 ra.
277 2499 306 2557 Si
319 2519 383 2558 non
397 2487 551 2558 admisisti
564 2500 682 2558 crimen
696 2498 774 2558 illud
787 2497 826 2558 ad
842 2498 1002 2560 arbustum
1015 2499 1174 2584 Myronis,
1187 2516 1219 2564 et

173 2587 252 2646 vites
265 2585 416 2660 novellas,
437 2599 519 2646 certe
534 2585 573 2645 ad
588 2585 678 2668 fagos
693 2601 828 2647 reteresr
845 2587 921 2667 quin
942 2605 980 2645 eo
995 2585 1060 2648 fere
1074 2599 1218 2670 tempore

174 2672 293 2755 fregisti
307 2693 363 2755 per
377 2674 528 2734 invidiam
543 2693 665 2750 arcum,
677 2689 708 2734 et
720 2673 857 2734 calamos
872 2671 1058 2756 Daphnidis.
1073 2675 1167 2752 Nam,
1184 2691 1220 2738 ut

174 2783 208 2826 es
226 2783 403 2848 perversus,
420 2778 453 2846 et
471 2784 574 2845 prarre
590 2773 728 2840 naturae,
742 2761 872 2824 doluisti
890 2763 1058 2845 contigisse
1069 2784 1168 2846 puero
1184 2787 1221 2828 ea

174 2851 277 2912 donar
302 2861 333 2913 et
351 2849 479 2934 quidem
498 2863 675 2936 rumperere
692 2873 757 2934 prre
776 2841 909 2922 invidia,
929 2853 961 2911 ni
979 2873 1078 2933 puero
1096 2855 1221 2914 ratione

175 2943 283 3023 aliqua
295 2956 522 3002 nocumentum
536 2941 674 3004 afferres.
687 2944 759 3003 Duo
772 2940 823 3002 bic
836 2940 940 3000 dicam
953 2938 992 2998 ad
1006 2938 1156 3021 majorem
1172 2963 1222 3003 ex*

176 3031 391 3112 plicationem.
404 3032 547 3091 Primwu.
568 3031 670 3090 Habet
681 3029 748 3110 jam
763 3031 920 3110 integrum
935 3030 1054 3088 crimen
1073 3028 1223 3090 Menalcae

177 3137 213 3178 ex
228 3117 356 3187 testibus
370 3132 402 3177 et
413 3120 673 3194 circumstantiis,
686 3119 823 3178 Pastores
837 3118 996 3189 norimus,
1010 3113 1116 3173 videre
1128 3112 1224 3190 hirci,

178 3207 271 3266 risere
285 3204 456 3288 Nymphaei
470 3221 554 3287 gesta
569 3227 616 3266 res
629 3219 673 3266 est
684 3207 724 3266 ad
735 3207 823 3286 fagos
835 3217 967 3277 veteres,
981 3221 1015 3262 aa
1028 3221 1084 3283 per
1096 3201 1128 3260 id
1143 3215 1221 3262 tem·

176 3341 329 3420 inhirquos
341 3349 462 3402 retortis:
474 3363 553 3420 quem
566 3366 622 3402 rem
634 3368 677 3403 so·
720 3365 782 3402 nem
801 3365 858 3400 esse
877 3345 1023 3418 legitimam
1043 3345 1073 3396 in
1093 3361 1153 3410 eos,
1175 3345 1221 3414 qui

177 3429 215 3484 let
226 3417 310 3482 libido
325 3427 461 3500 perficere.
475 3428 551 3482 Unde
562 3429 677 3481 Juvena-
722 3429 832 3480 arbores
846 3426 965 3489 coeduat,
980 3425 1107 3496 cinquant,
1125 3435 1220 3476 ιιιιαιιι.

178 3507 226 3576 iis,
248 3505 395 3580 Oculoque
414 3507 441 3558 in
452 3503 513 3580 fine
532 3518 675 3560 trementes.
721 3511 776 3562 lias
789 3525 865 3560 voces
878 3506 923 3560 iile
935 3505 1066 3576 explicat:
1080 3503 1134 3558 adi.

177 3590 299 3642 Persius:
311 3585 539 3658 Poematifractus
548 3586 638 3640 ocello
650 3587 680 3640 Sa
762 3605 801 3640 ιι.
814 3587 913 3640 Atrum
924 3596 950 3638 et
960 3583 1083 3636 calamos.
1096 3585 1165 3636 Nam
1177 3581 1224 3640 ha*

217 3685 256 3724 ιι.
268 3667 395 3722 Incidere.
404 3667 520 3725 Arbmes
529 3669 629 3722 alienas
637 3669 679 3720 in··
722 3670 787 3724 berit
798 3687 871 3721 arma
885 3675 1021 3738 pastores:
1035 3676 1064 3716 ut
1074 3665 1101 3716 in
1112 3665 1223 3738 Georgi-

179 3749 269 3806 cidere
289 3748 405 3820 capitale
429 3747 493 3800 oiim
517 3750 582 3818 fuit,
605 3746 678 3820 quod
723 3751 761 3802 eis
774 3742 1223 3816 docuit,Amaque,Amycleum·

178 3837 271 3886 monet
291 3817 405 3883 Servius.
427 3827 551 3900 Gujacius
571 3847 678 3901 quoque
723 3821 1222 3902 quecunem‚Cressusquepburetras.S.

178 3911 291 3966 Obserr.
302 3909 352 3977 IX,
368 3927 414 3975 ra,
426 3909 460 3962 de
470 3911 612 3964 arboribus
622 3912 679 3962 fure
763 3907 793 3959 13
809 3905 937 3958 Perverse.
946 3902 986 3954 Ad
992 3903 1110 3954 animum
1117 3903 1229 3959 videsue

180 3993 229 4042 tim
240 3992 313 4044 cassis
325 3991 380 4044 sit:
394 3993 499 4043 actione
511 3991 629 4044 coerceri
641 3989 681 4041 Ιιι-
725 3987 819 4040 referri
829 4001 917 4056 posse.
925 3981 1039 4034 Theocr.
1049 3979 1124 4053 ldytt.
1133 3983 1165 4047 V,
1177 3999 1224 4050 ra,

181 4081 287 4140 tronea,
306 4071 353 4142 qui
373 4071 497 4134 arbores,
520 4081 547 4122 et
568 4069 680 4121 maxime
725 4065 795 4118 mir
808 4063 935 4136 appellat.
952 4061 1030 4124 Valla
1046 4079 1071 4112 ι.
1089 4061 1139 4112 3ιι
1160 4063 1226 4113 Pcr-

183 4151 264 4214 sites,
277 4149 439 4218 cecideritin
454 4149 583 4223 additque
597 4149 680 4204 actio·
726 4163 811 4204 renus
821 4155 872 4214 est,
884 4144 985 4217 inqut,
995 4140 1043 4215 qui
1053 4140 1080 4194 ἰιι
1089 4135 1161 4196 mdo
1170 4159 1228 4202 uem

253 4235 279 4294 5.
662 4265 668 4280 ·
1012 4245 1043 4303 ¹7
