2964 4690
298 411 364 492 354
631 403 1017 470 oouuaumam

297 529 389 594 tertia
404 549 476 611 pars
492 528 723 588 distinctionis:
745 529 882 608 assignat
900 541 1003 588 autem
1017 525 1130 588 Goesari
1147 526 1255 587 locum
1272 527 1368 588 iuter

296 621 471 699 Erigonen,
493 618 670 698 Virginem,
691 630 783 696 atque
806 618 886 677 inter
907 615 1036 691 Chelas,
1058 613 1185 674 brachia
1206 613 1364 696 Scorpii:

296 709 409 770 clanim
422 708 557 788 assignat
569 707 685 768 Caesari
697 705 807 766 locum
815 705 933 783 Librae3
945 727 1020 766 nam
1029 705 1125 766 Libra
1134 719 1180 764 est
1190 705 1272 766 inter
1286 705 1366 764 Vir-

295 853 328 905 lis
345 853 379 905 ad
396 865 498 904 orturn:
517 851 589 903 unde
601 850 645 917 lit,
658 863 688 904 ut
705 851 800 902 estiva
844 849 939 902 Mortis
952 849 1130 918 domicilium,
1150 863 1231 922 atque
1245 851 1360 919 justum

295 932 368 984 hone
378 951 426 1002 per
436 931 506 984 diem
516 927 735 1002 hybernismulto
746 931 800 982 sint
844 944 956 1004 propter
979 931 1103 993 Librum,
1138 945 1165 984 et
1189 930 1361 1004 prudentem

295 1013 443 1085 longiores,
460 1031 508 1082 per
522 1023 628 1062 noctem
643 1009 798 1062 breviores:
843 1013 1081 1084 propterviciuam
1094 1012 1244 1083 Virginem,
1256 1009 1361 1076 idest,

295 1106 391 1146 contra
404 1092 514 1164 hyeme,
528 1089 676 1156 diuturnae,
690 1090 798 1151 breves3
844 1093 971 1146 Mercurii
991 1092 1157 1144 domicilium
1172 1093 1231 1144 lore
1247 1089 1360 1162 signifi-

293 1187 446 1238 nocturnse,
459 1172 603 1242 longiores.
845 1186 897 1226 cut.
914 1172 964 1224 Vel
977 1185 1048 1224 certe
1063 1171 1125 1224 ideo
1138 1174 1208 1224 inter
1224 1171 1360 1242 Scorpio-

329 1254 372 1306 33.
395 1255 452 1323 Qua
470 1249 541 1303 locus
554 1250 686 1322 Erigonen
702 1248 719 1301 i.
737 1253 762 1301 6.
777 1268 795 1302 ι.
844 1255 886 1305 nis
902 1252 1028 1318 brachia,
1051 1271 1109 1323 quc
1127 1265 1189 1304 sunt
1207 1251 1302 1315 Libra,
1325 1263 1359 1303 et

293 1333 408 1405 Egyptii
433 1330 576 1382 duodecim
598 1347 655 1382 esse
677 1341 798 1380 usserunt
842 1333 999 1404 Erigonem,
1022 1351 1081 1404 quae
1102 1346 1142 1385 est
1163 1335 1258 1404 Virgo3
1284 1333 1358 1401 quia

248 1413 249 1416 ’
293 1410 505 1484 sigrruecbuldui
514 1428 577 1461 vero
587 1408 721 1460 undatim·
729 1409 798 1459 Nam
841 1414 922 1466 Libra
932 1414 1056 1482 equitus,
1071 1413 1152 1483 Virgo
1157 1413 1269 1482 justitia.
1278 1409 1357 1462 Sami

292 1494 428 1562 scorpiuro
442 1503 467 1540 et
484 1490 580 1541 libram
597 1507 678 1540 unum
692 1491 797 1559 signum
842 1491 899 1546 luec
910 1494 1026 1564 Erigone
1037 1495 1106 1545 lcnri
1119 1493 1173 1543 filia
1186 1494 1251 1560 luit,
1267 1503 1355 1543 tantu

293 1571 437 1640 accipiunt.
455 1567 543 1620 Chele
559 1569 629 1620 enim
649 1569 748 1637 scorpii
764 1566 798 1618 li·
840 1575 948 1644 pieratis
961 1575 988 1622 in
1003 1585 1121 1642 patrem,
1141 1585 1171 1623 ui
1191 1589 1273 1642 quum
1286 1589 1355 1624 eum

291 1651 369 1704 brnrn
384 1652 495 1702 faciunt·
514 1648 597 1700 litlem
612 1646 731 1698 Chaldaei
748 1664 797 1696 vo·
842 1652 952 1704 vidisset
969 1665 1118 1716 mortuum,
1136 1653 1209 1702 omni
1225 1669 1253 1704 se
1270 1650 1354 1702 luctu

288 1729 349 1784 lunt
362 1729 479 1800 aequales
494 1747 552 1780 esse
565 1742 655 1798 partes
668 1730 695 1778 in
709 1729 798 1778 onrui-
845 1749 875 1782 ac
898 1749 1012 1782 moerore
1031 1730 1190 1796 conficeret;
1210 1730 1245 1782 ob
1266 1741 1354 1800 quan

291 1810 342 1862 bus
356 1812 451 1880 siguis,
472 1807 518 1860 secl
532 1826 582 1877 pro
598 1807 728 1877 qualitate
741 1807 798 1878 stri,
844 1829 898 1864 rem
925 1809 1109 1868 misericordie
1139 1809 1250 1862 deorum
1279 1810 1355 1860 inter

292 1890 365 1944 aliud
376 1892 478 1960 siguum
490 1888 536 1938 XX
545 1886 619 1938 aliud
627 1887 672 1938 xl
680 1886 796 1938 habere:
844 1892 918 1962 signa
931 1890 1021 1941 locum
1034 1891 1158 1960 virginis,
1171 1889 1221 1942 sub
1233 1889 1353 1940 lustitia

292 1991 374 2042 quum
390 1970 503 2039 AEgyptii
515 1970 630 2020 tricenas
641 1986 698 2019 esse
708 1981 797 2038 portes
842 1969 992 2034 vocabulo,
999 1972 1073 2039 jussu
1086 1981 1125 2022 est
1138 1969 1268 2022 obtinere.
1279 1965 1355 2020 Glae-

290 2053 319 2102 iu
334 2049 458 2099 omuibus
472 2047 561 2100 velint.
578 2047 661 2098 Modo
676 2065 739 2118 ergo
752 2067 796 2100 se·
842 2049 882 2102 las
891 2065 981 2104 autern
989 2062 1131 2122 sequentes
1141 2049 1203 2102 ideo
1214 2050 1260 2116 sit,
1272 2050 1352 2120 quid,

291 2127 409 2182 cunilam
422 2127 563 2180 Chaldaeos
577 2127 682 2180 locutus
693 2142 747 2192 est,
758 2127 798 2180 di·
843 2132 911 2182 sicut
924 2130 1024 2183 dictum
1039 2143 1093 2194 cst,
1108 2131 1171 2200 ipsu
1182 2142 1243 2180 suut
1255 2128 1351 2182 Libra.

290 2227 354 2262 oeus
362 2225 441 2279 posse
450 2226 510 2260 eum
519 2207 620 2260 habere
628 2208 718 2260 locum
727 2210 797 2260 inter
842 2212 911 2264 Bene
929 2223 1019 2264 autem
1035 2213 1155 2282 Augusto
1173 2211 1243 2262 inter
1258 2210 1353 2281 Virgi-

290 2291 425 2361 seorpinm
445 2303 471 2342 et
491 2291 635 2360 virginem,
655 2289 717 2341 nam
738 2289 797 2340 Eri·
841 2310 902 2344 nem
924 2304 950 2342 et
974 2292 1130 2362 Scorpium,
1149 2289 1177 2342 id
1201 2301 1254 2354 est,
1276 2290 1351 2342 iuter

288 2389 359 2442 gone
387 2372 446 2441 ipae
473 2382 513 2422 est
537 2371 620 2441 virgo.
648 2368 795 2421 Sciendum
837 2371 968 2440 Justitiam
986 2383 1011 2422 et
1029 2371 1168 2435 virtutem,
1187 2368 1276 2420 locum
1296 2370 1350 2420 tri·

288 2450 387 2504 deinde
400 2464 439 2504 est
454 2451 570 2502 voluisse
584 2454 697 2521 majores
714 2450 795 2502 iubis
840 2450 917 2503 bulte
940 2448 1020 2519 (nam
1038 2449 1141 2516 Chele,
1160 2449 1263 2521 Soorp'ti
1282 2448 1349 2502 bra·

289 2532 371 2602 signis
388 2549 445 2584 esse
462 2529 574 2582 deorum
588 2529 745 2582 domicilia:
765 2542 795 2581 ut
841 2528 902 2582 clria
914 2544 989 2592 sunt;
1000 2548 1059 2600 quse
1069 2529 1207 2600 sexaginta
1216 2539 1306 2598 partes
1316 2530 1349 2580 in

288 2607 356 2660 Solis
372 2621 411 2660 est
423 2612 494 2671 Leo,
511 2611 591 2660 Lanu
604 2627 668 2662 vero
681 2609 794 2662 Cancer.
840 2609 906 2662 caelo
918 2608 1016 2677 sunu)
1031 2621 1060 2660 ut
1073 2609 1159 2660 solum
1173 2609 1232 2659 lore
1244 2605 1348 2680 signifi·

287 2685 452 2738 Ceterorum
465 2705 528 2738 vero
542 2690 662 2758 quinque
676 2688 796 2758 planeta·
840 2703 891 2742 cet.
910 2691 981 2744 Seru.
998 2719 1031 2730 -
1047 2687 1188 2761 Chelasque
1203 2698 1347 2760 sequentes.

288 2782 347 2817 rum
360 2764 426 2817 bina
438 2779 497 2816 sunt
512 2768 600 2838 sigua,
620 2779 702 2836 prout
714 2785 741 2819 ae
756 2787 796 2820 ra·
840 2769 927 2830 xrual,
945 2769 1051 2822 forfices
1067 2769 1247 2834 Cancrorum,
1266 2770 1348 2822 item—

288 2847 327 2895 tio
340 2844 457 2895 siderum
469 2847 597 2915 sequitur.
612 2847 680 2898 Nam
691 2848 793 2918 primus
841 2867 892 2921 que
914 2849 1013 2922 ungule
1036 2849 1140 2902 bisulca
1162 2864 1187 2902 et
1210 2849 1345 2919 bipartita

287 2922 431 2975 circuloso
446 2925 620 2989 terra,Lunae
631 2938 685 2987 ειη
699 2943 793 2977 secuu-
839 2930 923 2982 instar
944 2927 1044 2982 forficis
1066 2927 1205 2982 Cancrinae
1225 2950 1232 2977 ι
1255 2931 1348 2998 eujus·

288 3001 339 3054 dus
364 3003 510 3066 Mercurii3
541 3007 634 3058 tertiae
660 3007 791 3068 Veneris3
837 3007 912 3060 modi
923 3007 1035 3080 Scorpio
1050 3008 1148 3062 celesti
1163 3007 1347 3079 affinguntur,

288 3097 400 3156 quartus
410 3085 491 3147 Solis3
501 3088 610 3157 quintus
619 3087 726 3150 Murtis;
738 3105 793 3140 sex·
838 3105 897 3158 quse
909 3089 1007 3140 Noster
1018 3087 1063 3140 hic
1072 3087 1176 3139 brachia
1185 3087 1289 3157 Seorpli
1300 3089 1346 3140 lu·

287 3177 331 3216 tus
343 3167 429 3228 Jovis3
443 3165 548 3218 Saturni
560 3167 677 3219 ultimus.
689 3166 740 3219 sed
751 3186 791 3220 re·
837 3167 940 3242 digitat.
956 3170 1041 3222 Etiam
1054 3167 1133 3221 Ovid.
1149 3169 1212 3220 Met.
1226 3167 1282 3235 XV,
1294 3168 1343 3234 la·

287 3249 367 3298 motis
380 3245 440 3298 Sole
453 3261 478 3298 et
491 3246 581 3312 Luna,
599 3265 715 3319 quorum
729 3262 792 3300 sunt
839 3252 956 3302 Concava
972 3249 1075 3301 brachia
1094 3249 1182 3301 cancri
1200 3247 1273 3300 dixit.
1294 3249 1344 3301 fle

287 3323 424 3379 domicilia
435 3330 489 3379 Leo
502 3343 529 3380 et
540 3327 657 3392 Cancer,
670 3328 698 3380 hi
714 3331 792 3399 quiu-
838 3343 926 3382 autem
939 3329 1024 3384 chela
1031 3330 1132 3402 Scorpii
1141 3327 1249 3381 Libram
1261 3329 1345 3381 fecie·

287 3424 341 3477 que
353 3407 449 3459 ordine
460 3426 514 3478 quo
528 3429 620 3462 eorum
633 3421 695 3462 sunt
708 3411 792 3462 circu·
836 3408 919 3461 bant:
933 3423 959 3461 et
972 3429 1022 3481 pro
1035 3409 1114 3461 Libra
1128 3409 1224 3480 saepius
1238 3424 1344 3479 ροηιιιι-

286 3484 321 3548 li,
338 3486 402 3538 bino
419 3487 557 3556 possident
572 3490 661 3558 signu,
680 3506 792 3542 urruns
837 3499 887 3538 tur.
900 3488 992 3540 Munil.
1005 3488 1050 3540 lib.
1063 3490 1094 3540 ll.
1104 3487 1345 3560 Scorpiosinlr'lm

287 3565 792 3638 sequentibue,etunumusupariori-
836 3568 963 3620 consumit
991 3567 1102 3619 brachia.
1134 3597 1168 3605 -
1196 3565 1342 3618 Sciendum

285 3641 356 3694 bus:
371 3657 398 3692 ιιι
409 3644 535 3695 Mercurii
548 3647 599 3694 sint
613 3645 694 3716 Virgo
705 3658 732 3697 et
741 3646 792 3698 Ge·
836 3650 906 3700 enim
929 3650 1039 3702 Veteres
1063 3647 1268 3702 mathematicos
1292 3648 1342 3700 Li-

286 3725 369 3774 mini:
389 3724 513 3789 Veneris,
532 3725 613 3776 Libra
626 3739 652 3777 ot
666 3727 789 3780 Taurus:
835 3728 911 3780 brom
935 3731 1088 3801 ignorasse,
1108 3739 1189 3800 atque
1212 3729 1342 3782 undecim

286 3802 395 3864 Martis,
413 3802 539 3875 Scorpius
552 3818 577 3856 et
590 3805 683 3856 Aries:
701 3807 789 3875 Joris,
835 3821 937 3861 tantum
950 3811 1030 3882 Signa
1043 3809 1207 3863 udseruisse=
1221 3822 1246 3862 et
1259 3807 1345 3861 seon·

285 3880 443 3952 Sagittarius
456 3896 482 3935 et
494 3885 579 3936 Pisces
591 3905 596 3933 :
608 3885 728 3955 Saturni,
739 3889 789 3942 Ca·
834 3889 1343 3963 piumrusesagiotapartesdigessisse,

286 3964 428 4033 prieornus
446 3976 471 4014 et
485 3965 627 4034 Aquarius.
646 3965 723 4018 Unde
741 3987 789 4038 per
835 3969 983 4022 arduorum
990 3969 1341 4040 Dodeeatemorlorumspa-

285 4040 343 4094 lraeo
361 4043 422 4094 loca
441 4043 572 4108 siderum,
593 4046 740 4118 Augustum
762 4060 789 4101 et
834 4051 899 4112 tium
920 4063 1081 4121 occuparet:
1098 4049 1170 4103 uude
1187 4062 1213 4101 et
1231 4047 1341 4120 Duplex

286 4121 385 4178 fortem
400 4137 512 4199 propter
523 4123 678 4198 Scorpium,
694 4125 788 4196 idest,
832 4127 992 4184 Germanico
1009 4128 1125 4184 dicitur:
1142 4127 1262 4200 Scorpios
1274 4125 1340 4180 liae
