2970 4714
616 359 796 430 GULEX.
1184 371 1223 437 61

185 483 317 550 Litora:
331 507 435 576 quum
446 482 595 577 Phrygiae
606 489 729 576 peseim
739 507 821 574 vaga
832 483 944 575 praedn
955 505 1112 576 peremtae
1184 507 1228 554 355

185 590 338 657 Fluctuat
349 594 457 658 omnis
469 593 504 658 in
517 615 673 684 aequoree
680 593 750 683 jam
762 593 918 681 naufraga
930 609 1045 661 tractu.

187 696 251 762 Hic
262 696 317 761 alii
329 697 442 765 sidunt
453 699 573 789 perilee
584 699 714 764 virtutis
726 697 854 764 honore

186 799 330 884 Herees,
343 803 529 896 mediisque
542 806 595 872 siti
607 821 685 872 sunt
696 803 831 870 sedibus
844 827 978 870 omues:

186 905 303 973 Omnis
315 911 420 976 Reme
432 909 533 977 decus
545 911 656 1000 magni
671 933 755 1000 quos
767 911 904 999 suscipit
916 911 1015 977 orbis.

187 1012 252 1078 Hic
263 1014 369 1096 Fabii,
383 1017 627 1108 Deciique;hio
640 1033 735 1082 estet
749 1017 882 1082 Horatia
896 1019 1015 1098 virtus;
1188 1040 1233 1088 360

187 1119 252 1185 Hic
265 1138 297 1187 et
309 1123 396 1188 ieme
407 1141 502 1190 vetus
513 1147 686 1213 nunquam
698 1123 857 1188 moriture
869 1123 1014 1206 Camilli3

188 1227 321 1292 Curtius
333 1246 380 1310 eti
393 1228 512 1294 mediis
524 1252 625 1319 quem
638 1228 807 1319 quondam
819 1227 954 1296 sedibus
966 1229 1057 1296 urhis

186 1331 356 1399 Devotum
366 1335 462 1400 hellis
474 1337 657 1401 consumsit
669 1337 806 1424 gurgitis
818 1335 973 1417 haustus;

191 1537 202 1558 ι
210 1517 264 1576 ille,
274 1522 300 1566 in
312 1521 452 1569 membranis
465 1524 578 1586 teriptutn
586 1521 632 1568 leit
643 1523 713 1569 AEeea
726 1538 770 1586 pro
781 1521 852 1587 AEpee
860 1523 872 1567 i
880 1521 938 1568 Nem
948 1521 1018 1588 AEqee
1034 1521 1099 1570 litore
1112 1523 1238 1590 legendum

192 1603 275 1645 nette,
292 1591 362 1636 etiam
377 1591 500 1655 Euripidet
517 1591 586 1638 decet
601 1595 625 1638 in
642 1593 736 1640 lene...
753 1589 847 1654 aelrpet
862 1589 992 1653 Kntnpu‘oetc
1009 1589 1117 1651 ὶμβιλῶν
1129 1592 1215 1660 niytirt
1225 1623 1236 1644 ι

189 1659 276 1706 Probat
285 1662 472 1710 emendationem
481 1665 518 1710 Je.
532 1662 654 1710 Schrader.
666 1663 797 1710 Emendatt.
808 1678 832 1723 p.
844 1675 886 1723 295
897 1662 1009 1709 accedere
1020 1665 1082 1710 enim
1092 1667 1157 1714 Vota.
1168 1671 1237 1736 qun.

190 1729 220 1774 At
231 1729 332 1780 debehat
342 1734 428 1783 docere
443 1737 477 1784 tir
487 1735 582 1792 deutra,
595 1749 701 1798 quenarn
715 1737 762 1781 tint
774 1735 844 1799 AEpee
858 1731 931 1779 litere.
947 1735 1002 1797 Lep.
1016 1735 1094 1800 AEpoen
1107 1735 1172 1786 litere
1179 1776 1186 1798 ,
1198 1759 1241 1792 teu

191 1804 262 1848 merit
271 1805 353 1866 AEgtei:
365 1821 419 1864 teu,
431 1807 497 1871 qued
510 1807 621 1869 prefero,
638 1807 667 1854 ah
684 1809 756 1869 Egit,
768 1805 861 1851 nubea
876 1805 936 1850 urbe
952 1808 1065 1852 maritima
1078 1821 1118 1854 aut
1131 1811 1205 1859 inaula
1216 1817 1242 1860 in

191 1873 243 1934 ipae
253 1872 333 1932 litere;
345 1893 357 1922 a
370 1894 415 1942 qua
426 1881 496 1924 etiarn
507 1893 593 1924 nomen
606 1876 702 1924 ductum
715 1889 811 1940 putetur
820 1878 890 1922 merit
900 1877 968 1938 AEgaei
977 1893 999 1923 t.
1012 1878 1111 1942 lletych.
1125 1883 1149 1926 in
1161 1877 1241 1946 dipel,

193 1954 217 1988 et
225 1945 308 1992 Strabo
317 1948 383 2006 Vlll,
392 1965 417 2012 p.
430 1950 472 2011 592
482 1948 509 1994 B.
519 1949 545 1994 G.
557 1950 585 1994 lit
595 1946 672 2004 locut,
684 1963 754 2012 quern
768 1945 870 2010 Scaliger
879 1948 980 2008 respexit
986 1982 993 2004 ,
1005 1963 1053 1993 uon
1068 1961 1102 1996 ett
1112 1951 1187 2010 lenit,
1199 1957 1241 2004 ted

192 2028 221 2060 et
230 2015 318 2064 llelene
334 2019 391 2076 trio
402 2018 495 2082 xltpett
508 2015 627 2079 licetpt'ettt
640 2011 765 2078 issssflhdb
778 2011 885 2078 stillim
896 2016 920 2062 'l'
932 2011 1033 2068 ''lm'‘
1044 2017 1146 2082 stillim·
1157 2023 1241 2089 ’Ἐφα-

191 2098 237 2148 que
248 2101 312 2132 emt.
325 2088 411 2135 lloeler.
425 2104 521 2152 quoque
530 2099 636 2135 notatum
648 2087 726 2135 tideo.
738 2085 803 2132 Aliut
812 2088 848 2132 vir
858 2085 940 2132 doctut
949 2088 974 2132 in
987 2087 1024 2132 ed.
1034 2085 1118 2135 Aldina
1130 2095 1242 2142 emenda-

191 2159 239 2204 vit:
251 2160 280 2204 Ε.
289 2170 382 2225 culpet·
391 2171 469 2208 coutet
482 2163 614 2225 (meaque,
623 2161 700 2206 minut
710 2157 818 2204 feliciter.
830 2159 889 2203 Nam
901 2159 983 2204 OEtam
998 2160 1022 2204 in
1034 2159 1120 2207 Euboea
1134 2179 1182 2210 uon
1195 2182 1241 2214 ne-

191 2229 275 2275 timet.
292 2232 366 2276 Etiam
380 2232 482 2278 alienum
499 2233 639 2296 Cenoeeque:
651 2244 704 2276 nem
720 2229 780 2277 illud
794 2231 980 2292 promontorium
1000 2230 1026 2274 in
1041 2228 1131 2278 diverte
1149 2236 1242 2284 Eubeae

193 2312 268 2360 parte.
281 2303 310 2346 E.
319 2313 361 2350 eut
367 2319 410 2367 per
419 2313 496 2350 caetea
506 2306 620 2368 AEreeque
630 2304 709 2348 Petet.
728 2313 751 2347 et
766 2301 833 2347 voe.
847 2299 909 2364 apud
921 2302 1122 2360 Prietemannem3
1135 2307 1199 2368 quod
1212 2310 1242 2356 de

193 2371 307 2419 Vettiano
316 2387 378 2422 recte
390 2378 566 2437 pronuntiatum
576 2389 624 2420 non
636 2384 677 2420 eat.
685 2397 717 2410 -
728 2371 781 2418 355.
798 2381 844 2417 tum
855 2371 882 2418 P.
895 2370 995 2418 malebat
1005 2373 1083 2418 lleint.
1096 2377 1174 2437 prede
1186 2395 1242 2442 per-

192 2451 246 2488 oete
255 2456 312 2491 vett.
327 2446 396 2502 edd,
409 2448 473 2512 qued
484 2446 586 2508 Scaliger
598 2445 715 2492 retrahere
727 2443 809 2504 jubet,
826 2455 852 2488 ut
863 2444 892 2489 tit
903 2445 997 2506 penitua
1012 2459 1090 2490 averte
1104 2459 1127 2492 et
1136 2447 1242 2499 ‘convec-

195 2523 254 2567 uru,
267 2525 294 2560 nt
303 2517 366 2562 oldut
373 2528 503 2580 pertenue,
514 2519 656 2564 confectum.
672 2517 728 2576 Quae
740 2529 788 2561 non
801 2515 856 2560 tatia
868 2515 952 2576 capio:
966 2514 1041 2560 dicam
1053 2513 1131 2562 teltem
1142 2523 1245 2582 prodam

194 2597 300 2648 pereqcre
311 2600 361 2634 ette
372 2588 460 2634 dietum
477 2604 521 2652 pro
537 2604 613 2650 agere.
633 2603 689 2651 unqe
703 2585 782 2649 predo
799 2593 915 2650 perempta
933 2583 1015 2632 Aldim
1034 2585 1245 2644 dedit;necalite1·

196 2655 262 2702 voe.
276 2669 300 2703 et
309 2659 399 2716 Petet..
413 2663 455 2724 qui
467 2674 502 2718 et,
515 2677 585 2725 quum
595 2657 795 2724 Pteme-356.
814 2659 838 2702 F.
851 2672 953 2722 oequetee
964 2660 1037 2704 omnis
1044 2661 1095 2722 jum
1107 2660 1161 2706 edd.
1173 2677 1244 2725 vete,

196 2727 234 2774 vel
242 2729 278 2774 Fl.
290 2745 331 2794 teq.
346 2748 405 2779 nette
420 2737 504 2792 emeth,
516 2746 540 2781 et
556 2735 581 2780 itt
593 2733 639 2778 line
650 2733 742 2793 fluctu:
754 2729 819 2794 qued
831 2742 854 2775 et
865 2728 967 2790 Scaliger
982 2728 1050 2790 legin
1062 2732 1085 2776 in
1097 2731 1174 2781 Contii
1186 2753 1245 2796 mt.,

197 2811 224 2844 ut
233 2813 256 2846 et
266 2803 290 2846 in
300 2818 341 2849 mt.
353 2802 450 2862 Kalen,
459 2819 508 2853 erat
519 2803 589 2852 hictu.
600 2805 626 2848 ln
636 2802 718 2850 eedem
731 2805 772 2860 (et
782 2803 849 2848 Vett-
860 2817 886 2846 ae
899 2802 975 2848 Petet.
986 2804 994 2860 )
1007 2799 1041 2846 Fi.
1054 2806 1125 2848 emttt's
1135 2808 1158 2849 itt
1170 2823 1247 2872 requo-

197 2873 231 2916 tt'e
242 2872 373 2936 neufraqrit,
383 2875 447 2922 unde
456 2875 556 2938 Scaliger
571 2876 633 2936 conj.
645 2872 770 2937 mefiupe.
786 2871 833 2918 Sed
844 2883 936 2934 praestat
947 2869 985 2917 vel
999 2873 1032 2917 aie
1042 2873 1154 2920 Bembina
1167 2875 1245 2926 lectio,

197 2939 313 3006 neeffmpet
326 2953 422 2990 oueotm
433 2947 511 2995 Petet.
517 2948 594 3009 fluctu
606 2957 630 2991 et
644 2945 693 3008 ipae
705 2942 789 3006 probat
803 2944 882 2988 licina.
897 2954 920 2988 et
932 2942 994 3002 conj.
1008 2939 1066 2985 mele
1081 2943 1201 3012 neusinqa.
1214 2975 1247 2986 .-

199 3011 252 3074 357.
270 3015 329 3061 Hinc
342 3015 383 3062 elii
397 3019 474 3064 aidum
486 3018 577 3064 Aldina.
590 3019 640 3064 Hoc
652 3016 693 3062 elii
704 3015 820 3070 assidunt,
832 3013 869 3061 tel
881 3029 905 3060 ae
919 3014 975 3058 dent
984 3014 1046 3076 conj.
1060 3014 1140 3062 Heius.
1151 3043 1183 3054 -
1194 3019 1247 3069 350.

199 3087 320 3132 Hem...
336 3103 419 3135 omrtet.
431 3091 503 3136 Tetut
519 3105 599 3136 vertet
614 3089 683 3135 ludua
700 3101 734 3134 ett
745 3087 859 3142 hominia,
874 3088 914 3148 qui
934 3087 1078 3148 tuperiorern
1092 3103 1183 3135 vertere
1196 3090 1247 3140 aliia

198 3156 275 3203 verhit
287 3159 409 3206 reddebat.
422 3177 451 3206 m.
465 3163 570 3207 meismet
581 3177 599 3207 t.
613 3161 693 3208 lleint.
709 3160 772 3221 conj.
785 3157 822 3204 vel
836 3156 948 3203 irueduttt.
959 3180 990 3190 -
1002 3155 1054 3216 359.
1069 3159 1168 3206 Sensut:
1186 3163 1246 3221 Quot

200 3243 277 3274 omnes
288 3231 359 3275 Roma
369 3235 475 3294 suscipit,
486 3231 524 3278 rel
535 3247 579 3294 pro
591 3235 704 3294 tutcepit‚
714 3245 814 3294 querunt
823 3243 908 3290 pererra
919 3229 964 3272 luit
973 3227 1056 3280 homa,
1070 3226 1107 3273 vel
1118 3246 1161 3292 pro
1171 3245 1247 3294 tenet,

200 3297 279 3345 hehet.
292 3298 337 3344 Alii
348 3303 479 3363 accipiunt,
488 3304 584 3363 tutcipit
593 3304 617 3348 in
628 3317 751 3348 numerum
764 3302 898 3363 principum
907 3301 1010 3344 virorum
1021 3310 1123 3342 suorum.
1134 3301 1182 3347 Nec
1193 3320 1250 3365 prae-

200 3383 246 3420 ttat
256 3370 348 3432 legere:
360 3375 464 3436 suspicit,
478 3375 581 3418 miratur.
593 3374 643 3420 lloc
655 3388 732 3420 tamen
742 3373 804 3432 conj.
818 3371 889 3416 lleint
904 3380 928 3415 et
937 3369 955 3414 F
956 3369 1047 3412 rictum·
1058 3369 1112 3414 Post
1124 3369 1186 3420 hunc
1197 3394 1250 3424 ver-

201 3459 252 3490 tum
266 3441 369 3506 Scaliger
384 3458 417 3490 vt.
435 3443 479 3490 368
495 3445 551 3490 Jure
570 3446 637 3508 t'qitur
656 3453 671 3489 t.
688 3443 792 3490 retrahit.
806 3441 900 3486 -360.
917 3435 1028 3484 (introitio
1044 3439 1110 3486 Vett-
1132 3446 1195 3506 opud
1211 3449 1248 3496 Jo.

201 3513 424 3562 achineae-361.
437 3533 459 3560 tt.
470 3533 500 3561 m.
512 3532 554 3580 per
566 3531 638 3560 oevum
650 3527 706 3562 vett.
717 3513 787 3567 edd..
800 3514 869 3558 etiam
881 3510 978 3564 Aldina
993 3509 1055 3556 unde
1070 3525 1146 3574 patet,
1163 3517 1246 3565 Camil·

203 3585 250 3634 lum
262 3588 435 3652 interpolatorit
448 3605 520 3636 mann
534 3591 662 3652 irreptiate.
680 3587 723 3632 Mt.
739 3583 836 3632 llelmtt.
848 3601 871 3629 tt.
889 3600 919 3629 m.
938 3580 1026 3628 Metelli
1036 3580 1142 3646 legebat:
1153 3600 1176 3635 et
1185 3589 1248 3640 hune

200 3673 294 3706 vertum
304 3661 419 3721 superiori
430 3660 591 3722 preminebat.
605 3660 670 3705 Vota.
684 3669 708 3703 et
719 3658 797 3702 Petat.
809 3664 869 3702 mota
882 3653 953 3700 Melli.
965 3655 1060 3718 ltaque,
1072 3657 1136 3720 quod
1147 3661 1249 3726 Scaliger

201 3733 250 3794 jam
264 3729 332 3786 lecit,
342 3731 476 3794 iungenda:
489 3732 533 3777 Hic
544 3741 567 3776 et
573 3731 642 3795 seme
652 3739 715 3775 vetus
726 3725 815 3773 nullum
827 3729 834 3788 l
844 3741 897 3772 nam
906 3728 938 3773 tic
952 3723 998 3787 leg.
1009 3741 1053 3787 pre
1063 3733 1192 3791 nunquam]
1202 3749 1250 3778 mo-

203 3807 276 3850 ritum
282 3819 328 3866 prr
337 3819 410 3850 oevttm
414 3839 422 3861 ,
435 3805 526 3850 Curit'us
537 3821 544 3850 :
555 3817 582 3850 ut
593 3807 643 3866 ipte
657 3803 752 3848 Curtiut
761 3803 790 3846 ait
803 3797 881 3852 tritt,
893 3797 952 3844 lama
963 3809 1041 3853 vetut,
1052 3811 1107 3845 nota
1121 3799 1249 3866 elegantia:

205 3873 245 3920 tal
259 3871 339 3934 μῦθος
355 3871 454 3925 παλαιὸς
466 3870 476 3922 ὅ
487 3872 599 3938 Κούρτιος.
614 3877 692 3922 lleint.
708 3886 785 3919 tamen
802 3887 847 3918 em.
862 3871 906 3916 Hie
915 3869 983 3934 fame
999 3879 1022 3914 et
1035 3875 1123 3917 veteris.
1133 3899 1163 3908 —
1173 3873 1252 3921 tom

204 3947 283 3994 mediis
298 3945 394 4004 Aldina;
412 3950 492 4012 sieque
508 3947 617 3995 emendet
634 3945 744 4008 Scaliger.
762 3942 878 4008 Equidem
895 3941 1003 3990 desidero
1021 3944 1045 3986 itt
1061 3941 1145 3987 medie.
1155 3969 1177 3980 -
1197 3945 1249 3992 363.

241 4093 302 4167 357.
310 4097 388 4151 Nune
399 4097 495 4158 heroet
505 4097 662 4165 Rotnani,h.
675 4117 698 4156 e.
709 4097 849 4154 elerittimi
859 4096 921 4162 tiri,
930 4103 1109 4146 memorentur
1116 4093 1143 4144 in
1151 4085 1248 4165 Elysio}
