2964 4690
373 403 423 468 IN
448 392 836 466 GEORGICORUM
861 397 953 462 ΗΒ.
979 399 1004 462 1.
1147 393 1209 464 361

163 537 268 608 paret,
287 527 341 610 qui
358 527 420 585 sint
437 523 535 596 venti,
557 521 610 602 qui
629 539 744 594 mores,
764 516 847 599 quod
865 519 1027 600 ingenium
1045 518 1116 578 oceli
1133 515 1213 601 ejus;

164 614 295 688 deinde,
307 615 361 696 qui
375 613 476 672 cultus
489 624 520 672 et
533 609 657 670 habitus
670 607 798 669 illorum
810 604 967 682 locorum,
983 607 1015 668 id
1029 619 1087 683 est,
1101 619 1137 666 ut
1148 627 1213 666 sese

164 697 303 760 habeant
323 700 377 760 itta
395 700 466 759 loca
489 717 559 779 quae
579 694 710 768 manda,
729 707 827 774 utque
848 692 982 753 debeant
1000 693 1060 754 coii
1078 717 1085 754 r
1105 695 1212 769 tertio,

164 788 245 871 quid
258 789 336 850 ferat
348 808 479 872 qumque
494 789 596 868 regio,
611 785 687 868 quid
703 805 768 844 non
781 783 870 844 ferat.

208 875 255 952 54.
272 879 441 939 Occasione
458 875 658 959 praeccdentis
671 873 816 955 praecepti
831 874 988 933 consumit
999 893 1102 934 versus
1115 893 1164 934 sex
1179 873 1213 932 in

162 968 384 1028 enumerandis
397 969 490 1026 variis
502 979 654 1026 terrarum
667 962 824 1037 moribus,
838 963 941 1044 primo
954 964 1139 1042 generatim,
1161 961 1214 1020 de·

159 1057 236 1117 inde
248 1059 404 1138 speciatim
416 1079 423 1114 ι
437 1057 621 1138 generatim
637 1073 711 1113 nam
721 1065 793 1112 sunt
802 1064 891 1112 terrae
900 1072 965 1132 prae
976 1051 1046 1112 aliis
1057 1049 1211 1110 feliciores
1282 1039 1286 1064 '

163 1145 201 1203 in
215 1145 350 1206 ferendis
363 1143 533 1226 segetibus,
553 1145 637 1217 uvis,
659 1139 813 1200 fructibus
827 1137 991 1212 arborum,
1005 1136 1214 1219 graminibus,

162 1233 295 1315 aliisque
308 1233 426 1306 herbis,
439 1251 508 1314 quae
522 1234 679 1292 virescunt
692 1227 780 1289 nulla
795 1227 934 1287 coitura:
948 1227 1124 1309 speciatim
1138 1243 1212 1284 nam

162 1415 302 1490 exempla,
315 1435 439 1490 novaque
452 1437 509 1489 qua
524 1417 669 1469 tentaveri-
712 1415 852 1466 Maronem
871 1413 1026 1467 censimum
1046 1420 1130 1462 vatem
1152 1406 1216 1460 ideo

162 1513 223 1547 mus
236 1497 425 1567 experimenta,
440 1519 450 1542 ι
466 1497 497 1550 V.
511 1499 542 1549 G.
714 1495 851 1567 appellat,
874 1505 900 1546 ct
924 1507 1051 1564 tanquam
1076 1489 1214 1542 oraculum

201 1573 243 1627 5¹.
263 1575 365 1628 Ventos.
385 1575 456 1643 Quia
472 1573 584 1628 diversis
601 1573 668 1628 iocis
713 1573 807 1626 laudat
819 1587 981 1646 preceptum
991 1571 1126 1634 Maronis,
1141 1567 1215 1640 quod

163 1653 262 1706 diversi
275 1655 420 1726 praevaient
432 1657 511 1706 renti.
522 1655 554 1705 Et
564 1653 615 1705 hoc
628 1652 669 1705 di·
712 1655 799 1706 tribus
807 1653 927 1706 versibus
937 1653 984 1718 51,
996 1654 1043 1718 52,
1055 1663 1080 1704 et
1091 1649 1140 1717 53,
1151 1667 1215 1701 con·

163 1735 215 1795 cit;
237 1733 319 1787 debes
338 1735 422 1801 scire,
447 1737 489 1786 cui
508 1749 587 1788 vento
605 1753 668 1808 ager
713 1735 919 1787 tinetur.Emm.

163 1811 310 1882 subjaceat.
322 1843 356 1852 -
372 1813 480 1867 Varium
494 1813 552 1866 coeit'
563 1813 668 1886 proedr's-
748 1812 791 1880 54.
802 1813 854 1865 Hic
864 1823 967 1888 repetes,
984 1811 1039 1865 ittic
1053 1810 1161 1863 veniunt
1168 1807 1214 1880 sc-

163 1909 220 1943 cere
231 1909 337 1944 morem.
354 1891 383 1944 ld
396 1905 449 1958 est,
463 1896 540 1945 aeris.
558 1893 664 1944 Lucret.
713 1891 786 1944 licius
796 1909 861 1946 uvoe.
873 1891 906 1959 Q.
916 1893 1044 1944 Varronis
1059 1889 1093 1942 de
1105 1890 1134 1941 R.
1148 1889 1178 1940 lt.
1187 1887 1213 1952 i,

163 1971 280 2039 IV,133:
290 1973 317 2023 ιἰι
328 1973 664 2047 hoccoeloquidicitoraer.
712 1989 743 2043 7:
757 1973 818 2027 Non
835 1973 904 2024 enim
919 1971 1008 2024 eadem
1024 1970 1112 2022 omnio
1127 1968 1154 2019 in
1169 1985 1214 2018 eo·

162 2049 666 2124 Ethocdicit5debesetiamcaeiiqua-
711 2051 769 2104 dem
788 2071 850 2126 apro
870 2063 935 2104 recte
955 2061 1082 2123 possunt5
1105 2067 1166 2100 nam
1186 2057 1217 2098 ut

161 2128 264 2182 litatem
277 2148 370 2193 nosse;
384 2145 473 2183 utrum
488 2131 585 2203 pluviis
598 2151 665 2203 gau·
711 2131 778 2184 alius
791 2144 828 2184 est
840 2131 875 2182 od
893 2131 970 2183 uitem
987 2129 1132 2203 appositum,
1148 2125 1215 2178 attus

162 2207 240 2277 dest,
253 2229 286 2262 an
298 2222 407 2282 tepore,
420 2212 462 2262 vei
475 2212 583 2283 frigore.
593 2212 664 2264 Serv.
712 2211 747 2262 ad
754 2212 936 2283 frumentum,
951 2211 987 2261 sic
1000 2211 1031 2260 dc
1040 2209 1134 2261 coeteris
1147 2206 1216 2258 attus

162 2317 198 2329 -
210 2291 238 2341 in
253 2289 413 2361 quibusdam
425 2291 579 2343 Columellas
592 2290 666 2342 codi-
712 2291 747 2341 od
755 2291 836 2342 aliam
850 2309 910 2341 rem.
922 2287 1121 2340 Attendendunr
1134 2287 1214 2358 igitur

163 2367 238 2420 cibus
258 2369 355 2441 iegitur
371 2371 523 2442 proprium,
541 2371 602 2421 ioco
621 2389 666 2420 oa·
713 2367 805 2433 adid,
821 2367 894 2439 quod
908 2367 1024 2439 spondet
1037 2364 1087 2418 soli
1102 2377 1213 2430 natura,

162 2447 245 2509 rium,·
258 2449 305 2499 sed
317 2448 378 2508 hoc,
388 2462 416 2500 ut
428 2449 542 2513 videtur,
553 2467 568 2500 e
578 2448 667 2520 glossa
713 2458 739 2498 et
756 2447 853 2517 quibus
870 2444 987 2498 ferendis
1004 2443 1127 2517 frugibus
1142 2455 1214 2496 terra

162 2528 325 2598 insequentis
336 2528 410 2580 verbi
420 2528 518 2599 patrios
527 2527 554 2579 in
568 2539 666 2580 textum
713 2529 814 2597 optime
832 2527 865 2578 sit
882 2525 995 2588 idonea;
1014 2537 1042 2576 ut
1058 2524 1167 2576 Salmas.
1186 2523 1213 2573 in

162 2607 278 2680 irrepsit.
579 2615 584 2630 ¹
712 2608 778 2660 Ptin.
793 2611 906 2670 exercit;
921 2607 1036 2660 adhunc
1047 2623 1152 2658 sensum
1161 2605 1217 2656 Mt-

199 2689 242 2742 52.
256 2690 358 2742 Patrios
369 2690 503 2764 cultusque
517 2690 667 2764 dabimsque
711 2691 794 2742 runis.
808 2709 835 2761 p.
851 2689 1007 2761 173.Emm.

162 2765 285 2820 iocorum.
297 2769 369 2821 Duas
382 2787 423 2821 res
435 2769 516 2822 dicit:
527 2768 664 2822 sciendum
748 2769 791 2823 55.
808 2769 914 2821 Arborei
926 2768 1009 2841 fotus
1024 2768 1094 2820 alibi.
1110 2767 1140 2819 ld
1157 2777 1212 2833 est,

162 2861 215 2914 est,
228 2861 254 2900 et
267 2849 493 2920 quemadmodum
508 2868 571 2921 ager
583 2867 599 2900 a
609 2865 666 2899 ma·
710 2868 800 2922 poma.
814 2849 846 2900 Et
858 2848 999 2901 arboreum
1013 2847 1096 2918 aliqui
1106 2846 1212 2899 duobus

160 2929 264 2998 juribus
278 2929 365 2981 cultus
383 2931 433 2996 rit,
448 2943 474 2982 et
492 2929 556 3002 quid
571 2929 665 2981 meiius
711 2931 799 2982 modis
819 2931 976 3002 accipiunt:
1000 2927 1077 2981 alitor
1095 2929 1164 2979 enim
1185 2929 1213 2977 in

163 3007 232 3059 ferre
243 3011 426 3070 consueverit;
440 3025 502 3060 nam
516 3009 616 3060 habitus
625 3008 666 3058 Ιο-
711 3009 821 3062 AEneide
832 3008 865 3060 de
876 3007 945 3074 telo,
959 3009 1061 3082 irpeas,
1072 3006 1211 3059 ardor-eom.

164 3103 271 3149 corum,
290 3087 481 3156 possibilitates
495 3087 538 3138 vel
555 3099 664 3138 naturas
711 3087 885 3150 Cornificius,
903 3085 1011 3159 estfolio
1026 3103 1084 3157 quoe
1093 3085 1216 3157 fmpidrts

164 3167 345 3236 accipiamus:
362 3183 428 3235 quus
442 3165 525 3215 Gracci
544 3163 588 3219 rtis
607 3165 665 3230 ἶξιις
710 3169 818 3220 arbonis
828 3167 941 3240 reymina
953 3155 1105 3238 qiqnum'ur,
1116 3191 1151 3202 ...
1162 3163 1217 3214 Aa.

164 3243 263 3296 dicunt.
286 3245 338 3296 Atii
355 3245 453 3316 patrios
471 3243 606 3296 naturales
622 3261 665 3296 ex·
711 3247 864 3318 queinjussa
879 3245 1006 3296 virescunt
1020 3242 1154 3294 Gramina.
1165 3242 1214 3294 Be·

164 3336 277 3397 ponunt.
290 3325 358 3376 Serv.
710 3343 744 3376 ne
761 3325 875 3396 injussa:
891 3341 952 3373 nam
971 3323 1106 3372 frumenta
1124 3319 1213 3372 studio

200 3403 241 3457 53.
257 3404 294 3456 Et
306 3403 371 3476 quid
385 3419 492 3476 pureque
500 3402 574 3475 ferat
586 3403 663 3474 sepio.
708 3405 784 3473 jussa
794 3414 949 3454 nascuntur.
963 3399 1040 3452 Unde
1055 3413 1111 3452 est:
1127 3401 1215 3474 Atque

164 3487 225 3538 Non
238 3485 324 3536 omnis
336 3483 415 3535 telius
427 3485 517 3536 onrnia
528 3483 596 3544 ιιι-ις
609 3481 664 3548 vei,
712 3485 822 3555 imperor
833 3481 908 3534 orvis.
925 3481 957 3532 Et
976 3499 1047 3532 nunc
1066 3478 1110 3531 irio
1129 3499 1211 3533 uuum

164 3579 191 3617 ut
200 3567 311 3629 Noster,
323 3564 371 3617 Ge.
382 3564 404 3616 il
414 3602 422 3626 ,
434 3580 498 3632 109:
514 3563 591 3614 «Nec
600 3580 665 3614 vero
713 3561 776 3615 alibi
789 3561 880 3624 deest,
893 3573 922 3612 ut
933 3558 995 3612 fiat:
1006 3559 1092 3631 Atque
1100 3559 1164 3612 atita·
1173 3561 1214 3613 io-

162 3647 313 3699 tam-referre
322 3663 414 3696 omncs
423 3645 660 3716 omniapossunt.»
701 3645 774 3717 jusso
785 3641 911 3693 virescunt
917 3640 1047 3714 promitto.
1058 3639 1130 3692 Serv.

161 3727 258 3780 Verum
267 3739 306 3778 est
316 3725 397 3789 iilud,
406 3723 479 3795 quod
487 3724 553 3776 Piin.
564 3724 649 3775 xvttt
654 3759 662 3786 ‚
744 3720 787 3772 56.
805 3721 901 3772 Nonne
916 3719 992 3772 vides.
1005 3719 1060 3769 Aut
1073 3719 1212 3773 Mucenoti

165 3809 209 3870 18;
224 3807 354 3859 affirmat:
367 3806 400 3857 Ιιι
412 3806 485 3857 omni
494 3804 598 3876 quidem
604 3820 664 3876 por-
709 3799 790 3866 dicit,
807 3811 853 3852 aut
867 3801 956 3871 potius
969 3799 1082 3863 rustico,
1096 3810 1122 3849 et
1134 3817 1212 3871 argu·

163 3895 185 3938 te
193 3886 309 3951 cultum,
317 3885 360 3939 sed
369 3886 396 3936 in
405 3884 453 3936 hac
461 3884 576 3956 quidm,
583 3884 664 3936 moxi·
709 3891 843 3933 mentatur
855 3882 931 3951 quasi
940 3879 993 3931 hoc
1004 3879 1112 3940 dicem
1125 3881 1147 3931 si
1157 3893 1212 3930 una

163 3982 203 4016 me
212 3965 280 4017 vaiet
288 3964 422 4025 oraculum
433 3961 585 4034 illudrquid
594 3979 662 4035 qooe·
707 3962 848 4033 provincia
858 3961 929 4014 ferre
941 3977 995 4011 uon
1008 3969 1096 4031 potest
1107 3960 1211 4024 omnio,

163 4061 211 4122 quc
226 4045 294 4116 renio
311 4046 434 4117 potiatur.
456 4041 559 4095 Colum.
580 4043 609 4108 i,
630 4043 661 4108 4,
709 4051 809 4112 quanto
823 4043 907 4114 magis
919 4057 987 4093 unus
1000 4039 1160 4113 ageriSeru.
