2918 4682
309 368 360 431 in
385 358 774 430 enonemouuu
796 361 889 428 nus.
915 365 964 429 11.
1093 372 1159 460 479

74 493 187 552 forte
212 507 250 551 ex
269 490 391 552 incuria
410 499 571 569 pasterum
590 482 669 546 solet
686 483 841 577 excidere,
859 488 999 569 prunum
1014 495 1163 556 omnim

80 577 324 661 apprehendit
337 577 465 638 oleastri
481 575 572 634 unius
584 576 749 649 corticem,
765 577 940 658 tegiturque
951 577 1057 655 ibi,ae
1066 585 1159 660 vivit,

80 682 128 730 ut
153 671 197 728 in
216 670 348 730 materia
366 667 492 749 pingui,
511 662 626 724 deintle
646 663 781 724 elabitur
799 667 957 748 serpitque
978 671 1010 730 in
1032 671 1159 736 frondes

83 757 206 828 altas,
220 756 346 838 editque
358 773 487 836 magnos
499 753 652 834 crepitus:
670 753 763 814 tertio
774 773 810 812 er
822 753 987 818 frondibus
1001 759 1041 819 ad
1056 783 1162 824 ramos

84 848 256 928 sequitur
266 848 385 908 victrici
396 845 537 917 ilamma,
550 855 725 924 regnatque
735 844 767 904 'm
781 844 848 925 ipse
859 849 1037 908 caelestiae:
1047 867 1162 931 quarto

89 949 267 1017 occupata
280 933 347 1016 jam
359 933 443 994 laune
458 933 490 994 in
508 931 639 993 modum
654 953 716 992 uua
732 929 858 1008 arbore,
874 935 1049 997 transvolat
1062 939 1100 999 ad
1115 955 1163 1002 to·

88 1039 177 1086 tum
195 1047 319 1102 nemus,
340 1023 480 1105 illudque
495 1020 629 1082 involvit
643 1022 786 1102 ignibus3
799 1037 828 1083 et
841 1026 918 1102 ruit,
930 1025 961 1085 id
975 1041 1033 1102 est,
1049 1033 1162 1110 egerit,

90 1116 292 1194 emittitque
312 1112 461 1193 usquead
476 1109 587 1172 caelum
601 1125 701 1172 atram
716 1113 834 1173 nubem
848 1111 943 1189 fumi,
962 1135 1082 1178 crassus
1096 1119 1163 1202 ipse

93 1222 139 1260 ex
156 1201 297 1281 ealigine
313 1203 408 1282 picea.

144 1290 224 1350 310.
244 1288 353 1363 Addit,
372 1287 431 1350 boc
451 1285 633 1348 incendium
651 1284 749 1346 dirius
767 1306 832 1346 esse
845 1287 958 1364 solere,
978 1290 1005 1348 si
1024 1303 1098 1350 tuuc
1114 1292 1162 1352 in·

96 1376 974 1458 eumbantsylvi.»flatusvehementissimi,ettempestas
986 1393 1163 1456 ventorum,

97 1480 134 1525 et
154 1465 227 1526 baec
242 1468 400 1539 avertice,
416 1464 520 1540 idest,
535 1485 688 1546 superne:
703 1479 777 1524 tunc
789 1466 875 1526 enim
886 1479 998 1525 ventus
1012 1465 1164 1546 glomere·

99 1554 173 1624 bit,
192 1555 332 1636 feretque
345 1556 489 1616 incendia
502 1557 535 1614 in
547 1575 674 1616 ornnem
686 1567 822 1636 pattem3
838 1567 932 1636 atque
945 1553 1022 1615 adeo
1035 1558 1164 1618 vastita-

99 1656 174 1701 tem
191 1645 296 1702 vineto
310 1643 437 1702 afferet:
455 1664 529 1702 natu
540 1644 682 1724 quamvis
698 1644 840 1704 vinetum
854 1641 1004 1704 humilius
1016 1645 1057 1704 sit
1069 1644 1163 1722 oleis,

33 1737 34 1812 J
103 1745 222 1790 tamen
236 1751 332 1811 quum
347 1751 481 1812 superne
492 1745 603 1792 ventus
618 1732 797 1806 incumbat,
809 1729 969 1813 dissipabit
982 1729 1165 1792 incendium

104 1821 142 1888 in
160 1835 267 1901 partes·
279 1822 371 1882 etiam
387 1821 551 1895 demissas,
569 1835 599 1882 et
616 1822 925 1903 corripienturvites.
945 1823 1018 1882 Hee
1029 1842 1103 1903 ergo
1116 1831 1166 1884 est

106 1927 239 1984 caussa,
251 1931 306 1970 eur
319 1931 381 1970 non
395 1909 531 1970 debeam
542 1910 667 1972 oleastri
683 1909 798 1969 vitibus
811 1909 960 1970 interseri.

153 1997 225 2058 312.
235 2000 372 2060 Tantum
383 1997 462 2058 dicit
472 2013 576 2081 poeta,
586 1995 885 2060 ubibaeccalamitas
895 1995 1165 2076 eontigerielore,

33 2075 34 2086 ¹
107 2088 158 2145 uti
173 2089 251 2148 vites
261 2110 344 2150 ctesae
354 2104 417 2148 tam
429 2090 515 2168 graui
527 2087 744 2163 incommodo,
754 2101 912 2168 nequeant
920 2088 1035 2148 iterum
1043 2087 1167 2162 reverti,

33 2159 36 2196 ³
109 2191 274 2256 nequeant
287 2179 469 2238 revirescere
482 2179 513 2235 in
527 2179 694 2260 pristinam
706 2175 966 2238 similitudinem:
981 2177 1086 2257 itaque
1100 2187 1168 2234 tau·

106 2275 183 2321 tum
198 2280 309 2326 terram
323 2265 411 2326 illam
423 2265 628 2348 possidebunt
640 2265 764 2325 oleastri
779 2263 929 2324 infelices.

154 2351 222 2412 315.
236 2357 291 2416 Est
301 2355 366 2434 jam
379 2370 479 2437 poette
495 2375 597 2416 sermo
610 2354 650 2416 de
662 2369 817 2437 tempore,
832 2374 896 2435 quo
912 2355 988 2413 vites
1000 2373 1166 2412 conseren·
1182 2387 1191 2408 .

34 2499 35 2508 ,
114 2435 181 2509 δίθς
203 2441 321 2520 aitque,
341 2463 405 2502 non
418 2442 680 2504 commovendam
693 2457 823 2516 terram,
843 2461 940 2522 quum
954 2461 990 2500 ea
1005 2455 1050 2500 est
1065 2437 1168 2520 rigida

116 2522 160 2584 ab
174 2527 309 2606 spirante
323 2532 435 2606 Borea,
452 2533 545 2592 etiam
561 2533 587 2592 si
602 2530 864 2614 prudentissimus
879 2529 1013 2610 quisque
1026 2525 1088 2586 boe
1100 2545 1169 2607 per·

117 2613 258 2675 suadeat.
278 2617 373 2678 Addit
388 2622 558 2697 rationem,
574 2623 647 2703 quia
668 2636 742 2682 tunc
758 2619 868 2702 hyems
888 2616 1006 2678 claudit
1022 2636 1094 2675 rura
1109 2617 1170 2674 im·

157 2801 217 2854 308.
232 2805 268 2854 Et
284 2817 365 2858 totum
382 2806 494 2860 involvit
500 2809 622 2886 flammis
667 2810 767 2864 teutior
779 2820 805 2860 et
815 2807 933 2860 atrocior
945 2804 1072 2866 infertur,
1086 2820 1145 2873 quse
1155 2821 1173 2855 ι

123 2899 219 2933 uenus.
230 2883 336 2936 Homer.
349 2885 425 2938 lliad.
437 2889 473 2946 ΙΙ,
485 2891 523 2940 sie
530 2890 620 2960 pri0r=
667 2892 780 2954 vertice,
790 2887 818 2939 id
828 2901 882 2952 est,
895 2903 1024 2956 superne,
1036 2896 1066 2934 at
1076 2884 1134 2934 AEu.
1146 2885 1172 2948 1,

122 2957 169 3022 πῧς
190 2959 280 3012 didatus
304 2961 540 3030 iraats'yu'imuu
559 2967 621 3022 datr.
672 2971 735 3034 1183
756 2968 845 3040 inquis
858 2987 875 3016 a
889 2965 981 3016 uertice
993 2973 1102 3034 pontus,
1125 2962 1172 3014 de·

123 3041 174 3091 Par
185 3040 336 3096 incendium
346 3043 429 3098 babes
440 3047 466 3096 iu
477 3045 552 3106 lliad.
565 3047 621 3098 xx.
666 3053 739 3121 jecta
755 3060 809 3112 est,
828 3059 855 3097 et
869 3046 1005 3116 eleganter
1017 3042 1116 3092 dicitur
1128 3043 1172 3093 in-

128 3148 161 3158 —
172 3121 205 3170 Et
216 3121 267 3172 tuit
276 3133 369 3174 atram.
389 3125 493 3196 Egerit,
513 3128 623 3193 emittit,
669 3129 797 3192 cumbere,
810 3144 893 3196 quum
903 3125 1019 3194 desuper
1028 3123 1126 3172 veniat.

128 3211 154 3250 ct
176 3219 250 3254 ruera
271 3203 361 3254 facit:
384 3221 446 3256 uam
469 3203 551 3256 mede
573 3207 626 3258 ruit
704 3207 763 3261 315.
777 3207 833 3257 Nee
847 3204 892 3255 tibi
909 3214 961 3252 tam
977 3201 1174 3273 pntdensqut's-

130 3283 226 3352 agentis
240 3297 287 3336 est.
300 3285 370 3336 Serv.
669 3307 757 3362 quam.
770 3287 841 3337 Dicit
852 3303 906 3356 quo
917 3295 1038 3353 tempore
1049 3282 1116 3332 sites
1124 3299 1174 3352 pu·

164 3361 220 3414 310.
230 3363 402 3416 Proeseru'mu‘
409 3373 565 3435 tempestate
574 3383 627 3416 vet-
669 3367 763 3420 neutlae
774 3367 840 3425 πίοις
853 3377 879 3416 et
889 3363 986 3434 probat
997 3361 1174 3415 tolerabiliter

132 3441 183 3492 tt'ce.
192 3443 418 3512 NegatVietorius
428 3443 512 3496 Servii
521 3456 627 3496 senten·
672 3459 818 3508 autumno,
831 3443 928 3496 melius
936 3458 1018 3494 verno
1028 3463 1034 3491 ε
1046 3459 1106 3492 uam
1118 3441 1175 3495 die·

132 3523 191 3574 tiam
204 3521 312 3576 delendi
325 3542 419 3594 pesse,
438 3535 469 3574 ut
486 3543 503 3574 a
520 3523 626 3588 uenies,
672 3541 761 3590 turus,
779 3523 906 3578 Verudeo
916 3521 1011 3594 fmudt'
1024 3539 1174 3588 nemorum,

134 3603 164 3654 ab
177 3603 307 3673 Aquilone
320 3605 501 3674 accipiamus:
518 3602 565 3656 sed
578 3621 627 3673 po-
674 3627 714 3659 uer
726 3605 791 3658 utile
803 3605 881 3658 siluis.
896 3605 967 3656 Serv.

135 3686 181 3734 tius
194 3703 242 3755 pro
257 3703 289 3736 co
308 3684 382 3755 quod
398 3696 438 3738 est
456 3703 472 3738 a
489 3684 628 3756 superiore
697 3683 900 3758 317.Buru9elu
910 3681 1077 3734 macclautlit
1084 3681 1172 3736 biems.

136 3765 187 3818 eali
197 3779 287 3836 parte,
299 3766 341 3820 vel
351 3767 483 3838 stirpium.
497 3765 589 3830 Certe,
599 3777 629 3816 ut
674 3767 742 3818 lluic
751 3765 881 3816 locutioni
889 3764 1002 3834 opponit
1010 3775 1114 3834 postea,
1123 3763 1175 3814 La-

136 3865 173 3897 me
185 3847 294 3898 Victorii
305 3845 426 3917 partibus
438 3844 598 3916 adjungam,
613 3865 629 3898 a
675 3855 742 3896 :atat
750 3843 897 3896 arretinus
905 3841 990 3894 Cicer.
997 3843 1111 3912 opponit
1121 3859 1178 3892 ver·

141 3928 233 3986 venue,
255 3926 283 3980 id
305 3927 461 3998 simpliciter
480 3925 630 3998 siguificare
675 3924 712 3976 ba
721 3924 872 3995 comprimo,
882 3921 1060 3986 reluso;l.lV,
1068 3921 1101 3973 de
1110 3922 1177 3992 Rep.

140 4011 210 4070 puto,
223 4006 297 4070 quod
309 4007 408 4060 Granis
420 4005 472 4060 ω’
487 4005 566 4074 ἅψις.
677 4003 750 4076 apud
764 4005 853 4054 Noua.
873 4003 1036 4072 uQuumqae
1049 4015 1177 4052 autumno

173 4079 198 4130 31
206 4095 227 4132 ι.
241 4081 370 4134 Incubuit.
381 4083 537 4154 Tempestas
549 4087 633 4155 impo-
682 4109 693 4132 ιι
704 4097 789 4136 terras
798 4081 833 4133 ad
840 4080 1030 4150 concipiendas
1036 4079 1125 4151 fruges
1133 4095 1178 4149 pa·
