3000 4674
470 381 521 448 lli
545 378 899 446 [sacocumvu.
1141 383 1203 458 30¹3

170 527 237 568 sure
255 503 418 590 paululum
437 518 526 586 potes
544 497 585 564 eb
603 500 725 576 labore,
746 501 780 560 in
798 519 892 583 quem
910 512 1019 563 nutura
1039 514 1083 582 te,
1103 526 1206 592 mens,

169 596 292 656 animus
303 613 423 674 semper
434 590 596 654 inclinant.

214 703 259 743 ιι.
270 684 454 765 Priusquam
466 701 561 762 quern
571 677 737 759 explicem,
749 677 905 759 promitto
915 698 922 735 ι
933 676 1032 740 videri
1042 681 1205 767 Daphnin,

167 787 203 833 et
215 771 397 834 Meliboeam
411 769 515 830 induci
529 783 564 830 ut
578 768 794 840 amicissimos,
810 764 985 848 quibusque
999 769 1099 830 multa
1113 762 1220 836 fuerit'

171 857 394 922 familiaritatis
404 855 612 930 consuetudo,
626 856 667 913 its
681 867 716 914 ut
727 867 834 913 nosset
844 852 920 912 alter
930 855 1066 916 vicissim
1076 878 1124 920 res
1135 863 1209 925 alte·

169 949 235 1008 rius
247 969 254 1006 ι
267 948 373 1028 itaque
384 949 434 1007 vix
443 944 585 1028 Daphnis
597 942 782 1004 Meliboeum
795 941 924 1016 viderat,
937 964 1034 1023 quum
1041 945 1108 1026 jem
1118 951 1209 1012 calle.

169 1029 230 1095 bat
244 1036 371 1096 intimos
387 1036 484 1096 animi
501 1052 652 1095 recessust
671 1029 746 1092 hinc
767 1031 942 1111 procedunt
958 1037 1118 1114 superiora
1140 1039 1208 1115 ille,

170 1141 258 1204 cuper
268 1123 319 1184 tibi
328 1121 439 1198 suiuus,
450 1137 479 1185 et
489 1120 579 1195 hredi,-
591 1121 679 1201 qussi
693 1119 791 1193 dicat,
809 1138 873 1178 non
885 1139 975 1200 caper
986 1119 1102 1198 solum,
1117 1144 1211 1206 quem

168 1223 207 1276 ‚iu
223 1216 349 1293 quaeris,
368 1211 422 1274 sed
441 1209 525 1274 hosdi
540 1229 666 1292 quoque
682 1207 881 1268 deerrarunt:
900 1207 974 1268 hinc
987 1211 1080 1270 etium
1095 1210 1169 1289 illa;
1187 1218 1212 1277 si

172 1299 245 1381 quid
253 1321 360 1362 casare
369 1315 464 1384 potem
482 1301 572 1382 quasi
584 1301 668 1358 intus
680 1311 786 1358 nosset
797 1311 970 1378 pastoremt
985 1318 1059 1380 ergo
1072 1301 1129 1376 uit3
1146 1323 1211 1363 non

172 1401 205 1448 te
223 1387 326 1456 solum
344 1391 430 1471 angit
447 1389 534 1470 capri
555 1387 602 1448 tui
614 1407 709 1462 cura,
728 1385 783 1447 sed
799 1386 1027 1466 juvencorum:
1048 1408 1116 1448 eom
1137 1411 1211 1454 vero

173 1478 278 1553 mitte;
300 1497 373 1539 nem
393 1477 455 1554 illi,
474 1474 646 1551 utsolent,
666 1473 730 1536 huc
746 1473 786 1534 ad
802 1491 914 1556 potum
930 1476 1076 1536 venient:
1096 1497 1162 1540 non
1182 1495 1213 1542 te

173 1577 266 1646 egent
276 1566 420 1644 ductore,
434 1585 499 1634 non
513 1563 643 1626 custode
654 1586 661 1624 ι
672 1585 725 1646 per
732 1575 818 1646 prata
828 1580 886 1636 est,
900 1578 1064 1644 pascentes.

217 1671 262 1712 rs.
275 1653 415 1716 Certatur
428 1665 585 1737 pastorem
599 1649 825 1734 pertraheread
837 1643 989 1731 quietem,
1002 1655 1215 1735 proponitque

174 1734 380 1800 fortissimum
400 1728 665 1802 invitamentum:
689 1739 798 1798 anxius
819 1751 884 1798 eret
907 1736 1071 1798 Meliboeus
1092 1741 1213 1808 animo,

174 1823 273 1888 lessus
284 1849 437 1910 corpore:
455 1828 571 1890 ademit
589 1829 775 1888 auxietatem
793 1827 907 1900 animi,
926 1845 992 1886 rem
1010 1824 1076 1909 ejus
1094 1829 1128 1888 in
1145 1843 1215 1890 tuto

170 1931 240 1972 esse
258 1914 456 1978 testificatuss
471 1917 572 1999 pergit
582 1912 648 1996 jam
663 1912 702 1974 ad
719 1933 851 1996 corpus,
869 1927 904 1974 ut
920 1915 966 1974 sic
981 1913 1110 1974 tandem
1126 1913 1216 1976 illum

175 1997 215 2060 ad
232 2002 368 2082 quietem
379 2004 536 2066 inclinet:
556 2023 630 2085 ergo
646 2023 713 2080 non
729 2005 900 2064 contentus
916 2023 1008 2084 supra
1025 2002 1155 2079 dixisse,
1172 2025 1217 2064 ue·

174 2090 286 2169 quiesce
307 2091 359 2152 sub
381 2091 498 2167 umbre,
516 2113 589 2174 ,quo
614 2112 727 2174 parum
748 2106 851 2152 motus
875 2105 996 2173 pastor,
1020 2090 1109 2151 addit
1131 2111 1216 2152 nunc

174 2175 344 2256 Mincium,
365 2183 498 2243 virentes
516 2179 582 2262 ejus
600 2182 698 2262 ripas,
715 2193 837 2241 teucrus
853 2177 1027 2260 mollesque
1046 2179 1215 2239 arundines

167 2275 250 2326 *tunc
261 2284 499 2344 succrescentes,
513 2267 653 2350 apiculas
665 2281 752 2350 grate
765 2268 945 2328 insonantes
955 2288 972 2326 e
984 2285 1102 2349 quercu
1113 2283 1216 2328 sucro:

177 2369 272 2434 quem
285 2357 345 2414 istu
360 2377 426 2418 non
440 2355 620 2416 moverent?

221 2439 265 2517 riq.
275 2443 383 2505 Multis
394 2465 571 2526 expressum
579 2443 644 2526 jam
655 2455 701 2505 est
708 2441 849 2503 Meliboei
859 2439 1079 2524 ingenium,et
1087 2451 1216 2520 natura:

177 2527 334 2592 indicatur
353 2531 436 2594 enim
457 2533 553 2594 fuisse
572 2551 667 2616 supra
687 2533 817 2593 modum
835 2531 878 2592 rei
897 2552 960 2592 suse
977 2529 1147 2592 sollicitus:
1165 2530 1218 2593 hic

178 2637 251 2700 ergo
270 2619 309 2682 sd
328 2621 489 2704 ingenium
506 2624 652 2699 recurrit,
669 2615 825 2682 sententia
842 2619 920 2682 hac:
938 2621 1002 2680 scio
1020 2621 1052 2680 in
1071 2633 1140 2681 tuto
1156 2642 1219 2682 esse

177 2727 322 2790 caprum,
334 2713 448 2774 intuto
461 2710 582 2788 haedos,
591 2708 745 2793 juvencos
757 2731 842 2773 meos
855 2728 1022 2796 nqnegere
1033 2729 1083 2770 me
1095 2707 1172 2772 duce
1180 2711 1220 2770 ad

176 2807 302 2877 potum,
317 2799 408 2863 video
422 2800 536 2862 deinde
550 2802 801 2864 amoenissimum
817 2797 929 2860 locum
941 2797 979 2858 ed
997 2798 1132 2879 quietem
1146 2821 1154 2857 ε
1168 2800 1220 2859 sed

178 2884 255 2966 quid
269 2887 399 2962 faciam?
414 2893 528 2973 pungit
541 2911 592 2952 me
606 2889 711 2950 denuo
726 2903 801 2949 cure
815 2907 986 2970 agnorum,
998 2887 1053 2968 qui
1068 2885 1188 2968 depulsi
1202 2907 1222 2945 a

177 2971 272 3050 lacte3
288 2997 389 3058 neque
403 2978 505 3040 habeo
522 2980 689 3062 Alcippen,
706 2993 761 3038 aut
774 2975 933 3059 Phyllida,
950 2973 1138 3036 famularum
1155 2973 1220 3034 hoec

179 3075 254 3121 sunt
271 3067 416 3142 nentina,
436 3087 506 3149 quse
523 3067 594 3127 illos
611 3066 698 3127 dorni
717 3063 923 3126 concludant:
942 3061 994 3121 sed
1011 3079 1075 3121 non
1092 3079 1220 3142 possum

178 3165 244 3208 non
256 3153 450 3232 acquiescere
461 3156 536 3229 tuis,
554 3175 573 3214 o
590 3153 728 3236 Daphni,
742 3153 902 3236 precibus,
914 3171 979 3208 non
992 3160 1055 3208 tum
1069 3149 1219 3208 invitatus

179 3239 356 3298 amoenitate
369 3237 445 3318 loci,
460 3262 555 3324 quam
567 3239 652 3323 quod
665 3239 789 3302 videam
804 3237 1018 3322 Corydonem,
1033 3244 1220 3296 certatorem

179 3423 581 3501 sutiutelliqimus,istumetiam
587 3425 679 3487 htedos
723 3439 986 3496 commemoraturus.
997 3424 1050 3478 alii
1061 3422 1154 3478 dicunt
1162 3424 1224 3479 locs

177 3503 343 3576 perdidisse,
358 3507 405 3561 sed
420 3513 537 3564 nescire:
551 3512 624 3584 quod
638 3526 680 3566 sa·
722 3513 783 3584 ipss
792 3521 869 3582 pmtu
874 3506 986 3581 juvenci
999 3505 1138 3578 appellari.
1151 3507 1222 3558 Seru.

179 3583 298 3637 menille
311 3585 680 3656 quasidivinusindicst.Po·
762 3591 801 3658 ri.
829 3589 923 3661 Neque
949 3603 996 3658 epo
1018 3583 1150 3656 Alcippen
1177 3605 1224 3638 nec

179 3674 232 3716 test
242 3675 332 3718 tamen
343 3669 423 3719 etiam
435 3670 520 3734 scire,
533 3670 582 3723 sed
594 3671 678 3724 levius
723 3665 851 3741 Phyllida
875 3667 1010 3719 habebam.
1028 3667 1081 3717 llas
1099 3664 1167 3716 dues
1183 3667 1224 3716 in⁴

179 3739 307 3796 damnum
324 3747 432 3816 majoris
453 3747 679 3822 contemplatione
722 3746 1221 3820 telliqemusamiceseseecantantium.

179 3834 358 3877 contemnere.
370 3825 439 3878 Seru.
653 3813 656 3822 ’
722 3829 791 3882 Nam
804 3825 946 3887 hostheim
967 3843 1016 3878 nec
1033 3823 1163 3894 Alcippen
1176 3823 1223 3892 hau

206 3902 257 3954 .ι3.
271 3897 396 3958 Mincius.
413 3904 529 3960 Florius.
546 3906 680 3980 intellige·
722 3907 836 3970 behem,
849 3905 934 3956 atille
950 3922 957 3954 s
976 3921 1025 3956 nec
1042 3901 1178 3973 Phyllida,
1195 3915 1225 3954 ut
1267 3905 1270 3914 “

179 3998 238 4036 '¹¹⁸⁸
259 3981 418 4056 Venetiam,
443 4004 510 4058 ¹quse
540 4000 580 4040 est
606 3985 681 4042 haud
725 3987 914 4051 alter,sut,ut
925 3983 1045 4054 plerique
1054 3991 1225 4054 putant,no·

180 4057 258 4132 louge
271 4081 286 4115 a
297 4061 412 4132 Mincio,
430 4069 505 4138 cujus
518 4079 558 4122 est
569 4067 678 4122 delicies
723 4085 784 4130 meo
796 4065 898 4120 villice.
907 4064 978 4120 Serv.

252 4147 277 4202 ⁵.
1018 4167 1050 4204 ιο
