2918 4682
342 389 392 451 lu
417 380 800 452 GEORGlCORUM
825 385 916 450 LlB.
942 387 990 452 11.
1121 397 1183 484 499

145 523 180 572 et
191 509 327 570 vestibus
339 531 416 570 auro
428 505 577 590 perfusis,
589 503 636 566 vel
651 505 755 586 potius
767 504 880 580 illusis;
893 529 967 569 narn
981 513 1099 574 vestitae
1112 531 1186 576 sunt

149 619 227 658 auro
236 617 301 660 nan
311 617 369 658 suo
379 595 418 656 ad
429 595 519 656 dolos
531 591 727 654 mortalium:
739 613 841 654 cerere
850 593 921 656 laun
931 617 1090 681 purpureo
1099 604 1186 686 Assy.

148 688 269 746 riorum
281 683 384 746 colore
397 685 541 754 intincta,
555 680 608 742 sed
618 701 688 761 quse
697 701 818 742 merum
828 679 922 743 hebet
931 685 1053 764 fucum,
1065 705 1095 750 et
1105 688 1187 751 frau.

147 773 235 847 dem3
247 795 336 849 nam,
347 794 416 856 quaa
426 772 497 834 alba
507 784 597 832 estex
607 783 732 844 natura,
742 767 847 831 induit
856 769 992 833 colorem
1002 797 1065 837 non
1077 799 1186 839 suum:

149 883 253 922 carere
268 859 355 938 oleo,
373 864 423 924 cui
440 861 591 922 admistus
607 859 760 940 pretiosus
776 857 881 937 liquor
896 863 1001 936 casim,
1019 864 1066 925 rel
1082 871 1186 948 potius

148 951 325 1032 corruptio;
344 971 418 1010 uam
428 948 548 1023 oleum,
567 945 651 1028 quod
664 965 741 1006 exse
752 943 924 1026 liquidum,
945 963 1037 1031 etque
1053 954 1130 1014 utile
1147 957 1186 1016 ad

148 1057 222 1098 usus
239 1059 327 1121 paene
346 1057 470 1112 omnes,
491 1035 704 1116 corrumpitur
724 1046 754 1094 et
770 1032 906 1096 foedetur
923 1040 1112 1100 crassissimo
1131 1063 1188 1104 un-

146 1143 263 1209 guento
275 1128 381 1202 casiae,
395 1148 430 1186 ac
444 1123 573 1208 perinde
586 1125 739 1184 amittitur
751 1121 867 1184 utilitas
881 1123 952 1185 olei.

188 1214 257 1300 467.
272 1217 297 1276 Δ
310 1217 424 1276 civium
439 1215 546 1288 bonis,
566 1211 682 1294 quibus
694 1227 760 1272 tam
775 1211 866 1274 multi
882 1213 949 1275 doli
966 1213 1120 1294 adjuncti,
1139 1240 1186 1280 ex-

145 1307 243 1366 currit
262 1305 301 1366 ad
320 1305 404 1364 bona
424 1301 646 1382 agricolarum,
666 1321 735 1383 quse
757 1301 851 1384 pleno
870 1324 923 1364 ore
944 1303 1060 1365 laudat.
1077 1309 1188 1388 Capita

147 1391 278 1454 laudum
286 1391 525 1452 reducunturad
533 1389 1190 1472 quietem,simplicitatem,abundantiam,

144 1477 390 1558 jucunditatem,
401 1477 629 1560 frugalitatem,
642 1476 836 1559 religionem.
849 1479 962 1538 Carent
971 1476 1065 1539 bonis
1075 1479 1189 1542 aulico·

147 1585 233 1638 rum,
254 1565 309 1626 sed
323 1565 439 1628 habent
453 1567 588 1646 quietem
604 1568 637 1626 in
649 1567 747 1646 agris;
766 1585 838 1626 nam
850 1567 951 1626 securi
964 1579 1037 1626 eunt
1050 1567 1090 1626 ab
1100 1571 1189 1627 omni

147 1647 305 1712 bellorum
323 1654 479 1714 tumultu:
500 1651 618 1714 habent
633 1651 881 1735 simplicitatem,
900 1667 935 1715 ut
955 1655 1009 1735 qui
1030 1657 1189 1714 neminem

148 1739 249 1798 sciant
260 1738 382 1802 fallere:
397 1739 640 1815 abundantiam
653 1761 726 1802 nam
739 1761 847 1802 eorum
860 1741 925 1801 vita
936 1739 1021 1802 dives
1032 1757 1079 1801 est
1090 1745 1190 1803 varia·

148 1845 217 1884 rum
230 1847 347 1908 opum:
358 1828 603 1907 jucunditatem
622 1849 695 1890 nam
710 1842 871 1890 versantur
885 1830 917 1888 in
933 1831 1015 1904 otio,
1032 1830 1112 1890 inter
1123 1850 1190 1911 spe·

147 1911 253 1974 luncae
274 1936 421 1997 agrorum
443 1916 529 1977 mille
553 1915 787 1976 amoenitatibus
808 1916 953 1976 refertae:
976 1917 1084 1976 vident
1104 1919 1189 1978 lacus

146 2002 249 2078 vivos,
267 2025 481 2085 perennceque
499 2026 651 2088 aquarum
672 2006 891 2086 scaturigines:
909 2017 981 2065 eunt
997 2003 1058 2064 illie
1074 2007 1191 2088 Tempe

146 2089 261 2170 frigida
279 2091 444 2172 (intelligit
464 2093 534 2154 loca
551 2095 708 2175 quaepiam
726 2094 936 2152 amoenissima
952 2089 992 2150 ad
1007 2089 1189 2152 oblectatio·

147 2185 251 2254 nem),
265 2179 361 2239 bourn
377 2184 529 2262 mugitus,
547 2183 650 2242 somni
666 2179 706 2239 ab
718 2179 900 2255 arboribus,
915 2183 999 2262 iique
1010 2180 1189 2262 permolles,

146 2267 240 2326 saltus
254 2267 411 2350 lustraque
429 2269 564 2329 ferarum
580 2269 618 2328 ad
634 2271 847 2342 venationem,
865 2287 935 2350 quae
956 2270 1062 2327 omnia
1076 2267 1188 2349 jucun-

145 2355 273 2414 dissima
288 2369 378 2414 sunt:
398 2355 518 2418 babent
533 2355 762 2437 frugalitatem,
781 2375 854 2414 nam
867 2351 1013 2435 juventus
1030 2359 1189 2416 rusticana

133 2501 189 2537 ¹tnr
207 2487 259 2539 boe
278 2488 385 2553 officio,
403 2502 434 2540 ut
451 2492 518 2542 scite
532 2492 591 2542 Jur.
604 2495 643 2557 V,
689 2487 789 2540 dicitur
802 2488 836 2540 ab
848 2505 895 2554 so,
908 2485 982 2558 quod
991 2488 1025 2537 eit
1036 2503 1124 2539 rernm
1134 2507 1190 2540 om·

144 2581 235 2632 ao,et
245 2585 319 2640 seqq.
332 2571 419 2620 Emer.
616 2589 620 2596 ·
688 2565 1188 2638 nimiundamentun,etcopiaefons

174 2647 644 2720 lbl.1nluearpueaumvestie.inqn'e
688 2647 848 2700 uberrimus.
865 2675 900 2688 -·
917 2645 987 2699 letis
1005 2648 1058 2698 otia
1075 2648 1187 2719 fundis:

145 2728 196 2779 bus
204 2728 298 2779 artifex
305 2727 408 2792 ludens,
415 2745 481 2780 aare
488 2727 644 2800 depinxerat
686 2729 824 2800 appositio
836 2726 991 2780 camburtis
1001 2743 1068 2798 quos
1078 2729 1187 2802 cingunt

143 2808 225 2872 lolia,
238 2805 333 2873 flores,
342 2808 469 2860 animalis
478 2820 504 2860 et
514 2827 645 2880 quaeeun-
689 2812 767 2862 muri.
777 2808 895 2878 (Seneca
908 2810 956 2880 up.
970 2809 1031 2878 90.)
1044 2809 1076 2861 V.
1087 2809 1118 2860 G.

143 2905 196 2957 que
215 2887 330 2940 volebat.
348 2888 418 2940 Male
435 2902 522 2942 autera
536 2889 645 2959 φιὶάαω
725 2889 787 2958 469.
796 2887 947 2960 Spelunca,
959 2887 1061 2958 mamus
1070 2886 1148 2940 heus.
1159 2887 1189 2940 ld

143 2965 255 3018 inclusus
270 2967 370 3036 legunt.
380 2968 406 3019 S.
418 2997 453 3008 -
464 2967 646 3040 Ephyreiaque
691 2981 747 3034 est,
759 2968 832 3021 bona
846 2967 995 3032 naturalia,
1011 2983 1065 3017 aon
1079 2970 1147 3018 sieut
1161 2970 1188 3018 in

145 3061 204 3094 era.
217 3043 372 3109 Corinthia,
390 3061 448 3116 quaa
462 3045 646 3100 laudatoriam
691 3046 803 3098 urbibus
815 3046 908 3098 labore
920 3047 1046 3116 quesitaa
1061 3045 1131 3096 unde
1144 3047 1189 3096 Ju-

144 3125 261 3174 Cicero:
281 3143 342 3175 nem
362 3125 483 3195 Ephyren
500 3140 540 3178 est
556 3127 646 3178 Curin-
690 3124 996 3196 venalie:ls'tspeluncae
1008 3123 1192 3176 diseamt'lesue·

145 3205 212 3256 tbus.
230 3205 273 3256 AEe
290 3203 363 3274 quod
381 3207 547 3260 convincitur
561 3205 641 3278 longe
692 3207 731 3257 n's.
743 3233 776 3246 -
788 3203 893 3276 brigida
904 3203 1006 3272 Tempe.
1022 3201 1118 3272 Tempe
1128 3217 1191 3273 pro·

145 3299 266 3354 tempore
278 3297 340 3336 ante
352 3301 471 3336 eversam
488 3303 505 3334 a
518 3285 643 3335 Romania
688 3288 747 3356 pris
761 3296 822 3335 eant
838 3283 899 3334 loee
915 3297 1019 3332 amoena
1037 3279 1190 3336 Thessaliae.

146 3363 302 3415 Corinthum
312 3365 339 3415 in
348 3365 435 3433 pretio
446 3363 544 3424 fuum
555 3379 645 3432 quarn-
689 3363 805 3414 Abusive
813 3361 929 3430 cujusvis
941 3359 994 3410 loci
1004 3360 1149 3412 amoenitas.
1160 3363 1187 3414 S.

145 3447 185 3496 vis
197 3443 264 3496 illud
276 3463 307 3496 ex
321 3444 410 3494 multis
422 3443 535 3494 metallis
549 3441 645 3494 confla-
690 3443 828 3513 Speluneie
849 3451 875 3491 et
892 3441 968 3509 aquia
985 3440 1069 3488 inerat
1086 3437 1188 3510 aliquid

146 3537 217 3589 tum,
239 3525 372 3594 accipiant
393 3539 457 3574 casu
478 3533 504 3572 et
521 3519 646 3572 incendio
692 3521 828 3594 religionis
843 3519 961 3590 (Seneca
973 3517 1019 3588 Ep.
1032 3517 1092 3588 41).
1108 3519 1139 3572 V.
1155 3521 1186 3572 (t.

146 3604 287 3656 confusum
301 3601 439 3666 nonnulli,
452 3619 483 3653 ex
494 3601 571 3652 Plinii
586 3617 647 3654 aue·
691 3605 775 3654 Antra
793 3600 890 3672 frigida
907 3611 934 3651 et
950 3599 1037 3649 fontes
1054 3602 1115 3668 puri
1133 3617 1189 3652 om·

147 3685 252 3734 toritate
262 3703 268 3732 ι
280 3699 357 3733 caeue
369 3680 421 3731 hoe
431 3683 550 3745 miscuit,
563 3697 645 3750 quum
691 3683 763 3733 ninrn
775 3683 878 3732 animos
888 3689 1009 3730 recreant
1021 3688 1047 3727 et
1058 3673 1186 3732 alliciunt.

145 3763 289 3817 Corinthiae
302 3776 443 3834 caperetur
451 3765 567 3814 incense.
576 3763 645 3813 Con·
725 3762 785 3830 ⁴7¹·
812 3758 873 3811 Illic
899 3757 986 3811 saltus.
1008 3758 1188 3825 venationes,

145 3857 198 3896 etat
217 3845 313 3906 etiam,
329 3841 430 3893 nobiles
446 3839 645 3892 Corinthiorum
690 3857 748 3912 que
761 3841 866 3910 penitae
880 3839 908 3888 in
922 3835 1034 3888 urbibus
1050 3855 1104 3888 non
1119 3853 1187 3891 sunt,

147 3941 271 3975 vasorum
287 3919 399 3973 artifices
420 3919 541 3972 Corinthi
557 3921 645 3972 incon·
690 3949 723 3960 -
736 3917 827 3970 Lautra
840 3915 968 3988 feronem.
987 3915 1058 3966 Bene
1069 3905 1188 3986 ferinam

148 4001 221 4053 dium
231 4003 412 4054 antecessisse.
690 3997 811 4064 eddidit,
824 3997 952 4068 quonism
965 4007 1027 4046 eunt
1039 3996 1066 4046 in
1079 3997 1188 4050 urbibus

183 4082 243 4148 468.
262 4083 331 4136 Latis
348 4084 401 4138 otiu
416 4079 518 4155 fundis.
540 4080 646 4136 Fundus
689 4079 773 4136 lustra
784 4077 961 4132 meretricum.
974 4075 1043 4126 Sero.

567 4167 577 4176 ⁶
969 4162 1012 4222 32.
