2986 4694
273 437 333 483 102
518 417 552 478 P.
576 411 809 476 VlRGILll
832 413 1066 482 MARONIS

269 541 343 606 Sive
356 554 405 605 est
417 555 533 603 neutra
546 561 663 626 parens
676 561 682 601 :
696 555 796 629 etque
810 539 920 606 hocin
933 543 1078 607 carmine
1090 558 1161 608 toto

270 645 417 735 inguinis
431 662 480 710 est
492 645 607 709 vitium
620 662 653 709 et
666 646 804 710 Veneris
817 645 980 736 descripta
992 647 1112 728 libid03

270 819 373 860 canstat,
385 807 435 851 tine
447 803 516 850 codd.
530 815 553 850 et
565 821 591 850 ex
605 803 704 850 aliorum
716 803 746 851 de
755 803 831 870 Scylla
843 808 1016 854 narrationibus
1027 808 1056 853 ab
1068 825 1097 854 eo
1111 823 1189 855 versut
1203 823 1253 854 cate
1265 823 1322 854 con·

270 880 376 924 cinnatot
387 894 393 923 t
405 891 429 924 et
440 891 551 940 quantum
567 877 663 940 quidem
679 876 797 940 intelligo,
815 879 940 924 admodum
954 896 997 942 pro
1011 880 1099 936 lubitu,
1119 893 1141 926 et
1156 896 1277 942 perperam
1293 881 1319 926 in

270 949 329 1006 hoe,
348 949 412 1013 quod
427 963 472 995 tres
488 962 571 994 matres
588 965 631 1010 pro
648 950 708 994 binis
719 949 810 1004 intulit,
830 966 903 1012 quum
918 963 1030 1014 tequatur
1041 961 1216 1015 atemptatus.
1233 951 1321 996 Scribit

272 1023 341 1066 etiam
357 1023 440 1066 immite
453 1021 551 1076 (vitiose
566 1018 629 1065 ltaud
645 1019 716 1064 dubie
734 1035 777 1082 pto
792 1021 881 1076 Lamre,
894 1025 972 1080 Λιμιι
988 1037 1032 1084 pro
1045 1021 1158 1082 Λαμίι),
1175 1033 1197 1066 et
1215 1021 1320 1075 Perseo,

271 1107 343 1154 quum
356 1093 437 1136 Ptrsea
449 1107 498 1138 ette
513 1091 609 1145 delicat,
628 1089 670 1136 sun
687 1105 733 1152 qua
751 1091 852 1136 liccaten
871 1090 993 1152 intelligit,
1011 1093 1072 1137 sicut
1086 1093 1110 1136 io
1123 1099 1220 1136 monstro
1232 1089 1322 1150 lifisrmi

272 1165 396 1211 Plrorcum.
412 1167 523 1210 nituntur
539 1165 587 1210 hac
604 1165 688 1225 partim
706 1163 824 1225 Apollonii
842 1165 919 1210 verhit
935 1168 1019 1226 Argon.
1034 1165 1076 1219 Ν,
1092 1163 1150 1218 tat,
1164 1163 1218 1224 8²9.
1232 1161 1320 1224 quilius

270 1237 374 1284 Phorcus
386 1250 408 1283 ct
422 1239 518 1290 Hecate,
535 1237 573 1281 tui
587 1237 680 1280 Crataeit
694 1251 789 1298 quoquc
807 1251 891 1282 nomen
905 1238 947 1290 tit,
963 1235 1045 1300 Scyllae
1059 1247 1167 1297 parentet
1178 1233 1319 1279 traduntur:

270 1306 375 1358 antam:
386 1306 489 1357 Aiettiat
502 1304 638 1368 itoitporttt
649 1301 671 1353 ir
681 1311 733 1354 titt
745 1307 828 1368 Φόρκυι
839 1305 1017 1356 uramini&
1026 1303 1124 1360 'ierim
1134 1303 1173 1352 τόν
1183 1321 1209 1352 rt
1219 1300 1321 1350 ratitum

271 1376 378 1444 liparmir
385 1413 393 1436 ,
401 1383 485 1442 partim
491 1381 646 1424 Grammatico
658 1391 736 1423 vetere
749 1378 778 1423 ad
791 1395 811 1424 e.
823 1378 852 1434 Ι.,
862 1381 902 1442 qui
913 1393 961 1424 turn
975 1379 1082 1434 Homeri,
1094 1391 1143 1424 tum
1154 1374 1252 1422 Aemilii
1263 1389 1319 1420 auc·

270 1454 386 1498 toritatem
404 1453 470 1513 aequi
490 1447 639 1510 Apollonium
656 1460 733 1502 notat,
752 1462 853 1511 natuque
872 1448 935 1494 hunc
952 1441 1081 1513 Pltor'cynit
1097 1457 1119 1494 et
1133 1447 1231 1492 liccatet
1247 1441 1321 1489 liliam

272 1521 341 1568 edere
358 1521 470 1584 Scyllamt
489 1521 512 1563 in
527 1520 600 1564 veteri
615 1529 691 1562 autem
706 1519 822 1572 carmine,
840 1533 892 1566 ταις
907 1513 1026 1578 mtpr‘tntttt
1043 1514 1125 1571 irim,
1143 1514 1282 1562 Phorbantia
1296 1526 1321 1557 et

269 1593 381 1646 llecatet,
392 1596 416 1636 in
428 1589 502 1653 Scylla
515 1587 641 1632 Stesichori
654 1587 736 1633 iam'oe
751 1586 821 1632 iilum
833 1588 893 1632 tradi
906 1604 965 1633 caru.
981 1589 1059 1634 iltius.
1074 1586 1174 1652 Scyllam
1188 1588 1260 1647 ipram
1275 1584 1321 1629 La·

270 1665 339 1708 miani
352 1661 397 1706 dici
413 1659 517 1712 volebat,
530 1670 555 1703 ut
566 1669 625 1702 estet
639 1672 684 1701 uua
699 1673 711 1702 e
722 1658 819 1712 Lamtit,
832 1656 861 1702 de
874 1658 961 1719 quibat
970 1657 1000 1702 ad
1012 1659 1105 1714 Paron.
1119 1659 1208 1719 Fragm.
1220 1657 1320 1718 Trapnr.

270 1734 378 1787 remittit,
391 1742 414 1775 ct
424 1730 531 1790 refingit:
543 1729 589 1789 ipsi
597 1741 608 1771 s
617 1743 636 1770 u
647 1727 730 1771 iamim
742 1737 814 1772 mater
822 1731 851 1772 ait
860 1742 919 1771 steno
929 1729 1029 1774 Creteis.
1041 1729 1088 1774 Nec
1098 1729 1199 1782 ticiani,
1211 1741 1255 1772 nec
1264 1726 1321 1770 Par-

270 1801 342 1848 rhasii
353 1815 451 1846 acumen
466 1799 586 1858 improbo,
598 1797 638 1842 ted
649 1799 673 1842 in
685 1813 752 1843 versu
764 1799 842 1860 priore
855 1799 1001 1844 restituendo
1011 1815 1050 1846 eot
1060 1815 1156 1862 operam
1165 1798 1245 1844 lutitae
1257 1795 1321 1842 arbi-

270 1885 332 1927 tror;
348 1886 401 1915 nam
421 1875 446 1915 in
464 1867 533 1913 codd.
553 1869 637 1912 Limite
650 1869 772 1928 vestipitmr
790 1867 881 1912 nullum
899 1881 945 1922 ctt;
963 1881 985 1914 et
1000 1882 1142 1934 utrumque:
1158 1871 1209 1932 lpse
1223 1869 1324 1914 cremet

269 1953 373 1996 mtrem,
384 1954 406 1986 et
416 1939 524 1986 alterum.
533 1941 579 1982 sive
589 1936 711 1992 Erichthci,
719 1941 860 1999 grammatici
871 1951 948 1984 notam
960 1941 983 1984 in
992 1943 1095 2002 margine
1103 1939 1241 2001 adteriptarn
1249 1939 1322 2000 sapit:

272 2019 318 2078 ipse
327 2013 440 2060 Homerus
451 2012 548 2056 Crotteirt
557 2017 651 2054 amit-cm
662 2009 760 2054 tradidit.
771 2011 844 2056 Etiam
855 2013 879 2056 in
888 2027 930 2056 tna.
939 2011 1007 2057 Batil.
1018 2013 1047 2058 ad
1059 2013 1129 2058 verita
1136 2013 1181 2058 Sed
1186 2015 1232 2057 slve
1239 2008 1323 2056 Erecti-

271 2085 318 2132 thei
328 2097 361 2132 etr
370 2085 552 2146 superscriptum
566 2082 652 2142 lpse...
664 2090 764 2125 matrem.
776 2081 849 2136 Alias,
859 2085 963 2144 proxime
971 2083 1001 2129 ad
1010 2085 1093 2140 verba,
1103 2083 1133 2128 atl
1143 2082 1322 2130 hariolationem

271 2158 380 2222 expedita
393 2170 427 2204 eat
440 2158 476 2203 via
488 2171 493 2200 :
504 2156 554 2216 lpse
567 2155 664 2200 Crotoein
675 2163 708 2199 ott
717 2165 823 2210 multemr
834 2156 876 2201 tet!
885 2159 931 2200 sior
943 2155 1167 2202 centensimum
1179 2169 1237 2212 etc„
1251 2155 1321 2217 digna

272 2228 312 2276 tali
325 2240 394 2292 poeta
407 2229 488 2272 oratio.
501 2225 572 2284 Quod
582 2227 686 2270 Perseum
697 2227 792 2280 attinet,
804 2238 881 2288 potest
893 2225 932 2272 illa
945 2225 1022 2274 locum
1035 2230 1107 2281 tueri,
1118 2229 1137 2273 ti
1149 2226 1244 2289 quidem
1257 2223 1322 2287 apud

272 2301 370 2346 Statium
387 2312 483 2361 quoque
499 2297 529 2339 iV
547 2295 622 2340 Theb.
637 2295 681 2351 itia
700 2298 733 2341 ita
745 2293 853 2342 melioret
870 2295 936 2352 libri,
955 2312 999 2359 pro
1011 2312 1051 2351 eu,
1072 2295 1136 2359 quod
1148 2294 1263 2357 vulgatiut
1274 2305 1322 2350 eat,

272 2373 373 2428 Per-sets,
389 2369 483 2416 hahent.
499 2369 580 2414 l‘crtct
590 2370 651 2412 enim
666 2384 694 2414 ex
704 2367 827 2415 Titanibut
838 2379 915 2426 ortua,
932 2385 960 2415 ea
976 2371 1063 2415 Arteria
1075 2371 1178 2414 Hecaten
1191 2369 1280 2429 gennit.
1299 2384 1321 2412 r.

271 2443 380 2506 Apollod.
395 2445 416 2500 l,
432 2457 457 2497 a,
472 2439 494 2498 4.
510 2441 568 2485 ilinc
582 2438 621 2485 illa
634 2441 745 2500 Ilipoula,
760 2437 868 2502 iitpoaia,
881 2443 972 2502 iitpoait
983 2453 1046 2486 recte
1058 2441 1104 2485 dici
1117 2442 1201 2502 potuit.
1214 2441 1246 2484 lix
1256 2438 1322 2486 tulto

271 2515 402 2576 Pomponio
413 2511 511 2572 colligo,
529 2509 615 2556 lectum
631 2511 651 2554 ei
665 2525 713 2555 ette
724 2525 730 2554 :
743 2511 863 2564 Grttuetm,¹
872 2526 928 2557 nam
941 2508 989 2556 baec
1003 2513 1044 2557 itte
1057 2511 1194 2572 adteriptit:
1210 2531 1221 2552 ι
1231 2509 1320 2556 Volunt

273 2605 284 2626 ι
294 2584 388 2648 quidam
400 2582 459 2626 hanc
469 2579 567 2644 Scyllam
579 2579 649 2624 inlate
659 2579 729 2624 filiam
740 2580 912 2636 Faechtlteidia,
922 2581 1018 2644 quidam
1029 2579 1099 2627 filiam
1110 2583 1223 2626 Granenae
1233 2593 1256 2627 et
1266 2581 1320 2625 Tri·

274 2675 285 2697 .
295 2655 363 2700 tonis.
374 2673 384 2692 ι
400 2653 504 2696 Gramma
514 2661 617 2694 notatum
626 2665 721 2712 quoque
733 2667 745 2696 e
756 2666 797 2696 mr.
810 2651 936 2697 lieltnttad.
947 2652 1024 2698 video.
1033 2651 1137 2713 Scaliger
1146 2650 1320 2696 Parrhatianam

272 2726 396 2772 lectionem
411 2734 434 2767 et
446 2723 495 2782 ipre
505 2721 614 2776 retinuit,
626 2721 667 2766 ted
676 2723 740 2768 miris
749 2725 825 2768 modia
836 2725 931 2786 tentarit
939 2721 1030 2778 locunt,
1041 2725 1089 2770 tite
1102 2735 1128 2768 ut
1138 2721 1240 2785 legeret:
1255 2719 1320 2785 quod

273 2809 296 2843 et
304 2795 470 2842 'lattbmanttut
482 2793 586 2853 recepit:

395 2864 445 2907 Sive
457 2863 549 2906 Creten·
560 2863 582 2906 ei
593 2871 664 2908 ntoter
675 2863 702 2908 de
713 2867 796 2908 armine
808 2862 939 2920 Erechthei,

396 2935 440 2979 Seu
453 2933 528 2978 Lomie
540 2941 638 2979 mutuno
646 2937 724 2996 penult
732 2935 854 3000 qmndoevo
866 2934 961 2996 tierent.

272 3011 319 3056 rite
332 3019 358 3054 ut
370 3019 445 3054 esset:

396 3079 445 3124 Sive
457 3078 551 3123 cmtoeis
562 3079 584 3122 ei
594 3087 676 3134 mater,
688 3081 735 3124 sive
745 3087 768 3124 et
781 3078 879 3124 Crttleis

396 3152 432 3195 Sic
445 3147 506 3194 illam
518 3157 616 3195 monstro
625 3152 703 3213 penult
711 3151 832 3214 qrandaetta
845 3150 940 3214 bfformi.

272 3221 316 3271 Sed
332 3221 452 3269 Erechthei
463 3221 551 3265 nomini
565 3220 643 3266 nullut
657 3220 694 3266 hic
707 3221 784 3276 locut;
799 3233 878 3268 natum
893 3221 954 3268 illud
967 3221 1057 3268 librarii
1071 3233 1166 3286 ttuporr
1178 3237 1247 3283 snpra
1259 3221 1321 3267 diri·

272 3311 329 3342 mut.
345 3296 391 3340 Nec
404 3294 475 3354 magia
483 3290 549 3336 creti·
563 3293 619 3336 isca
630 3291 708 3337 fabula
716 3291 763 3338 ulla
773 3293 858 3339 firmari
870 3306 958 3355 potest3
971 3308 1037 3348 nam,
1047 3296 1112 3356 quod
1122 3291 1214 3339 Crathin
1223 3291 1320 3338 fluvium

271 3379 360 3430 patrem
374 3363 456 3427 Scyllae
470 3362 600 3424 prodidisse
612 3363 699 3409 <licitur
708 3365 836 3410 Martianus
845 3363 952 3427 Capella,
969 3381 996 3410 et
1008 3367 1092 3410 vitioto
1106 3364 1187 3410 codice
1200 3374 1321 3425 acceptum

271 3437 347 3484 videri
359 3435 442 3488 debet,
455 3449 526 3496 quum
540 3435 634 3478 craten
648 3449 707 3480 cttet
717 3435 879 3490 scribendum,
892 3436 925 3480 nti
938 3434 1071 3480 emendavit
1081 3435 1175 3480 Grotius
1186 3433 1227 3479 lib.
1242 3434 1284 3490 vt,
1297 3448 1320 3494 p.

273 3509 325 3554 205.
339 3509 377 3551 Fat
390 3507 451 3550 enim
465 3505 556 3549 coeris
567 3505 602 3550 vel
613 3507 700 3552 Cratetis
711 3506 795 3552 fluvius
804 3509 869 3568 juxta
883 3504 1003 3568 Scyllaeum
1016 3507 1041 3549 in
1051 3515 1152 3551 extrema
1165 3503 1243 3560 italia,
1255 3517 1281 3549 ut
1293 3519 1321 3548 ex

271 3577 332 3624 Plin.
347 3577 413 3631 ΙΙΙ,5
428 3588 532 3622 constat:
546 3578 639 3622 Crataeis
645 3579 746 3639 flemus,
758 3587 842 3634 mater,
857 3585 881 3621 ut
893 3577 981 3630 timere,
997 3573 1085 3636 Seyttoe.
1101 3578 1171 3622 Varie
1184 3589 1321 3638 corruptum

272 3663 359 3694 nomen
368 3645 428 3692 illud
437 3664 459 3690 v.
472 3647 535 3710 apud
547 3650 624 3710 intpp.
636 3651 721 3712 Hygini
735 3649 752 3693 l'.
771 3665 814 3710 ¹99
829 3661 852 3694 et
865 3649 944 3694 lleint.
956 3647 986 3692 atl
998 3649 1066 3694 Ouid.
1079 3649 1136 3695 liet.
1150 3649 1215 3704 lllll,
1231 3663 1255 3709 p.
1265 3645 1319 3708 649.

271 3719 335 3764 Nova
345 3719 435 3763 ratione
445 3717 547 3780 Scaliger
557 3721 648 3778 reiinpit
660 3735 665 3764 z

394 3789 436 3834 sm
449 3789 514 3834 Lutto
526 3789 585 3834 tanc
597 3799 695 3834 monstro
703 3792 780 3852 qrnait
789 3790 911 3852 pmnrioemt
921 3786 1015 3849 bfformi

270 3857 372 3903 Monstra
387 3861 448 3903 enim
459 3871 571 3904 veternae
587 3857 641 3902 luna
657 3858 755 3903 demissa
766 3873 872 3920 putatae,
884 3859 949 3920 quoti
959 3861 1041 3922 utiquc
1052 3860 1138 3904 lactum
1148 3861 1172 3904 in
1184 3859 1263 3905 Leone
1273 3859 1320 3904 Ne-

270 3943 329 3974 meto
340 3927 430 3991 probat.
443 3927 472 3972 cl.
483 3929 579 3973 (ieiner.
591 3927 620 3971 ad
635 3926 756 3972 Claudian.
767 3944 790 3990 p.
803 3929 857 3990 395.
868 3930 897 3972 W
900 3930 1014 3974 ernadorf.
1027 3931 1103 3975 Poetae
1113 3930 1170 3975 Min.
1180 3931 1247 3975 Tom.
1259 3930 1282 3985 l,
1295 3944 1318 3989 p.

273 3999 325 4062 276.
336 4023 365 4034 ·-
374 3997 413 4061 69.
424 3997 485 4043 Male
498 3997 707 4060 interpungcbatur
720 4011 772 4061 port
785 4003 870 4045 vitium.
884 4001 923 4046 litt
933 4003 994 4046 enim
1006 3999 1082 4046 ordo:
1097 4012 1167 4064 atque
1178 4003 1202 4046 in
1213 4012 1262 4046 toto
1274 3998 1319 4045 lanc

308 4124 350 4175 68.
372 4122 414 4191 69.
437 4119 488 4172 Seu
510 4119 602 4174 fabula
626 4121 716 4194 Scyllae
736 4123 878 4196 allegorica
897 4139 936 4179 est
955 4125 1073 4180 libidinis
1090 4126 1218 4178 narratio.
1236 4123 1319 4178 Simili
