2998 4670
364 363 416 427 ru
436 358 822 429 oaoaoroouuu
844 360 936 426 nm.
962 364 1034 427 111.
1151 365 1216 452 5⁶9

183 483 274 546 itaet
292 487 324 544 in
343 488 439 545 tauris
455 503 576 544 moram
593 480 702 556 trahit3
721 479 806 562 quod
826 495 993 565 utrumque
1012 505 1047 546 ex
1063 483 1216 545 industria

183 571 313 650 iactum,
334 595 397 634 non
418 575 457 635 ad
479 575 605 633 inanem
628 572 864 632 ostentationem
886 571 1015 652 ingenii.
1037 575 1114 634 Nam
1138 575 1217 634 sicut

181 663 335 744 praecipua
355 681 427 744 pars
446 659 539 742 hujus
557 660 631 719 libri
651 658 690 718 ad
708 678 818 740 equos,
837 671 867 717 et
885 673 991 720 tauros
1006 664 1151 742 pertinet3
1172 662 1216 721 ita

181 749 284 810 visum
300 751 362 808 vati
376 750 448 810 dare
461 749 522 808 illis
537 749 727 831 praecipuam
739 761 861 828 partem
873 749 906 806 in
918 748 1091 808 calamitate
1101 750 1218 811 descri-

181 833 300 894 benda:
320 835 395 896 dicit
407 857 479 896 vero
492 839 536 895 ita
547 847 665 919 pestem
678 837 828 909 saeviisse,
848 849 882 894 ut
892 849 999 895 taurus
1011 835 1102 912 alter,
1119 859 1215 919 quum

182 925 299 1002 gemini
319 940 431 988 terram
450 937 586 998 ararent,
605 924 709 984 subito
729 923 813 983 malo
833 945 997 1005 oppressus
1015 925 1215 987 concideret:

181 1009 256 1070 inde
274 1033 309 1072 ex
329 1016 505 1074 necessitate
523 1012 662 1074 relictum
684 1033 764 1095 opus
779 1013 873 1072 fuisse
888 1015 1020 1088 rustico,
1035 1011 1217 1093 abjungenti

181 1098 375 1182 solventique
386 1104 425 1162 ab
436 1115 537 1162 aratro
549 1115 674 1161 taurum
687 1102 881 1182 superstitem
892 1121 928 1160 ac
938 1098 1094 1160 dolentem
1107 1100 1148 1161 ob
1157 1100 1218 1160 fra·

182 1201 302 1250 ternam
313 1203 454 1251 mortem.

221 1281 288 1339 520.
307 1281 391 1340 Dicit
410 1279 505 1340 nullis
525 1277 740 1362 voluptatibus
758 1293 921 1339 taurorum
940 1280 1061 1338 animos
1082 1277 1218 1360 potuisse

179 1369 323 1444 recreari,
345 1388 409 1428 non
424 1369 543 1429 umbris
557 1389 736 1444 nemorum,
755 1389 819 1428 non
835 1371 990 1449 gramine,
1010 1388 1075 1427 non
1089 1365 1218 1448 perenni

180 1453 308 1537 lympha
324 1459 423 1516 amnis
436 1458 546 1538 purius
563 1454 667 1516 adhuc
681 1457 749 1536 ipso
763 1455 876 1516 electro
892 1455 1017 1516 fluentis
1029 1477 1035 1513 ε
1048 1475 1120 1513 nam
1134 1452 1217 1512 solu·

180 1541 219 1600 tis
239 1540 402 1620 lateribus,
424 1542 520 1604 oculis
536 1557 662 1626 stupore
677 1546 843 1626 correptis,
861 1543 973 1624 lassata
991 1543 1110 1602 cervice
1123 1541 1219 1600 mori·
1276 1593 1280 1612 ,

179 1628 281 1689 bundi
296 1631 512 1692 concidebant.

220 1715 286 1776 525.
300 1718 476 1797 Sequuntur
489 1739 609 1792 versus,
624 1718 663 1780 de
677 1719 789 1800 quibus
804 1720 916 1780 merito
930 1719 975 1778 ait
988 1717 1136 1798 Scaliger,
1150 1735 1216 1776 ma·

179 1802 271 1864 luisse
283 1803 353 1866 illos
368 1808 569 1888 excogitasse,
582 1822 637 1868 aut
650 1809 834 1885 coniecisse,
845 1829 938 1890 quam
952 1806 1066 1868 habere
1077 1807 1217 1866 Croesum
1307 1837 1310 1844 ν

180 1907 234 1952 aut
251 1895 367 1975 Cyrum
385 1896 470 1958 dicto
489 1895 549 1958 sibi
570 1899 742 1960 audientes.
763 1899 921 1959 Sententia
941 1910 1003 1974 est,
1023 1893 1102 1956 nihil
1121 1896 1218 1954 tauris

178 1980 330 2062 profuisse
349 1985 489 2047 laborem
509 2001 541 2047 et
558 1985 758 2064 beneficium,
781 1988 893 2071 quibus
914 1984 1059 2046 mortales
1077 1981 1219 2044 afficiunt

179 2125 228 2176 Per
239 2124 292 2179 lroc
304 2129 420 2182 ostendit
432 2132 513 2183 etiarn
525 2132 606 2186 fortes
620 2145 678 2184 tau·
721 2133 847 2203 gentique
869 2133 1005 2185 mixtura:
1029 2129 1062 2181 de
1082 2147 1135 2200 quo
1159 2129 1218 2180 AEn.

179 2221 238 2271 ros,
270 2221 378 2280 repente
398 2211 493 2262 morbo
514 2211 675 2262 concideres
723 2213 797 2275 Vlll,
808 2211 869 2276 403.
880 2210 1088 2272 Aliisuceinum,
1099 2206 1220 2277 quodra-

178 2303 257 2338 nemo
272 2289 341 2338 enim
356 2289 522 2359 pestilentem
539 2288 573 2341 etl
588 2303 677 2342 aratra
721 2293 778 2344 eiua
791 2303 831 2342 est
844 2290 970 2342 arborum
983 2287 1171 2339 edocaturum
1185 2284 1218 2337 de

180 2363 254 2416 ducit
263 2367 414 2433 juvencum.
429 2369 498 2418 Serv.
721 2386 774 2438 quo
786 2367 842 2420 Ecl.
858 2369 932 2432 vttt,
950 2366 1001 2432 54:
1018 2365 1133 2436 Pinguia
1144 2365 1219 2416 corti-

215 2444 274 2497 518.
287 2445 440 2517 Αῌωιςσηε.
453 2445 526 2498 ldem
539 2445 612 2515 qnod
622 2445 674 2498 sol·
719 2449 787 2499 cibus
795 2446 886 2498 sudent
894 2445 985 2497 electra
994 2444 1105 2514 myrices.

179 2542 252 2582 oeus,¹
266 2540 318 2592 quo
328 2523 411 2575 verbo
421 2536 512 2576 noster
523 2525 608 2576 utitur
618 2524 673 2576 Ecl.
755 2525 814 2578 523.
835 2524 928 2577 Oculos
938 2534 1033 2594 stupor.
1051 2525 1144 2593 Veget.
1156 2519 1217 2571 Mu·

178 2603 224 2666 lv,
234 2613 260 2653 et
269 2601 315 2654 Ge.
325 2604 362 2668 ll,
373 2603 458 2656 influe
468 2626 474 2654 :
485 2615 515 2654 ut
517 2606 628 2676 jungere
637 2605 675 2656 sio
720 2605 818 2658 lorned.
831 2605 858 2672 l,
874 2622 901 2673 r,
916 2627 927 2652 ι
938 2601 1105 2674 stupentibus
1118 2599 1217 2668 oculis,

179 2683 314 2755 emungere
332 2685 450 2757 Propert.
474 2683 546 2755 Eleg.
567 2685 604 2748 ll,
631 2683 675 2748 18,
723 2686 854 2738 «auribus
878 2682 1013 2749 flaccidis,
1035 2694 1124 2734 erecto
1147 2680 1218 2751 pilo,

178 2782 257 2836 quam
274 2765 345 2836 prius
362 2766 492 2838 adjunctos
506 2763 594 2818 sedula
613 2765 678 2818 lauit
724 2763 1062 2828 ·exhauuesunsilia,etc.
1075 2786 1086 2809 ι
1098 2761 1219 2814 raet.-

179 2862 264 2915 equos.
273 2875 306 2883 -
314 2846 435 2898 Fratema
443 2856 523 2898 morte
523 2847 675 2918 juvencum.
725 2847 821 2919 Urguet
833 2845 927 2897 inertis.
938 2843 967 2895 ld
977 2856 1030 2910 est,
1040 2856 1132 2914 urget,
1144 2853 1172 2894 et
1181 2841 1220 2892 in·

179 2921 316 2974 Consortis
336 2926 462 2976 interitu:
480 2939 506 2976 et
524 2943 555 2976 ex
577 2925 677 2978 aflectu
722 2939 790 2978 erres
802 2926 875 2978 facit.
890 2923 1006 2996 Philarg.

180 2999 280 3050 dictum
299 3012 340 3050 est
359 3004 460 3054 rustici.
478 3005 548 3054 Seru.
564 3031 598 3044 -
610 3004 678 3054 ilinc
758 3004 817 3058 525.
840 3003 909 3074 Quid
925 3002 1009 3066 labor,
1028 3012 1075 3052 aut
1087 2998 1219 3067 benefacta

179 3089 269 3128 arator
276 3077 364 3136 tristis‚·
374 3079 449 3128 illinc
456 3091 544 3130 moeret
550 3082 677 3148 juvencus
714 3088 829 3158 juvant?
839 3084 865 3136 Si
878 3095 1001 3135 neutrum
1011 3090 1122 3130 mortem
1130 3075 1219 3146 repel-

178 3156 370 3208 m⁰mfffllrl³=
381 3153 611 3218 llssncffloessllllffl
619 3170 677 3210 Μ·
720 3165 764 3226 lit;
783 3183 832 3216 nec
849 3161 970 3234 corporis
982 3158 1149 3220 exercitium,
1169 3173 1218 3207 nec

179 3239 202 3288 ri
214 3237 360 3307 superstitis
370 3248 397 3289 et
406 3237 550 3308 mugitibus
559 3251 585 3288 et
594 3237 677 3309 lacry·
720 3242 815 3294 mentis
824 3240 916 3309 religio
926 3260 931 3287 :
943 3255 1005 3288 narn
1012 3239 1034 3287 si
1041 3235 1171 3309 generalis
1179 3245 1218 3286 est

179 3319 229 3368 mis
247 3315 377 3368 declarari
394 3326 523 3366 testantur
535 3316 676 3368 Nazianae·
720 3319 864 3381 sententia,
890 3314 1036 3367 secundum
1058 3314 1218 3384 Epicureos,

179 3413 230 3448 nus
249 3407 275 3446 et
297 3395 423 3461 Basilius,
447 3395 524 3446 ambo
547 3397 675 3461 amicitia,
721 3408 815 3450 contra
833 3394 991 3466 religionem
1006 3405 1067 3446 est:
1089 3393 1112 3444 si
1130 3403 1218 3444 autem

179 3473 261 3526 literis
271 3487 297 3525 et
309 3474 435 3546 religione
448 3475 603 3526 consecrati.
720 3489 824 3530 tantum
847 3473 881 3527 ad
901 3473 998 3525 bovem
1018 3475 1145 3538 refertur,
1165 3467 1217 3520 hoc

215 3550 273 3604 522.
283 3553 473 3606 Puriorelectro
482 3573 602 3625 campum
612 3553 678 3625 petit
720 3556 802 3610 dicit:
820 3553 886 3626 quid
902 3554 925 3604 ei
941 3551 1051 3624 prodest
1065 3550 1157 3604 labore
1169 3567 1218 3600 suo

179 3633 270 3686 amau.
286 3635 354 3686 Nam
371 3636 440 3686 sicut
453 3635 580 3686 electrum
596 3634 675 3688 deite-
721 3638 818 3690 aluisse
828 3633 1137 3687 marisiensem—lta
1149 3629 1218 3683 cele-

179 3715 263 3766 catiue
273 3726 312 3765 est
324 3713 439 3774 metallis,
449 3714 586 3777 omnibus;
598 3716 635 3766 ita
648 3727 674 3768 et
720 3717 851 3770 berrirnus
864 3719 933 3768 inter
945 3729 1038 3786 poetas
1049 3714 1166 3768 Gallicos
1179 3729 1222 3764 ex-

179 3811 288 3846 currens
298 3811 368 3864 aqua
378 3795 478 3846 ceteris
491 3795 592 3865 purior.
603 3795 672 3846 Serv.
718 3796 814 3849 elamat
824 3795 857 3849 de
866 3793 982 3868 quodam
989 3792 1216 3862 diluvioloquens:

179 3902 213 3911 -
224 3873 292 3926 Vide
302 3885 392 3926 notam
403 3875 497 3945 lleynii
508 3873 561 3926 vol.
575 3875 600 3940 l,
612 3891 673 3945 pag.
719 3903 756 3944 l„
765 3905 858 3942 m„
864 3902 934 3956 ,pn-‚1
943 3898 1082 3942 carmus
1089 3897 1188 3944 Μ,

179 3952 240 4020 496·
259 3953 388 4006 Eleclfflm
409 3965 497 4006 altem
516 3952 562 4004 alli
584 3952 676 4022 melai·
722 3965 1220 4014 Touweleurddrontcrsmleselinmmu.

180 4029 235 4082 lum
252 4032 416 4106 intelligunt,
434 4051 492 4104 quae
508 4033 620 4087 estuari
635 4052 675 4086 ar·
799 4048 974 4100 naturatum,
985 4043 1203 4096 thamnachsarae
