2738 4670
236 352 294 417 'IN
319 346 708 416 GEORGICORUM
731 349 824 415 L1B.
850 351 900 416 11.
1029 357 1092 438 463

22 489 126 539 cretas
142 495 162 536 a
175 473 277 538 bouis
291 499 298 533 :
319 495 386 536 nou
400 471 535 554 denique
550 485 709 555 serpentes
724 487 789 533 tam
801 475 959 537 inusitata
972 483 1096 560 magni-

23 568 170 642 tudinis,
183 580 223 626 ut
236 577 366 647 raptent
378 583 435 646 per
446 561 578 624 humum
593 563 683 624 orbes
695 565 881 640 immensum
897 565 1049 650 colligant
1062 573 1097 631 in

23 659 152 740 spiram
166 658 321 737 ingentes
334 667 452 717 tractus
465 667 495 713 et
507 652 679 714 volumina.

73 748 143 807 155.
157 748 297 806 Transit
311 744 349 804 ad
367 743 473 804 laudes
488 742 574 803 alias.
589 745 668 803 Sunt
682 744 713 802 in
727 743 818 803 Italia
831 744 937 806 multa
948 745 1099 825 urbes,et

24 833 92 898 itlae
109 837 255 917 egregia
269 859 276 895 ι
290 834 381 895 labor
393 853 540 917 operum,
553 832 586 892 id
597 847 657 909 est,
667 847 743 892 aunt
753 835 874 894 eximiae
886 833 1028 897 fabricas:
1043 861 1100 923 op·

24 923 107 1004 pida
122 922 298 1005 inquibus
312 922 443 986 edificia
460 923 556 982 instar
569 922 736 1003 praecipitii
749 936 779 982 et
791 923 917 1002 rupium
931 921 1102 988 efformata

25 1013 69 1074 ab
85 1012 240 1074 humana
257 1015 413 1076 industria
429 1037 437 1072 :
456 1015 539 1072 muri
554 1014 588 1070 in
603 1011 652 1071 bis
667 1011 793 1095 oppidis
808 1014 851 1072 ita
864 1018 1049 1092 constructi,
1064 1031 1102 1078 ut

25 1103 160 1164 aditum
175 1103 345 1186 praebeant
357 1103 480 1185 magnis
490 1100 675 1162 fluminibus
688 1101 780 1160 urbes
794 1103 878 1184 ipsas
891 1104 1100 1166 intercurren-

24 1190 126 1250 tibus.

75 1279 147 1340 158.
163 1279 214 1340 Ab
227 1279 480 1360 urbibuspergit
494 1279 534 1340 ad
549 1278 664 1354 maria,
678 1277 776 1354 lacus,
791 1293 918 1359 portus,
931 1293 963 1338 et
977 1280 1103 1363 sittingit

26 1366 149 1427 laudes
163 1367 315 1426 Caesaris.
332 1369 384 1430 ait
398 1366 522 1428 ltaliam
536 1365 612 1427 allui
626 1368 707 1426 mari
720 1387 847 1448 supero,
867 1365 900 1425 id
914 1381 974 1443 est,
991 1368 1102 1428 Adria·

27 1457 118 1530 tico,
130 1455 224 1538 quod
238 1476 257 1514 a
267 1456 510 1536 Septemtrione,
523 1453 651 1514 sublimi
663 1469 751 1538 parte
763 1452 889 1528 mundi,
899 1453 1021 1514 italiam
1030 1477 1104 1517 rou·

31 1546 153 1624 tingit,
176 1545 261 1602 mari
275 1543 393 1619 infero,
415 1544 523 1619 idest,
544 1542 723 1626 Tyrrheno,
740 1541 826 1625 quod
842 1543 1020 1619 aMeridie,
1039 1547 1104 1605 ima

32 1632 156 1693 mundi
174 1648 278 1714 parte.
295 1637 329 1696 ln
346 1634 508 1696 mentione
523 1631 648 1694 lacuum
663 1633 792 1694 adducit
805 1633 946 1707 Larium,
962 1647 991 1695 et
1006 1636 1105 1694 Rona-

32 1742 130 1795 cum;
146 1720 246 1782 iilum
259 1737 353 1784 vocat
367 1725 555 1798 maximum,
573 1720 658 1783 hunc
677 1724 775 1783 instar
793 1723 889 1786 maris
908 1721 1104 1786 frementem.

33 1813 86 1873 De
107 1811 274 1891 portubus
290 1825 415 1872 tanturn
432 1813 580 1876 meminit
595 1813 732 1878 Lucrini.
751 1813 888 1872 Lucrino
906 1810 1012 1872 addito
1032 1827 1105 1874 sunt

35 1897 204 1976 claustra3
218 1921 327 1983 aequor
340 1901 522 1984 indignatur
535 1922 567 1962 sc
579 1904 691 1978 arceri;
706 1901 792 1966 unda
805 1901 888 1962 Julia
903 1901 1021 1963 inclusa
1035 1924 1104 1964 mo-

37 1987 128 2048 libus
150 1988 281 2071 placide
305 2005 397 2054 sonat
418 2005 518 2072 ponto
539 1991 632 2074 longe
655 1993 778 2068 mineo,
803 2007 897 2075 atque
921 1993 1106 2070 amandato,

36 2089 140 2140 tenus
154 2082 255 2142 maris
269 2081 424 2166 Tyrrheni
436 2084 687 2144 communicatur
698 2104 754 2166 per
767 2083 884 2146 fretum
899 2086 1023 2144 Averni.

38 2244 158 2315 quidem
166 2249 435 2317 serpentesiuitsiis,
444 2249 493 2303 sed
501 2267 557 2302 uon
640 2249 1107 2322 155.Addetothre5issurbes.bau-

40 2325 131 2389 tales,
152 2327 249 2396 quales
267 2330 295 2379 iu
314 2331 443 2402 AEgypto,
462 2342 508 2382 aut
528 2331 556 2380 iu
601 2329 649 2382 dat
665 2329 770 2382 italiam
785 2348 802 2381 a
815 2329 981 2397 civitatibus,
996 2347 1063 2402 quas
1081 2343 1108 2384 et

41 2406 151 2456 Africa.
166 2433 202 2446 -
213 2407 247 2457 ln
260 2409 365 2478 spirans,
377 2412 405 2462 in
418 2409 557 2462 collectio·
601 2409 693 2480 piaret
712 2408 795 2460 babet
811 2419 838 2460 et
853 2409 999 2477 maximas,
1017 2422 1042 2460 et
1059 2427 1109 2481 op-

42 2503 110 2540 uem
127 2483 324 2551 volubilium
338 2488 413 2560 qaod
427 2501 466 2542 est
481 2507 497 2540 a
512 2491 557 2540 fu·
601 2487 960 2565 portunissinecoiiocatas.
974 2488 1043 2540 Serv.
1111 2554 1116 2563 ,

42 2563 129 2616 uibus
143 2575 269 2617 tractum.
279 2567 351 2620 Ser-s.
360 2567 558 2640 -Megotbos-
641 2567 698 2622 162.
715 2568 888 2642 indignatum
904 2570 1006 2640 maqnis
1019 2569 1109 2621 strido·

43 2643 485 2720 thenesait‚1udiarerpentesis
496 2661 558 2701 tau·
603 2649 670 2702 ribru
683 2666 779 2722 equor.
795 2649 817 2699 A
828 2647 909 2699 solita
926 2649 1062 2701 exclusum
1078 2650 1109 2702 li·

44 2737 104 2778 tsm
116 2726 332 2798 magnitudinem
346 2729 516 2798 adolescere,
529 2741 559 2780 ut
604 2731 708 2798 centia,
739 2741 765 2784 et
790 2727 1001 2800 indignationem
1030 2749 1108 2784 suam

44 2804 154 2858 solidos
162 2805 289 2860 hauriant
297 2821 388 2862 tauros
398 2827 558 2882 nervosque,
604 2810 1109 2886 stridoribusprodens-Sero.-Agrip·

45 2899 75 2938 st
90 2899 209 2958 pontum
220 2889 422 2960 supervolantes
438 2893 560 2962 quamtis
603 2909 641 2968 pa
653 2892 681 2944 in
693 2891 814 2945 secundo
826 2893 886 2942 vita
898 2909 952 2942 sues
966 2890 1047 2958 dicit,
1065 2911 1110 2945 ex-

47 2964 104 3018 alte
122 2968 350 3040 pertinaciterque
368 2988 445 3036 aves,
462 2969 561 3023 haustu
606 2973 737 3043 cogitasse
755 2989 800 3036 se,
819 2983 849 3022 ut
866 2989 898 3023 ex
915 2970 1030 3022 Lucrino
1047 2970 1111 3024 lacu

48 3056 148 3114 raptae
156 3045 326 3100 absorbeant.
336 3051 408 3102 Nota
418 3063 458 3102 ert
467 3052 494 3102 in
505 3050 562 3104 bel·
605 3063 713 3122 portum
727 3051 837 3102 faceret.
851 3050 949 3102 Verum
962 3049 1041 3118 hujus
1053 3051 1110 3122 gio·

50 3122 86 3174 lis
102 3126 211 3178 Punicis
223 3126 257 3179 sd
270 3127 368 3182 flumen
383 3129 532 3202 Bagradam
545 3150 562 3183 a
606 3133 647 3183 ria
657 3133 777 3202 Augusto
788 3131 874 3182 cessit.
884 3129 1054 3201 indiynotum
1066 3147 1110 3182 au.

49 3202 564 3276 Reguloimperatorebaiiististormen·
606 3223 659 3263 tem
674 3209 736 3260 ideo
748 3209 831 3272 dixit,
848 3209 977 3280 quinquo
991 3221 1112 3279 tempore
1226 3235 1228 3243 ·

52 3284 165 3353 tisque,
190 3284 264 3338 velut
283 3288 413 3359 oppidum
431 3290 562 3363 diquod,
608 3293 635 3343 iu
653 3289 798 3340 Lucrinum
816 3287 905 3338 lacum
923 3305 996 3339 mare
1011 3291 1110 3341 immis-

54 3375 212 3434 sxpoguata
231 3381 341 3438 serpens
353 3407 362 3435 ,
384 3368 456 3422 CXX
477 3370 562 3442 pedes
606 3387 664 3422 sum
673 3382 723 3433 est,
734 3364 832 3418 deinde
843 3377 912 3416 terra
922 3367 1036 3434 effossa,
1047 3388 1112 3422 con-

54 3442 562 3522 iungazpeilirejusmsxiliaqueosque
607 3447 1113 3522 tigitiateripsumbucrinumstrivar-

56 3522 94 3577 ad
111 3521 214 3576 bellun
225 3525 417 3578 Numantinum
433 3527 563 3582 duravere
607 3551 686 3596 nuni,
696 3527 790 3582 utduo
800 3526 875 3579 lacus
886 3527 1074 3593 miscerentur3
1085 3543 1113 3585 st

56 3603 150 3656 Roma
162 3604 189 3656 iu
201 3603 309 3676 templo.
319 3605 432 3658 Faciunt
441 3609 473 3660 iis
481 3607 563 3662 fldem
608 3623 683 3664 tanta
695 3620 839 3680 tempestas
856 3618 917 3659 orta
930 3620 987 3672 est,
1004 3621 1033 3660 ut
1049 3629 1112 3682 pro·

57 3684 177 3737 initalia
189 3684 331 3757 appellata
343 3686 403 3736 Boc
414 3687 443 3738 iu
460 3701 562 3744 tantan
608 3690 844 3766 digiiioeohabits
856 3690 905 3755 sit,
919 3692 1113 3745 annuntiatum

59 3765 264 3837 amplitudinem
284 3777 427 3831 exeuntes,
448 3781 479 3818 ut
500 3769 563 3821 dive
608 3775 642 3826 sit
666 3772 838 3826 simulacrum
866 3770 965 3822 Averni
993 3773 1112 3828 sudasse.

60 3847 177 3900 Claudio
195 3847 333 3919 principe,
349 3848 378 3898 iu
397 3845 458 3898 deo
476 3851 564 3919 cuiun
608 3851 721 3921 Propter
730 3849 805 3921 quod
815 3849 956 3902 Pontifices
968 3849 1006 3902 ibi
1021 3855 1115 3923 piacu-

61 3925 125 3980 dum
134 3929 266 3998 serpentis
276 3928 371 3979 ocche
378 3925 481 3980 nudus
492 3947 567 4002 specb
609 3931 676 3984 iuria
688 3949 764 3984 saera
775 3934 905 3984 iecerunt.
919 3931 1037 4006 Philet-9.

63 4018 134 4060 tatus
152 4009 186 4060 tit
203 4007 405 4080 iufsus.,(Vide
429 4009 495 4062 Hit.
517 4008 564 4061 tib.
651 4011 707 4064 163.
720 4011 803 4063 Jutia.
820 4012 895 4064 lolia
913 4012 998 4078 mtda,
1012 4013 1115 4086 signifi-

64 4085 120 4142 tu·
134 4088 137 4096 '
152 4105 212 4160 esp.
234 4089 274 4155 14.
283 4087 295 4158 )
305 4089 338 4144 V.
353 4089 384 4142 ⁶.
612 4103 655 4142 cat
667 4103 774 4160 portum
788 4091 972 4144 Puteolanum.
991 4095 1040 4145 Per
1057 4114 1117 4167 pro-
