2918 4682
289 390 351 479 498
614 379 994 446 connnurlars

286 511 368 572 vallo
391 519 515 590 poetam
539 503 703 584 aequaturi
727 503 842 584 Incipit
858 500 897 562 ab
913 503 1152 580 exclamatione,
1178 526 1245 587 qua
1272 506 1357 581 ait,

284 595 547 658 fortunatissimos
554 611 620 651 esse
629 589 798 671 agricolas,
808 592 833 650 si
841 604 1025 652 auctentum
1034 592 1353 672 cognoscantboua.

285 684 399 747 Reddit
410 683 579 756 rationem,
594 701 650 742 cur
661 680 899 740 fortunatissimi
911 703 919 738 t
931 681 1005 760 quia
1018 681 1108 741 tellus
1121 681 1214 762 longe
1230 703 1250 740 a
1263 680 1354 741 bel-

284 773 388 833 lorum
404 772 550 852 strepitu,
569 767 633 828 illis
650 789 715 828 nou
731 768 828 827 modo
841 765 921 846 justa
937 782 999 842 est,
1015 768 1095 830 dans
1108 769 1236 843 eadem,
1255 789 1349 849 quae

285 860 412 942 accipin
424 859 476 919 sed
486 856 672 940 justissima,
687 855 761 936 quia
775 875 846 914 cum
861 854 961 914 multo
975 853 1095 916 foenore
1106 858 1228 916 victum
1240 857 1351 915 retri-

283 947 363 1008 buit.
377 951 496 1026 Reges:
511 965 617 1006 nonne
630 959 662 1006 et
675 943 803 1024 reliquis
815 943 1000 1006 mortalibus
1012 941 1103 1008 tellus
1116 946 1237 1006 vicurm
1252 963 1344 1026 sup·

284 1033 423 1120 peditat?
440 1035 587 1114 Expende
602 1046 717 1107 vatem,
737 1045 768 1094 et
781 1034 905 1112 capies:
922 1031 1101 1112 suppeditat
1115 1031 1242 1112 quidem
1258 1029 1345 1091 reli-

285 1127 369 1208 quis,
381 1122 433 1184 sed
443 1119 555 1182 mediis
564 1120 721 1203 agricolis,
732 1122 788 1202 qui
798 1119 885 1180 illam
895 1133 1039 1194 tractactu
1052 1118 1101 1180 bis
1109 1122 1181 1180 unis
1192 1120 1344 1201 ipsamet

282 1211 410 1298 prabet.
420 1213 525 1289 Quum
537 1213 594 1288 ait,
598 1211 702 1294 fiaudit
704 1207 828 1294 facilem
837 1212 944 1270 uictum
948 1254 958 1282 ,
968 1210 1074 1269 innuit
1082 1215 1213 1292 εὐπορίαν,
1227 1222 1259 1268 et
1268 1209 1342 1268 fcr-

173 1301 175 1306 ’
283 1303 429 1365 tilitatem
440 1315 530 1363 terre
539 1301 749 1361 retribuentis.
759 1300 828 1360 Non
841 1299 985 1376 retribuit
994 1313 1152 1380 utcunque
1160 1297 1260 1379 juta,
1274 1296 1341 1358 sed

282 1390 418 1452 ubertim
429 1387 550 1464 fundit,
562 1401 592 1450 et
605 1409 675 1448 com
690 1407 804 1468 magna
817 1385 982 1460 facilitate,
998 1386 1069 1447 ideo
1081 1387 1267 1467 justissima.

320 1479 388 1555 461.
406 1481 575 1560 Comparat
589 1479 685 1538 vitam
701 1474 907 1557 agricolarum
921 1497 995 1536 cum
1011 1474 1147 1549 urbana,
1163 1489 1200 1535 ut
1219 1487 1338 1534 osten-

280 1565 334 1628 dat
345 1563 425 1624 hanc
437 1564 530 1646 longe
542 1584 607 1626 esse
620 1563 674 1625 illa
687 1564 878 1626 inferiorem.
893 1565 939 1622 lta
954 1585 1028 1625 vero
1042 1565 1081 1626 de
1092 1563 1184 1624 bonis
1195 1561 1336 1622 urbanis

280 1654 434 1738 loquitur,
453 1666 488 1713 ut
501 1651 600 1712 multa
612 1654 741 1734 adjiciat
754 1650 794 1712 ad
806 1651 1041 1714 contumeliam.
1059 1655 1183 1726 Fateor,
1203 1649 1334 1731 inquit,

281 1763 382 1812 carere
395 1741 545 1821 agricolas
559 1743 791 1823 superbissimis
805 1741 972 1801 domorum
986 1741 1125 1814 foribus,
1140 1739 1260 1820 quibus
1274 1736 1335 1796 ad-

281 1830 420 1903 mittant,
435 1849 471 1888 ae
481 1830 642 1889 remittant
652 1829 776 1890 turbam
788 1827 993 1890 salutatorum
1009 1827 1248 1888 adventantium
1261 1843 1333 1884 ma-

279 1935 336 1978 ne:
350 1914 452 1974 fateor
462 1935 565 1976 carere
579 1914 747 1977 domorum
763 1917 908 1998 postibus
925 1917 1090 1996 variegatis
1108 1911 1333 1995 pulcherrima

280 2003 449 2078 testudine,
468 2024 548 2085 quos
566 2018 671 2066 tamen
690 2026 756 2066 non
775 2003 914 2081 inhiant,
931 2019 1099 2088 appetunt,
1121 2024 1191 2084 quta
1209 2021 1330 2083 magna

278 2106 324 2151 est
335 2090 483 2168 felicitas,
502 2107 537 2152 ut
547 2092 647 2154 solent
656 2095 752 2154 cives:
772 2094 875 2154 fateor
885 2115 991 2155 carere
1001 2092 1240 2154 Corinthiorum
1249 2111 1329 2166 aere,

314 2238 375 2308 458.
390 2239 576 2296 OFortuu'atos
589 2245 716 2310 nimium,
732 2264 778 2298 sua
822 2247 903 2307 riam,
917 2245 1007 2310 idest,
1021 2243 1167 2308 urbanam,
1178 2243 1327 2314 vituperat.

261 2321 299 2399 'ti
310 2321 376 2372 bona
388 2321 487 2387 norint,
505 2321 645 2395 Apricolos.
662 2325 724 2376 Non
739 2337 778 2377 est
822 2325 891 2377 Nam
910 2325 961 2377 ista
981 2344 1039 2396 quae
1058 2325 1091 2376 de
1111 2323 1222 2375 urbibus
1242 2321 1327 2388 dicit,

277 2399 408 2470 abruptus
419 2405 544 2454 transitus
558 2401 591 2454 ad
604 2403 778 2458 laudemvitae
823 2404 971 2477 opinabilia
988 2416 1050 2456 suut
1065 2403 1153 2468 bona,
1172 2421 1226 2453 non
1243 2421 1327 2470 vera,

278 2482 382 2532 rustice
394 2502 400 2531 ι
414 2501 475 2533 nam
492 2482 527 2535 ad
543 2486 681 2556 superiora
697 2487 779 2557 perti·
824 2487 892 2537 aient
905 2486 1013 2537 rustica.
1023 2485 1093 2537 Sera.

278 2571 338 2618 net;
358 2573 420 2629 post
437 2563 659 2631 vituperationem
679 2567 779 2636 quippe
861 2562 920 2630 462.
937 2566 1017 2616 Mane
1032 2562 1192 2618 salutantum
1210 2562 1269 2614 totis
1282 2579 1329 2614 uo·

279 2638 350 2700 vini,
363 2639 413 2688 iata
421 2639 653 2706 quasicousolutio
664 2655 720 2708 est,
731 2663 780 2714 per
824 2644 873 2694 nu't
883 2643 977 2694 aedibus
992 2642 1100 2693 undam.
1112 2641 1274 2694 Salutatores
1288 2641 1328 2692 in·

280 2729 360 2784 quam
373 2713 522 2767 ostenditur
533 2731 646 2784 quantas
658 2720 780 2792 volupta-
823 2723 891 2786 nrrit,
900 2741 966 2793 quos
973 2739 1127 2774 communes
1135 2721 1328 2774 anricoslloma

279 2806 319 2844 tes
351 2793 456 2844 rusticis
488 2807 585 2846 natura
618 2799 793 2868 praestiterit„
824 2803 1001 2876 vocarit,qui
1013 2814 1109 2872 sporta
1121 2817 1201 2852 eausa
1214 2798 1327 2850 divitum

281 2870 362 2939 Quod
385 2885 474 2924 autem
494 2875 647 2928 Fortunatos
669 2879 780 2931 nimium
825 2880 955 2932 obeuntes
966 2881 1077 2946 limina,
1093 2881 1252 2932 matutinum
1266 2897 1328 2949 pas·

282 2955 334 3015 ait;
347 2970 402 3004 uon
415 2952 449 3004 ad
459 2954 610 3020 fortunam,
623 2957 670 3009 sed
684 2958 719 3011 ad
728 2962 781 3011 lor·
826 2961 875 3010 aim
885 2961 940 3011 Ave
955 2960 1109 3032 portabant.
1123 2957 1200 3010 Unde
1214 2970 1240 3009 et
1255 2959 1327 3010 blar-

282 3045 353 3085 tunae
362 3031 478 3103 pertinet
489 3035 673 3102 quantitatem.
684 3037 753 3089 Serra
826 3038 881 3090 tial.
898 3039 987 3111 Epigr.
1005 3037 1053 3089 lib.
1069 3037 1099 3088 l:
1117 3037 1153 3088 Et
1167 3037 1326 3088 matutinum

318 3112 379 3184 459.
401 3111 498 3164 Procul
521 3111 674 3167 discordibus
695 3117 779 3170 annis.
824 3126 912 3188 portat
930 3117 1030 3187 ineptus
1046 3133 1101 3166 aue.
1118 3143 1153 3154 -
1169 3115 1239 3166 luter
1258 3133 1326 3186 quos

281 3187 373 3264 Longe
385 3191 581 3261 scivitatibus,
595 3192 680 3265 plenis
692 3199 781 3268 jurgio
826 3195 903 3248 multi
925 3195 1025 3266 pedum
1044 3194 1179 3247 celeritate
1200 3196 1279 3263 freti,
1299 3207 1326 3247 et

283 3285 310 3325 et
322 3272 638 3345 raprnis:longeabello
649 3275 783 3346 quodHo-
828 3275 939 3326 avaritia
961 3270 1069 3343 impulsi
1094 3290 1175 3343 quam
1198 3271 1325 3343 plurimas

282 3370 372 3404 merus
385 3353 502 3424 appellat
515 3351 641 3418 indultus.
827 3351 938 3405 adibant
950 3351 1061 3416 domos,
1073 3364 1102 3401 ut
1111 3349 1173 3402 iude
1186 3353 1326 3404 maximum

319 3431 380 3498 460.
394 3433 537 3484 Justisst'ma
555 3433 637 3486 tellus.
653 3437 781 3506 Proprie:
827 3444 992 3503 reportarent
1008 3431 1121 3483 lucrum.
1135 3431 1166 3484 V.
1180 3429 1210 3482 G.
1223 3460 1257 3468 —
1272 3431 1325 3482 llu-

282 3528 346 3561 nam
356 3513 377 3562 si
384 3515 471 3578 justus
484 3526 536 3578 est,
547 3515 609 3584 qui,
625 3515 698 3586 quod
709 3534 783 3568 acee-
827 3512 897 3564 dam.
911 3511 1021 3581 Populi,
1033 3511 1127 3562 stantis
1140 3509 1177 3562 ad
1191 3507 1323 3576 officium,

284 3589 369 3657 perit,
384 3589 487 3651 reddit;
502 3603 574 3642 terra
586 3593 677 3662 utique
691 3595 784 3662 justis-
828 3589 1024 3642 multitudinem
1040 3593 1230 3658 interpretatur
1246 3587 1323 3639 Scho-

285 3666 352 3716 sima
367 3678 420 3730 est,
438 3685 495 3736 quae
512 3671 612 3737 majore
630 3671 733 3723 foenore
747 3691 785 3726 se·
828 3671 896 3725 liant.
913 3671 940 3720 in
958 3668 1080 3723 Juvenal.
1098 3671 1150 3734 lll,
1168 3667 1233 3734 2445
1247 3669 1324 3724 Nobis

285 3744 356 3794 mina
370 3757 481 3816 accepta
493 3747 615 3797 restituit.
627 3747 696 3799 Serv.
826 3750 1019 3825 properantibus
1041 3750 1123 3804 obstat
1148 3748 1219 3801 uada
1246 3749 1322 3820 prior.

320 3824 380 3891 461.
390 3825 419 3877 Si
431 3843 483 3876 uon
494 3825 732 3898 ingentem'fon'bus
742 3831 786 3882 do-
829 3829 909 3899 Quod
921 3829 993 3882 hora
1010 3829 1068 3881 dua
1084 3831 1174 3900 primae
1188 3827 1322 3880 salutatio-

285 3922 342 3956 mus
354 3903 408 3955 alta
419 3905 537 3974 superbis.
553 3907 588 3958 Ut
598 3908 678 3959 etiam
689 3909 716 3960 in
728 3909 784 3962 lau·
827 3910 907 3962 nibus
916 3908 1154 3982 impendebantur,
1165 3927 1197 3962 ex
1203 3909 1322 3962 Martiale

286 3981 347 4035 dem
356 3983 525 4048 fecitltalie;
539 4003 595 4038 nou
607 3985 694 4040 solum
703 3990 784 4042 vitam
828 3989 953 4044 discimus
964 3991 1016 4056 IV,
1035 3989 1067 4050 ὃς
1084 3990 1139 4042 imo
1152 3987 1234 4040 dubia
1249 3987 1321 4054 lure,

285 4060 378 4115 laudat
386 4063 525 4134 rusticam,
533 4063 579 4119 sed
588 4068 667 4121 etiam
679 4079 784 4120 contra-
828 4070 942 4124 necdum
961 4071 1049 4123 vestiti
1066 4069 1176 4142 defungi
1194 4067 1321 4140 cogeban-
