2986 4694
184 399 1182 432 mmmmmwuwuwswmmmmmm
1190 403 1230 422 ιΜ

419 651 1040 850 Paoouutuu

530 988 603 1090 IN
634 982 889 1090 COPAM.

188 1477 396 1584 Sutuutoua
410 1517 554 1584 carmina
569 1539 609 1582 ex
624 1517 802 1584 Heinsiana
819 1534 852 1584 et
865 1517 1108 1586 Burmanniana
1122 1535 1235 1582 recen-

186 1610 531 1712 sione'repetivimus.
558 1625 606 1688 Ex
627 1624 746 1690 ceteris
771 1624 909 1713 Virgilio
934 1645 1109 1713 perperam
1131 1620 1232 1710 vulgo

188 1727 320 1795 tributis
333 1727 641 1824 carminibus,'quae
657 1733 864 1800 Burmannus
879 1731 1051 1798 Secundus
1062 1733 1097 1795 in
1109 1727 1234 1796 Antho-

188 1833 275 1922 logia
293 1837 408 1903 Latina
424 1861 533 1928 nuper
554 1839 674 1903 iterum
691 1836 884 1904 excudenda
903 1839 1046 1916 curavit,
1067 1853 1100 1902 et
1120 1835 1233 1902 multis

190 1939 385 2008 eruditionis
396 1945 501 2035 copiis
509 1945 696 2026 illustravit,
708 1942 893 2011 duoadhuc
900 1943 1101 2036 subjungere
1111 1941 1232 2031 placet,

189 2047 316 2137 Copam
333 2069 367 2117 et
384 2053 549 2120 Mommm
561 2055 627 2140 (r):
647 2075 791 2142 quorum
810 2052 875 2119 hoe
888 2075 1024 2142 prorsus
1041 2049 1083 2116 ab
1101 2073 1143 2116 eo
1156 2071 1251 2138 prae,

188 2158 391 2240 tenuissum,
408 2157 491 2240 illud
506 2160 787 2250 interpretationis
801 2157 912 2224 adhuc
927 2158 1002 2224 luce
1013 2158 1123 2247 aliqua
1136 2177 1234 2244 egere

187 2265 297 2330 visum
309 2283 372 2347 est,
389 2265 527 2357 dignum
539 2285 643 2349 certe,
661 2265 754 2358 quod
767 2267 824 2334 hic
837 2282 1057 2357 repeteretur,
1077 2285 1182 2354 quum
1194 2285 1234 2328 ex

189 2369 439 2458 elegantissimis
453 2373 627 2462 poematiis
641 2374 694 2439 sit.

234 2476 274 2539 ln
291 2500 394 2541 anum
407 2479 580 2564 pmpolom
597 2479 758 2568 scriptum
775 2499 846 2544 esse
863 2499 996 2544 carmen
1013 2475 1113 2564 vulgo
1130 2476 1233 2541 aiunt.

190 2581 240 2645 lta
251 2603 331 2646 vero
344 2583 451 2648 omnis
462 2582 532 2675 ejus
545 2583 687 2649 suavitas
699 2581 841 2663 sublata,
855 2600 888 2650 et
899 2581 1063 2648 adversm
1076 2581 1236 2669 iuterpre-

188 2686 347 2752 tatiouem
366 2689 420 2754 via
437 2689 598 2780 praeclusa
614 2689 720 2756 videri
740 2688 850 2754 dehet.
868 2691 975 2754 lmmo
991 2710 1071 2752 vero
1088 2687 1236 2754 invitatio

190 2807 240 2858 est
256 2790 305 2859 ad
319 2798 588 2881 comparationem
603 2810 637 2860 et
653 2795 804 2862 hilariter
816 2793 1015 2886 exigendam
1029 2791 1118 2859 diem
1136 2796 1170 2858 in
1184 2807 1235 2857 ta-

190 2895 292 2964 berna
311 2904 530 2988 cauponan‘a5
553 2903 649 2994 cujus
672 2903 802 2992 generis
825 2901 920 2966 fuere
943 2901 1024 2968 olim
1047 2900 1174 2990 plures,
1199 2913 1237 2962 ut

192 3003 292 3068 etiam
311 3029 401 3073 nuuc
419 3025 511 3089 sunt,
534 3026 623 3075 extra
645 3009 777 3089 urbem,
797 3006 839 3073 ad
858 3007 1022 3088 Tiberim,
1043 3005 1137 3072 etad
1158 3006 1236 3070 litus

191 3109 300 3174 maris.
313 3109 365 3175 Ad
378 3135 431 3178 eas
445 3112 598 3180 tabernas
610 3138 678 3180 nou
691 3113 792 3180 modo
804 3112 939 3180 sordida
953 3130 987 3178 et
1000 3113 1131 3178 nautica
1141 3109 1237 3199 plebs

191 3211 398 3280 confluebat:
420 3239 537 3281 verum
558 3236 652 3284 erant
669 3219 756 3300 aliae,
776 3241 858 3308 quas
879 3219 1035 3284 lautiores
1054 3233 1087 3280 et
1108 3215 1238 3302 elegan-

191 3318 292 3385 tiores
303 3320 457 3389 homiues
470 3323 611 3391 adirent.

234 3425 335 3511 Quod
347 3427 439 3517 Copa
451 3451 585 3496 carmen
599 3431 793 3520 inscriptum
805 3444 869 3509 est,
883 3427 917 3493 id
928 3429 1063 3518 aprima
1074 3429 1147 3520 ejus
1156 3450 1237 3496 voce

190 3533 294 3600 fluxit.
308 3531 415 3620 Copa,
425 3559 549 3623 eattpa,
559 3559 660 3624 cupa,
673 3535 794 3602 mulier
803 3551 853 3600 est
862 3533 1039 3625 cauponis,
1055 3551 1092 3600 ut
1104 3535 1238 3624 copiose

191 3641 337 3731 Scaliger
349 3639 472 3708 docuit.
486 3645 555 3710 Nec
569 3659 679 3708 tamen
691 3641 726 3708 h.
738 3643 761 3708 l.
776 3665 864 3723 eam,
880 3663 955 3732 quae
969 3663 1154 3732 cauponam
1168 3642 1238 3733 ipsa

226 3825 266 3897 (t)
277 3809 378 3879 Tamen
393 3828 461 3880 inter
475 3827 577 3900 Copam
591 3839 618 3881 et
631 3826 766 3881 Murenam
779 3828 898 3880 inveniet
912 3826 1019 3879 Hos-tuli
1030 3825 1239 3898 descriptionem

192 3907 298 3958 Maroni
311 3905 487 3978 adscriptam,
507 3925 564 3980 qua
581 3907 657 3960 abeat
674 3908 708 3961 ab
725 3909 820 3960 Htttttt
837 3905 968 3968 editione;
988 3908 1109 3978 quamvis
1126 3909 1153 3956 iu
1168 3908 1239 3958 anti-

194 3985 327 4056 quissimis
346 3987 508 4059 optimisque
528 3989 685 4058 reperiatur.
705 3987 774 4044 Vide
793 3999 885 4041 notam
904 3985 939 4040 ad
957 3985 1028 4040 hunc
1046 3985 1136 4036 locum
1155 3985 1238 4048 inira,

193 4075 256 4134 post
267 4063 384 4138 Copam,
396 4084 458 4138 pag.
475 4082 532 4136 190.
552 4067 585 4118 tt.
598 4065 627 4118 Ε.
642 4067 670 4122 ln
