2986 4694
620 344 767 410 ClRlS.

171 471 359 560 Purpureas
372 471 458 535 inter
467 467 560 535 Soles
573 484 606 532 et
618 457 759 533 candida
771 469 873 534 Lunae

172 576 299 656 Sidera,
313 577 460 643 caeruleis
473 575 589 640 orbem
601 574 765 664 pulsantia
777 573 875 662 bigis,

171 683 304 748 Naturae
317 707 427 748 rerum
440 683 566 772 magnis
578 683 724 746 intexere
737 680 874 760 chartis3

172 792 343 854 AEternum
356 789 487 879 Sophiae
499 788 715 879 conjunctum
728 787 874 852 carmine.
887 809 1009 854 nomen

172 899 291 963 Nostra
303 915 398 962 tuum
411 897 545 964 senibus
557 898 752 986 loqueretur
763 897 880 984 pagina
893 895 1006 962 saeclis.

172 1003 237 1070 Sed
250 1005 407 1094 quoniam
420 1004 462 1069 ad
475 1021 580 1070 tantas
593 1026 682 1068 nunc
695 1002 838 1091 primum
851 1002 1017 1066 nascimur
1028 1021 1126 1089 antea,

172 1111 269 1175 Nunc
281 1111 426 1198 primum
439 1128 570 1175 teneros
584 1109 752 1172 firmamus
765 1106 885 1172 robore
898 1130 1036 1172 nervos:

174 1216 253 1280 Haec
266 1232 376 1280 tamen
390 1216 530 1294 interea,
544 1237 619 1303 quae
633 1235 823 1302 passumus,
838 1213 870 1277 in
885 1213 1006 1303 quibus
1018 1217 1079 1280 aevi

174 1321 282 1386 Prima
295 1321 481 1385 rudimenta
495 1337 528 1384 et
541 1320 664 1407 primos
678 1320 845 1407 exegimus
857 1341 977 1401 annos,
1194 1338 1222 1396 45

173 1427 300 1515 Adcipe
313 1426 414 1506 dona,
429 1448 504 1490 meo
517 1426 657 1490 multum
672 1426 802 1512 vigilata
814 1425 942 1506 labare,

175 1537 216 1600 Et
230 1535 394 1624 praemissa
407 1535 472 1598 tuis
485 1557 551 1598 nan
565 1557 688 1621 magna
697 1533 831 1598 exordia
843 1533 943 1598 rebus
956 1557 963 1596 ι

176 1643 270 1731 Inpia
282 1640 440 1730 prodigiis
454 1657 491 1705 ut
504 1639 674 1729 quandam
687 1640 845 1704 exterruit
855 1640 974 1727 amplis

209 1811 247 1858 38.
259 1810 324 1875 iriqu.
338 1811 371 1856 lta
383 1809 453 1856 video
470 1811 570 1871 primum
591 1807 679 1855 editum
696 1811 721 1854 in
738 1806 790 1854 Ald.
808 1811 836 1855 At
856 1821 947 1856 veteres
963 1809 1032 1864 edd.,
1051 1821 1077 1856 ut
1091 1809 1151 1856 Veu.
1168 1811 1227 1870 1484

178 1893 202 1928 et
215 1880 281 1938 alia,
297 1897 350 1926 cum
366 1895 407 1926 ms.
425 1878 493 1925 Basil.
505 1883 585 1942 sputi,
598 1893 729 1941 perperam.
746 1879 853 1924 Bacchius
868 1893 951 1924 erret.
966 1879 1003 1925 ed.
1020 1895 1060 1926 tua
1077 1881 1159 1928 [ιοιιιι.
1173 1883 1228 1928 Vlll

176 1949 294 2016 Epiphyll.
323 1950 351 2005 ι4
370 1949 448 1996 laudat
467 1966 502 2012 pr.
520 1949 576 1995 edit.
598 1952 681 2004 sumu,
699 1960 723 1994 et
741 1948 798 1995 inde
815 1945 1004 2012 conjicitmulis.
1022 1950 1086 1996 uiuit
1106 1965 1139 1998 cet
1158 1952 1227 2000 facile

176 2033 223 2068 tam
242 2019 380 2074 absurdum,
399 2019 464 2082 quad
485 2034 532 2065 non
555 2021 643 2065 Critico
664 2021 688 2064 in
710 2032 812 2065 mentem
834 2022 930 2066 venerit.
952 2045 984 2056 -
1004 2020 1041 2076 4ο.
1062 2023 1180 2068 AEternum
1202 2033 1229 2070 ut

175 2091 264 2156 Sophia
276 2093 358 2137 laeua
374 2089 390 2135 l.
404 2107 425 2136 c.
439 2107 451 2136 c
465 2103 512 2137 vet.
530 2091 601 2146 edit.;
620 2089 697 2136 raalirn
715 2100 738 2136 et
753 2090 840 2152 legere.
861 2093 969 2138 lleinriut
981 2092 1072 2138 emend.
1086 2093 1180 2140 AEtcma
1189 2091 1228 2142 vel

176 2163 283 2218 Altema,
302 2163 367 2226 quod
385 2177 433 2208 non
445 2165 520 2225 capio.
537 2187 567 2198 -
583 2161 621 2218 43.
641 2163 657 2208 l.
677 2163 745 2207 Nunc
757 2165 856 2225 pultium
873 2176 896 2209 et
911 2172 926 2208 t.
940 2164 1018 2210 lleint.
1038 2165 1106 2210 Nunc
1115 2169 1227 2228 primum,

176 2235 213 2282 vel
222 2238 308 2298 primo.
318 2233 366 2280 ltac.
378 2258 411 2268 -
422 2233 459 2288 45.
470 2242 493 2278 et
498 2238 595 2296 1ιἰιιιιιιιιέ
604 2235 718 2296 ecepimus
726 2249 798 2278 annas
808 2233 859 2278 Ald.
870 2235 955 2296 Sicque
968 2249 1009 2280 nn.
1022 2233 1132 2290 licinus,
1144 2236 1230 2297 probat

176 2308 302 2353 Burmann.
317 2303 349 2350 ad
366 2307 519 2372 Summanu,
538 2317 653 2351 renuente
671 2305 709 2350 lo.
725 2303 855 2349 Schradero
871 2303 999 2349 Emendatt.
1017 2321 1069 2366 pap.
1084 2305 1122 2362 45.
1140 2330 1171 2341 -
1188 2306 1226 2368 47.

175 2382 286 2442 promissa
300 2375 355 2422 edd.
370 2388 425 2423 vett.
435 2410 442 2431 ,
453 2388 480 2421 ut
491 2377 550 2422 Ven.
567 2375 633 2432 ι484.
648 2375 798 2421 Emendatiua
810 2379 926 2436 premissa
935 2375 1000 2420 dedit
1014 2375 1106 2421 Aldina.
1117 2381 1228 2439 pennata

176 2465 218 2496 rna.
231 2447 299 2494 Batil.
310 2471 339 2482 -
352 2446 389 2502 48.
406 2449 507 2510 Impia...
528 2450 638 2492 exterruit
648 2445 737 2508 amplis
754 2447 842 2492 Vitium
856 2463 881 2491 ιιι
896 2449 1004 2493 extremit
1016 2446 1090 2494 latens
1101 2463 1149 2492 nou
1161 2447 1228 2494 diffi-

176 2518 221 2566 cile
233 2531 268 2565 ert
282 2517 468 2579 deprehendere.
487 2513 552 2563 Nam'
562 2517 644 2580 amplis
663 2519 823 2579 importunum
843 2529 877 2563 est
894 2517 923 2563 de
942 2517 1067 2578 prodigiis,
1081 2528 1104 2564 et
1117 2520 1228 2563 exterruit

175 2603 309 2653 suspectum
324 2589 364 2644 fit,
376 2602 472 2651 propter
490 2603 590 2651 aequent
600 2589 681 2634 vitierit
691 2601 715 2634 et
727 2587 929 2650 supernalitatem.
943 2590 1027 2634 larem
1039 2591 1063 2633 in
1077 2605 1105 2635 eo
1116 2593 1227 2636 exterruit

177 2663 252 2708 rtatim
267 2659 380 2713 occurrit,
392 2658 465 2722 idqrre
477 2660 536 2705 vidit
547 2661 584 2704 lo.
595 2657 718 2704 Schrader.
733 2659 855 2704 Emendat.
866 2677 889 2722 p.
902 2659 938 2704 56.
949 2659 1045 2722 explent
1057 2659 1147 2724 reliqua
1156 2677 1161 2706 τ
1170 2679 1225 2726 pra·

175 2735 276 2798 diple...
292 2735 400 2778 exterrita
413 2735 497 2778 amoris
508 2730 585 2792 &plia
604 2747 672 2778 navas
687 2733 799 2777 avium...
818 2733 918 2787 Viderit,·
935 2745 960 2778 ut
978 2731 1049 2779 luerit
1064 2731 1145 2797 Scyllae
1162 2751 1227 2782 arnor

176 2804 324 2868 prodigiosus
334 2815 356 2850 et
367 2806 470 2866 portenti
484 2803 573 2850 cimilia.
587 2805 635 2849 Nec
647 2815 724 2849 tamen
733 2803 764 2850 ad
776 2817 854 2852 cetera
866 2805 926 2850 bene
937 2819 961 2850 ae
973 2803 1044 2850 lubet
1053 2803 1112 2850 hoc:
1127 2807 1228 2870 Scyllam

178 2951 255 3019 eique
267 2947 387 3000 Messalae
399 2965 496 3002 nomen
507 2951 633 3002 intexere.
643 2977 679 2986 -
723 2946 767 2999 lei.
780 2967 808 3020 p.
822 2947 854 3018 37
868 2949 974 3008 statuit,
987 2946 1034 2999 sed
1052 2945 1085 2998 de
1104 2945 1225 3018 philoso-

178 3029 221 3099 37.
236 3029 278 3102 38.
291 3028 380 3095 Luna,
401 3047 458 3099 quae
478 3030 613 3082 inuehitur
630 3047 679 3099 per
723 3025 793 3098 phiae
806 3027 894 3080 studio
908 3029 1016 3098 accipe,
1028 3023 1062 3078 ad
1071 3027 1143 3096 quod
1154 3047 1225 3080 nunc

178 3109 281 3170 orbem,
292 3106 397 3171 caelum,
408 3109 486 3180 bigla.
495 3108 585 3160 Sidera
597 3111 677 3170 Lunae
724 3107 838 3176 primurn
850 3107 968 3158 accessit.

178 3205 229 3260 pro
244 3185 343 3251 sidere,
363 3199 389 3237 et
406 3185 512 3258 pulsare
529 3187 562 3238 de
582 3207 677 3254 curru,
759 3185 802 3254 47.
822 3185 856 3235 Er
870 3185 1010 3255 praemissa.
1031 3183 1055 3234 si
1076 3201 1168 3236 sensus
1186 3185 1225 3236 in·

179 3283 226 3318 teu
240 3265 316 3333 equis
327 3281 405 3314 curru
419 3275 503 3315 tracto
516 3264 602 3315 solum
614 3282 680 3335 qua·
725 3277 780 3330 est,
805 3263 884 3314 debet
906 3275 987 3333 poeta
1010 3259 1172 3332 significare,
1196 3280 1224 3315 se

179 3343 307 3398 tientibus
329 3341 457 3396 sollenne.
481 3371 517 3382 -
531 3361 681 3414 purpureus
725 3345 883 3414 praemittere
897 3343 973 3412 quasi
988 3339 1111 3403 exordia,
1123 3340 1226 3392 scilicet

180 3421 613 3498 propulcher,frequenspaetia.
694 3420 996 3502 3praelutlia,carmini,
1011 3418 1225 3489 quoaliquando
1324 3427 1328 3434 '

216 3505 259 3574 4ο.
274 3503 316 3569 41.
331 3503 435 3556 Nomen
449 3515 543 3570 tuum,
555 3507 680 3570 conjunc·
724 3500 845 3553 Messalae
864 3519 905 3552 res
923 3511 1010 3572 gestas
1032 3514 1225 3571 persequetur,

181 3595 237 3638 tum
246 3581 367 3655 Saplioe,
377 3583 510 3649 carmine,
521 3582 568 3653 (h.
579 3584 681 3634 nomini
725 3579 775 3632 hos
787 3579 877 3644 lusus,
891 3589 920 3630 ut
934 3577 1020 3649 Scylla
1035 3579 1062 3630 in
1074 3571 1150 3630 anain
1168 3579 1227 3633 ιιιιιέ

179 3663 285 3736 Sophite
294 3663 321 3713 in
329 3661 586 3735 carmine),paqipa
594 3673 681 3714 nostra
727 3669 782 3710 tata
798 3657 847 3711 sit:
868 3657 939 3730 quod
962 3658 1097 3730 eleganter
1118 3661 1226 3712 extulite

181 3741 558 3818 loquereturoetemumsoeclir
568 3743 681 3809 senibus,
727 3749 794 3790 ut...
820 3757 898 3790 navas
923 3737 1033 3802 auium,
1055 3737 1174 3792 sublimis
1198 3741 1228 3793 ιἰι

179 3824 382 3888 hacest,seris.
727 3835 801 3883 aere,
815 3828 893 3870 carro
903 3817 1023 3883 Viderit,
1035 3827 1062 3868 et
1071 3819 1145 3870 tenui
1154 3837 1227 3872 caua·

218 3907 261 3974 4²·
271 3904 316 3957 Aa
324 3915 409 3956 mutas
418 3914 499 3957 artes:
508 3921 563 3956 non
575 3901 609 3954 de
618 3921 682 3974 poe·
727 3899 837 3953 candens
847 3898 932 3951 sidera
944 3917 1034 3970 pertua
1048 3899 1169 3952 cantica
1178 3919 1227 3956 sua

182 3987 252 4052 tica,
274 3997 304 4036 ut
329 4002 475 4056 perperam¹
493 3995 555 4056 poet
578 3996 681 4036 ceteros
726 3990 791 4032 tecta
814 3977 1039 4051 supervolitaverit
1060 3977 1117 4032 alit.
1130 4009 1165 4020 -
1181 3981 1224 4046 48.

180 4065 461 4137 Fontaninusquaque
470 4065 592 4120 iliatlitt.
601 4063 682 4136 Aqui·
726 4061 865 4135 Corruptis
886 4060 974 4115 verbis
995 4059 1115 4114 declarat
1135 4079 1225 4116 versut

1022 4163 1046 4218 7.
