<?xml version="1.0" encoding="UTF-8"?>
<!DOCTYPE html PUBLIC "-//W3C//DTD XHTML 1.0 Transitional//EN"
    "http://www.w3.org/TR/xhtml1/DTD/xhtml1-transitional.dtd">
<html xmlns="http://www.w3.org/1999/xhtml" xml:lang="en" lang="en">
 <head>
  <title>
</title>
<meta http-equiv="Content-Type" content="text/html;charset=utf-8" />
  <meta name='ocr-system' content='tesseract 3.04.00' />
  <meta name='ocr-capabilities' content='ocr_page ocr_carea ocr_par ocr_line ocrx_word'/>
</head>
<body>
  <div class='ocr_page' id='page_1' title='image "./pvirgiliusmaroq04barbgoog_0306.png"; bbox 0 0 3000 4674; ppageno 0'>
   <div class='ocr_carea' id='block_1_1' title="bbox 334 377 1042 456">
    <p class='ocr_par' dir='ltr' id='par_1_1' title="bbox 334 377 1042 456">
     <span class='ocr_line' id='line_1_1' title="bbox 334 377 1042 456; baseline -0.011 -4"><span class='ocrx_word' id='word_1_1' title='bbox 334 387 396 456; x_wconf 78' lang='lat'><strong>308</strong></span> <span class='ocrx_word' id='word_1_2' title='bbox 663 377 1042 446; x_wconf 77' lang='lat' dir='ltr'><strong>COMMENTARIA</strong></span> 
     </span>
    </p>
   </div>
   <div class='ocr_carea' id='block_1_2' title="bbox 332 499 1388 2349">
    <p class='ocr_par' dir='ltr' id='par_1_2' title="bbox 332 499 1382 1030">
     <span class='ocr_line' id='line_1_2' title="bbox 332 499 1377 588; baseline -0.007 -17"><span class='ocrx_word' id='word_1_3' title='bbox 332 527 403 570; x_wconf 89' lang='lat' dir='ltr'><strong>sum</strong></span> <span class='ocrx_word' id='word_1_4' title='bbox 415 503 534 578; x_wconf 79' lang='lat' dir='ltr'><strong>adhuc,</strong></span> <span class='ocrx_word' id='word_1_5' title='bbox 552 511 582 561; x_wconf 92' lang='lat' dir='ltr'><strong>et</strong></span> <span class='ocrx_word' id='word_1_6' title='bbox 597 499 739 562; x_wconf 87' lang='lat' dir='ltr'><strong>modicus</strong></span> <span class='ocrx_word' id='word_1_7' title='bbox 758 500 836 560; x_wconf 86' lang='lat' dir='ltr'><strong>mihi</strong></span> <span class='ocrx_word' id='word_1_8' title='bbox 851 499 980 562; x_wconf 77' lang='lat' dir='ltr'><strong>hortus:</strong></span> <span class='ocrx_word' id='word_1_9' title='bbox 995 499 1052 562; x_wconf 80' lang='lat' dir='ltr'><strong>leci</strong></span> <span class='ocrx_word' id='word_1_10' title='bbox 1067 515 1096 564; x_wconf 90' lang='lat' dir='ltr'><strong>te</strong></span> <span class='ocrx_word' id='word_1_11' title='bbox 1108 523 1165 584; x_wconf 89' lang='lat' dir='ltr'><strong>pro</strong></span> <span class='ocrx_word' id='word_1_12' title='bbox 1178 516 1330 588; x_wconf 86' lang='lat' dir='ltr'><strong>tempore</strong></span> <span class='ocrx_word' id='word_1_13' title='bbox 1343 523 1377 564; x_wconf 81' lang='lat' dir='ltr'><strong>ex</strong></span> 
     </span>
     <span class='ocr_line' id='line_1_3' title="bbox 332 589 1377 676; baseline -0.005 -19"><span class='ocrx_word' id='word_1_14' title='bbox 332 613 504 668; x_wconf 84' lang='lat' dir='ltr'><strong>marmore,</strong></span> <span class='ocrx_word' id='word_1_15' title='bbox 521 591 633 652; x_wconf 86' lang='lat' dir='ltr'><strong>faciam</strong></span> <span class='ocrx_word' id='word_1_16' title='bbox 653 589 764 672; x_wconf 89' lang='lat' dir='ltr'><strong>procul</strong></span> <span class='ocrx_word' id='word_1_17' title='bbox 782 589 882 664; x_wconf 89' lang='lat' dir='ltr'><strong>dubio</strong></span> <span class='ocrx_word' id='word_1_18' title='bbox 899 611 936 652; x_wconf 84' lang='lat' dir='ltr'><strong>ex</strong></span> <span class='ocrx_word' id='word_1_19' title='bbox 956 612 1048 666; x_wconf 84' lang='lat' dir='ltr'><strong>euro,</strong></span> <span class='ocrx_word' id='word_1_20' title='bbox 1070 593 1097 652; x_wconf 83' lang='lat' dir='ltr'><strong>ai</strong></span> <span class='ocrx_word' id='word_1_21' title='bbox 1115 591 1227 656; x_wconf 77' lang='lat' dir='ltr'><strong>ioetura</strong></span> <span class='ocrx_word' id='word_1_22' title='bbox 1249 615 1377 676; x_wconf 73' lang='lat' dir='ltr'><strong>gregem</strong></span> 
     </span>
     <span class='ocr_line' id='line_1_4' title="bbox 333 678 1378 766; baseline -0.007 -20"><span class='ocrx_word' id='word_1_23' title='bbox 333 682 540 766; x_wconf 81' lang='lat' dir='ltr'><strong>suppleverit:</strong></span> <span class='ocrx_word' id='word_1_24' title='bbox 555 678 639 761; x_wconf 87' lang='lat' dir='ltr'><strong>quod</strong></span> <span class='ocrx_word' id='word_1_25' title='bbox 652 680 695 740; x_wconf 86' lang='lat' dir='ltr'><strong>sic</strong></span> <span class='ocrx_word' id='word_1_26' title='bbox 710 681 819 761; x_wconf 84' lang='lat' dir='ltr'><strong>capio:</strong></span> <span class='ocrx_word' id='word_1_27' title='bbox 833 693 990 762; x_wconf 87' lang='lat' dir='ltr'><strong>acceperat</strong></span> <span class='ocrx_word' id='word_1_28' title='bbox 999 694 1108 762; x_wconf 78' lang='lat' dir='ltr'><strong>postor</strong></span> <span class='ocrx_word' id='word_1_29' title='bbox 1120 681 1378 756; x_wconf 86' lang='lat' dir='ltr'><strong>incommodum,</strong></span> 
     </span>
     <span class='ocr_line' id='line_1_5' title="bbox 333 767 1382 852; baseline -0.004 -19"><span class='ocrx_word' id='word_1_30' title='bbox 333 788 366 833; x_wconf 90' lang='lat' dir='ltr'><strong>et</strong></span> <span class='ocrx_word' id='word_1_31' title='bbox 377 770 550 830; x_wconf 86' lang='lat' dir='ltr'><strong>diminutus</strong></span> <span class='ocrx_word' id='word_1_32' title='bbox 562 767 665 828; x_wconf 83' lang='lat' dir='ltr'><strong>fuerat</strong></span> <span class='ocrx_word' id='word_1_33' title='bbox 677 787 825 828; x_wconf 84' lang='lat' dir='ltr'><strong>numerus</strong></span> <span class='ocrx_word' id='word_1_34' title='bbox 837 770 960 828; x_wconf 83' lang='lat' dir='ltr'><strong>orium:</strong></span> <span class='ocrx_word' id='word_1_35' title='bbox 974 769 1070 849; x_wconf 75' lang='lat' dir='ltr'><strong>igitur</strong></span> <span class='ocrx_word' id='word_1_36' title='bbox 1078 783 1181 852; x_wconf 80' lang='lat' dir='ltr'><strong>optet,</strong></span> <span class='ocrx_word' id='word_1_37' title='bbox 1192 785 1228 832; x_wconf 82' lang='lat' dir='ltr'><strong>ut</strong></span> <span class='ocrx_word' id='word_1_38' title='bbox 1241 785 1324 832; x_wconf 83' lang='lat' dir='ltr'><strong>nate</strong></span> <span class='ocrx_word' id='word_1_39' title='bbox 1335 791 1382 829; x_wconf 85' lang='lat' dir='ltr'><strong>so·</strong></span> 
     </span>
     <span class='ocr_line' id='line_1_6' title="bbox 333 856 1379 943; baseline -0.006 -21"><span class='ocrx_word' id='word_1_40' title='bbox 333 860 420 922; x_wconf 84' lang='lat' dir='ltr'><strong>bolcs</strong></span> <span class='ocrx_word' id='word_1_41' title='bbox 438 856 567 919; x_wconf 86' lang='lat' dir='ltr'><strong>reducat</strong></span> <span class='ocrx_word' id='word_1_42' title='bbox 587 877 710 938; x_wconf 73' lang='lat' dir='ltr'><strong>gregem</strong></span> <span class='ocrx_word' id='word_1_43' title='bbox 732 860 765 916; x_wconf 92' lang='lat' dir='ltr'><strong>in</strong></span> <span class='ocrx_word' id='word_1_44' title='bbox 787 858 955 939; x_wconf 80' lang='lat' dir='ltr'><strong>pristinum</strong></span> <span class='ocrx_word' id='word_1_45' title='bbox 977 877 1157 935; x_wconf 86' lang='lat' dir='ltr'><strong>numerum,</strong></span> <span class='ocrx_word' id='word_1_46' title='bbox 1179 873 1210 920; x_wconf 89' lang='lat' dir='ltr'><strong>et</strong></span> <span class='ocrx_word' id='word_1_47' title='bbox 1229 858 1379 943; x_wconf 69' lang='lat' dir='ltr'><strong>suppleat</strong></span> 
     </span>
     <span class='ocr_line' id='line_1_7' title="bbox 335 943 988 1030; baseline -0.005 -22"><span class='ocrx_word' id='word_1_48' title='bbox 335 945 484 1030; x_wconf 87' lang='lat' dir='ltr'><strong>quicquid</strong></span> <span class='ocrx_word' id='word_1_49' title='bbox 497 959 657 1027; x_wconf 88' lang='lat' dir='ltr'><strong>acceptum</strong></span> <span class='ocrx_word' id='word_1_50' title='bbox 668 943 771 1004; x_wconf 82' lang='lat' dir='ltr'><strong>luerat</strong></span> <span class='ocrx_word' id='word_1_51' title='bbox 785 943 988 1006; x_wconf 86' lang='lat' dir='ltr'><strong>incommodi.</strong></span> 
     </span>
    </p>

    <p class='ocr_par' dir='ltr' id='par_1_3' title="bbox 334 1032 1386 2153">
     <span class='ocr_line' id='line_1_8' title="bbox 376 1032 1380 1118; baseline -0.007 -21"><span class='ocrx_word' id='word_1_52' title='bbox 376 1037 424 1118; x_wconf 82' lang='lat'><strong>37.</strong></span> <span class='ocrx_word' id='word_1_53' title='bbox 445 1036 520 1095; x_wconf 84' lang='lat' dir='ltr'><strong>Post</strong></span> <span class='ocrx_word' id='word_1_54' title='bbox 538 1032 644 1093; x_wconf 83' lang='lat' dir='ltr'><strong>oblato</strong></span> <span class='ocrx_word' id='word_1_55' title='bbox 662 1033 729 1092; x_wconf 85' lang='lat' dir='ltr'><strong>Diis</strong></span> <span class='ocrx_word' id='word_1_56' title='bbox 747 1053 877 1094; x_wconf 82' lang='lat' dir='ltr'><strong>munera</strong></span> <span class='ocrx_word' id='word_1_57' title='bbox 895 1048 967 1095; x_wconf 87' lang='lat' dir='ltr'><strong>suut</strong></span> <span class='ocrx_word' id='word_1_58' title='bbox 979 1034 1046 1114; x_wconf 85' lang='lat' dir='ltr'><strong>jam</strong></span> <span class='ocrx_word' id='word_1_59' title='bbox 1058 1035 1092 1094; x_wconf 91' lang='lat' dir='ltr'><strong>in</strong></span> <span class='ocrx_word' id='word_1_60' title='bbox 1110 1036 1291 1108; x_wconf 81' lang='lat' dir='ltr'><strong>amoribus,</strong></span> <span class='ocrx_word' id='word_1_61' title='bbox 1313 1053 1380 1116; x_wconf 77' lang='lat' dir='ltr'><strong>que</strong></span> 
     </span>
     <span class='ocr_line' id='line_1_9' title="bbox 335 1121 1380 1204; baseline -0.004 -20"><span class='ocrx_word' id='word_1_62' title='bbox 335 1124 465 1184; x_wconf 88' lang='lat' dir='ltr'><strong>materia</strong></span> <span class='ocrx_word' id='word_1_63' title='bbox 478 1121 663 1181; x_wconf 87' lang='lat' dir='ltr'><strong>creberrima</strong></span> <span class='ocrx_word' id='word_1_64' title='bbox 676 1121 708 1179; x_wconf 89' lang='lat' dir='ltr'><strong>in</strong></span> <span class='ocrx_word' id='word_1_65' title='bbox 721 1141 754 1180; x_wconf 89' lang='lat' dir='ltr'><strong>re</strong></span> <span class='ocrx_word' id='word_1_66' title='bbox 766 1122 882 1182; x_wconf 84' lang='lat' dir='ltr'><strong>rustice</strong></span> <span class='ocrx_word' id='word_1_67' title='bbox 893 1144 900 1180; x_wconf 77' lang='grc' dir='ltr'>ι</span> <span class='ocrx_word' id='word_1_68' title='bbox 913 1135 1042 1204; x_wconf 86' lang='lat' dir='ltr'><strong>uterque</strong></span> <span class='ocrx_word' id='word_1_69' title='bbox 1053 1123 1140 1204; x_wconf 92' lang='lat' dir='ltr'><strong>cupit</strong></span> <span class='ocrx_word' id='word_1_70' title='bbox 1151 1122 1337 1196; x_wconf 71' lang='lat' dir='ltr'><strong>Galateam,</strong></span> <span class='ocrx_word' id='word_1_71' title='bbox 1352 1139 1380 1181; x_wconf 82' lang='lat' dir='ltr'><strong>et</strong></span> 
     </span>
     <span class='ocr_line' id='line_1_10' title="bbox 334 1207 1380 1293; baseline -0.007 -19"><span class='ocrx_word' id='word_1_72' title='bbox 334 1212 405 1274; x_wconf 83' lang='lat' dir='ltr'><strong>vult</strong></span> <span class='ocrx_word' id='word_1_73' title='bbox 417 1212 491 1272; x_wconf 89' lang='lat' dir='ltr'><strong>dare</strong></span> <span class='ocrx_word' id='word_1_74' title='bbox 504 1209 757 1270; x_wconf 87' lang='lat' dir='ltr'><strong>testificationem</strong></span> <span class='ocrx_word' id='word_1_75' title='bbox 768 1212 882 1270; x_wconf 77' lang='lat' dir='ltr'><strong>umoris</strong></span> <span class='ocrx_word' id='word_1_76' title='bbox 894 1213 940 1270; x_wconf 84' lang='lat' dir='ltr'><strong>sui</strong></span> <span class='ocrx_word' id='word_1_77' title='bbox 950 1231 1021 1292; x_wconf 77' lang='lat' dir='ltr'><strong>erga</strong></span> <span class='ocrx_word' id='word_1_78' title='bbox 1033 1209 1135 1288; x_wconf 79' lang='lat' dir='ltr'><strong>illem,</strong></span> <span class='ocrx_word' id='word_1_79' title='bbox 1149 1212 1332 1293; x_wconf 75' lang='lat' dir='ltr'><strong>invitatque</strong></span> <span class='ocrx_word' id='word_1_80' title='bbox 1343 1207 1380 1268; x_wconf 91' lang='lat' dir='ltr'><strong>ad</strong></span> 
     </span>
     <span class='ocr_line' id='line_1_11' title="bbox 336 1297 1379 1378; baseline -0.009 -15"><span class='ocrx_word' id='word_1_81' title='bbox 336 1322 404 1363; x_wconf 88' lang='lat' dir='ltr'><strong>eam</strong></span> <span class='ocrx_word' id='word_1_82' title='bbox 417 1315 539 1360; x_wconf 88' lang='lat' dir='ltr'><strong>noctem</strong></span> <span class='ocrx_word' id='word_1_83' title='bbox 553 1323 560 1358; x_wconf 75' lang='grc' dir='ltr'>ι</span> <span class='ocrx_word' id='word_1_84' title='bbox 575 1297 630 1359; x_wconf 87' lang='lat' dir='ltr'><strong>sed</strong></span> <span class='ocrx_word' id='word_1_85' title='bbox 642 1297 734 1378; x_wconf 77' lang='lat' dir='ltr'><strong>longe</strong></span> <span class='ocrx_word' id='word_1_86' title='bbox 747 1297 807 1359; x_wconf 86' lang='lat' dir='ltr'><strong>alia</strong></span> <span class='ocrx_word' id='word_1_87' title='bbox 824 1314 870 1360; x_wconf 84' lang='lat' dir='ltr'><strong>est</strong></span> <span class='ocrx_word' id='word_1_88' title='bbox 883 1298 1050 1375; x_wconf 87' lang='lat' dir='ltr'><strong>illiciendi,</strong></span> <span class='ocrx_word' id='word_1_89' title='bbox 1064 1313 1095 1360; x_wconf 92' lang='lat' dir='ltr'><strong>et</strong></span> <span class='ocrx_word' id='word_1_90' title='bbox 1106 1299 1261 1360; x_wconf 84' lang='lat' dir='ltr'><strong>invitandi</strong></span> <span class='ocrx_word' id='word_1_91' title='bbox 1280 1301 1379 1360; x_wconf 78' lang='lat' dir='ltr'><strong>ratio:</strong></span> 
     </span>
     <span class='ocr_line' id='line_1_12' title="bbox 336 1387 1382 1476; baseline -0.006 -24"><span class='ocrx_word' id='word_1_92' title='bbox 336 1395 425 1476; x_wconf 89' lang='lat' dir='ltr'><strong>prior</strong></span> <span class='ocrx_word' id='word_1_93' title='bbox 432 1391 608 1450; x_wconf 89' lang='lat' dir='ltr'><strong>enimtotus</strong></span> <span class='ocrx_word' id='word_1_94' title='bbox 616 1387 735 1448; x_wconf 86' lang='lat' dir='ltr'><strong>diffluit</strong></span> <span class='ocrx_word' id='word_1_95' title='bbox 746 1388 917 1466; x_wconf 73' lang='lat' dir='ltr'><strong>amoribus,</strong></span> <span class='ocrx_word' id='word_1_96' title='bbox 931 1403 960 1451; x_wconf 90' lang='lat' dir='ltr'><strong>et</strong></span> <span class='ocrx_word' id='word_1_97' title='bbox 968 1389 1179 1472; x_wconf 66' lang='lat' dir='ltr'><strong>postestatem</strong></span> <span class='ocrx_word' id='word_1_98' title='bbox 1185 1390 1320 1451; x_wconf 85' lang='lat' dir='ltr'><strong>laudem</strong></span> <span class='ocrx_word' id='word_1_99' title='bbox 1328 1391 1382 1448; x_wconf 60' lang='lat' dir='ltr'><strong>tri*</strong></span> 
     </span>
     <span class='ocr_line' id='line_1_13' title="bbox 337 1477 1382 1563; baseline -0.005 -23"><span class='ocrx_word' id='word_1_100' title='bbox 337 1481 466 1563; x_wconf 90' lang='lat' dir='ltr'><strong>plicem,</strong></span> <span class='ocrx_word' id='word_1_101' title='bbox 480 1479 558 1560; x_wconf 87' lang='lat' dir='ltr'><strong>petit</strong></span> <span class='ocrx_word' id='word_1_102' title='bbox 576 1491 609 1538; x_wconf 91' lang='lat' dir='ltr'><strong>ut</strong></span> <span class='ocrx_word' id='word_1_103' title='bbox 621 1497 719 1558; x_wconf 87' lang='lat' dir='ltr'><strong>quum</strong></span> <span class='ocrx_word' id='word_1_104' title='bbox 732 1498 750 1537; x_wconf 81' lang='lat' dir='ltr'>a</span> <span class='ocrx_word' id='word_1_105' title='bbox 762 1492 855 1559; x_wconf 85' lang='lat' dir='ltr'><strong>pastu</strong></span> <span class='ocrx_word' id='word_1_106' title='bbox 866 1480 948 1538; x_wconf 91' lang='lat' dir='ltr'><strong>tauri</strong></span> <span class='ocrx_word' id='word_1_107' title='bbox 960 1477 1087 1540; x_wconf 87' lang='lat' dir='ltr'><strong>redeant</strong></span> <span class='ocrx_word' id='word_1_108' title='bbox 1099 1478 1138 1539; x_wconf 76' lang='lat' dir='ltr'><strong>ad</strong></span> <span class='ocrx_word' id='word_1_109' title='bbox 1153 1481 1309 1561; x_wconf 75' lang='lat' dir='ltr'><strong>praesepia</strong></span> <span class='ocrx_word' id='word_1_110' title='bbox 1323 1480 1382 1556; x_wconf 85' lang='lat' dir='ltr'><strong>(est</strong></span> 
     </span>
     <span class='ocr_line' id='line_1_14' title="bbox 339 1564 1384 1651; baseline -0.008 -23"><span class='ocrx_word' id='word_1_111' title='bbox 339 1568 407 1630; x_wconf 82' lang='lat' dir='ltr'><strong>haec</strong></span> <span class='ocrx_word' id='word_1_112' title='bbox 424 1564 611 1651; x_wconf 81' lang='lat' dir='ltr'>periphrasis</span> <span class='ocrx_word' id='word_1_113' title='bbox 630 1567 730 1628; x_wconf 85' lang='lat' dir='ltr'><strong>noctis</strong></span> <span class='ocrx_word' id='word_1_114' title='bbox 750 1567 959 1644; x_wconf 85' lang='lat' dir='ltr'><strong>advenientis)</strong></span> <span class='ocrx_word' id='word_1_115' title='bbox 978 1565 1017 1626; x_wconf 84' lang='lat' dir='ltr'><strong>ad</strong></span> <span class='ocrx_word' id='word_1_116' title='bbox 1037 1587 1068 1626; x_wconf 88' lang='lat' dir='ltr'><strong>se</strong></span> <span class='ocrx_word' id='word_1_117' title='bbox 1085 1569 1207 1628; x_wconf 74' lang='lat' dir='ltr'><strong>ueniet:</strong></span> <span class='ocrx_word' id='word_1_118' title='bbox 1226 1567 1384 1648; x_wconf 81' lang='lat' dir='ltr'><strong>posterior</strong></span> 
     </span>
     <span class='ocr_line' id='line_1_15' title="bbox 339 1651 1381 1738; baseline -0.008 -23"><span class='ocrx_word' id='word_1_119' title='bbox 339 1654 473 1738; x_wconf 88' lang='lat' dir='ltr'><strong>loquens</strong></span> <span class='ocrx_word' id='word_1_120' title='bbox 488 1673 559 1712; x_wconf 88' lang='lat' dir='ltr'><strong>curn</strong></span> <span class='ocrx_word' id='word_1_121' title='bbox 577 1651 684 1713; x_wconf 81' lang='lat' dir='ltr'><strong>eedem</strong></span> <span class='ocrx_word' id='word_1_122' title='bbox 702 1651 833 1714; x_wconf 80' lang='lat' dir='ltr'><strong>Galatea</strong></span> <span class='ocrx_word' id='word_1_123' title='bbox 850 1652 909 1713; x_wconf 89' lang='lat' dir='ltr'><strong>sibi</strong></span> <span class='ocrx_word' id='word_1_124' title='bbox 926 1666 986 1714; x_wconf 87' lang='lat' dir='ltr'><strong>tres</strong></span> <span class='ocrx_word' id='word_1_125' title='bbox 1001 1651 1085 1712; x_wconf 87' lang='lat' dir='ltr'><strong>diros</strong></span> <span class='ocrx_word' id='word_1_126' title='bbox 1102 1655 1307 1736; x_wconf 81' lang='lat' dir='ltr'><strong>imprecatur,</strong></span> <span class='ocrx_word' id='word_1_127' title='bbox 1325 1651 1381 1710; x_wconf 84' lang='lat' dir='ltr'><strong>nisi</strong></span> 
     </span>
     <span class='ocr_line' id='line_1_16' title="bbox 340 1738 1382 1824; baseline -0.006 -22"><span class='ocrx_word' id='word_1_128' title='bbox 340 1762 412 1802; x_wconf 83' lang='lat' dir='ltr'><strong>vere</strong></span> <span class='ocrx_word' id='word_1_129' title='bbox 424 1752 511 1823; x_wconf 90' lang='lat' dir='ltr'><strong>putet</strong></span> <span class='ocrx_word' id='word_1_130' title='bbox 521 1739 692 1813; x_wconf 90' lang='lat' dir='ltr'><strong>eamdiem,</strong></span> <span class='ocrx_word' id='word_1_131' title='bbox 701 1741 734 1800; x_wconf 89' lang='lat' dir='ltr'><strong>in</strong></span> <span class='ocrx_word' id='word_1_132' title='bbox 747 1761 809 1824; x_wconf 89' lang='lat' dir='ltr'><strong>qua</strong></span> <span class='ocrx_word' id='word_1_133' title='bbox 821 1753 877 1816; x_wconf 83' lang='lat' dir='ltr'><strong>est,</strong></span> <span class='ocrx_word' id='word_1_134' title='bbox 890 1762 954 1802; x_wconf 85' lang='lat' dir='ltr'><strong>csse</strong></span> <span class='ocrx_word' id='word_1_135' title='bbox 966 1739 1141 1822; x_wconf 71' lang='lat' dir='ltr'><strong>longiorem</strong></span> <span class='ocrx_word' id='word_1_136' title='bbox 1153 1761 1235 1802; x_wconf 87' lang='lat' dir='ltr'><strong>anuo</strong></span> <span class='ocrx_word' id='word_1_137' title='bbox 1248 1763 1256 1799; x_wconf 92' lang='lat'><strong>:</strong></span> <span class='ocrx_word' id='word_1_138' title='bbox 1267 1738 1382 1824; x_wconf 87' lang='lat' dir='ltr'><strong>quibus</strong></span> 
     </span>
     <span class='ocr_line' id='line_1_17' title="bbox 341 1825 1383 1913; baseline -0.005 -24"><span class='ocrx_word' id='word_1_139' title='bbox 341 1829 446 1889; x_wconf 91' lang='lat' dir='ltr'><strong>innuit</strong></span> <span class='ocrx_word' id='word_1_140' title='bbox 455 1847 549 1908; x_wconf 88' lang='lat' dir='ltr'><strong>quam</strong></span> <span class='ocrx_word' id='word_1_141' title='bbox 560 1825 703 1887; x_wconf 83' lang='lat' dir='ltr'><strong>ardenter</strong></span> <span class='ocrx_word' id='word_1_142' title='bbox 712 1843 835 1889; x_wconf 89' lang='lat' dir='ltr'><strong>noctem</strong></span> <span class='ocrx_word' id='word_1_143' title='bbox 845 1844 983 1913; x_wconf 82' lang='lat' dir='ltr'><strong>exoptet,</strong></span> <span class='ocrx_word' id='word_1_144' title='bbox 994 1850 1053 1912; x_wconf 86' lang='lat' dir='ltr'><strong>qua</strong></span> <span class='ocrx_word' id='word_1_145' title='bbox 1065 1832 1130 1912; x_wconf 89' lang='lat' dir='ltr'><strong>ipse</strong></span> <span class='ocrx_word' id='word_1_146' title='bbox 1139 1829 1237 1911; x_wconf 86' lang='lat' dir='ltr'><strong>possit</strong></span> <span class='ocrx_word' id='word_1_147' title='bbox 1250 1827 1317 1888; x_wconf 87' lang='lat' dir='ltr'><strong>frui</strong></span> <span class='ocrx_word' id='word_1_148' title='bbox 1327 1829 1383 1886; x_wconf 84' lang='lat' dir='ltr'><strong>Ga·</strong></span> 
     </span>
     <span class='ocr_line' id='line_1_18' title="bbox 341 1913 1382 2000; baseline -0.002 -26"><span class='ocrx_word' id='word_1_149' title='bbox 341 1915 421 1975; x_wconf 82' lang='lat' dir='ltr'><strong>lates</strong></span> <span class='ocrx_word' id='word_1_150' title='bbox 434 1938 440 1973; x_wconf 92' lang='lat'><strong>:</strong></span> <span class='ocrx_word' id='word_1_151' title='bbox 454 1913 527 1973; x_wconf 89' lang='lat' dir='ltr'><strong>inde</strong></span> <span class='ocrx_word' id='word_1_152' title='bbox 540 1916 573 1974; x_wconf 91' lang='lat' dir='ltr'><strong>in</strong></span> <span class='ocrx_word' id='word_1_153' title='bbox 583 1929 689 1976; x_wconf 90' lang='lat' dir='ltr'><strong>tauros</strong></span> <span class='ocrx_word' id='word_1_154' title='bbox 703 1915 876 1994; x_wconf 88' lang='lat' dir='ltr'><strong>invehitur,</strong></span> <span class='ocrx_word' id='word_1_155' title='bbox 889 1921 978 2000; x_wconf 87' lang='lat' dir='ltr'><strong>quasi</strong></span> <span class='ocrx_word' id='word_1_156' title='bbox 988 1920 1050 2000; x_wconf 82' lang='lat' dir='ltr'><strong>ipsi</strong></span> <span class='ocrx_word' id='word_1_157' title='bbox 1059 1917 1241 2000; x_wconf 78' lang='lat' dir='ltr'><strong>longissima</strong></span> <span class='ocrx_word' id='word_1_158' title='bbox 1251 1917 1382 1979; x_wconf 78' lang='lat' dir='ltr'><strong>moreio</strong></span> 
     </span>
     <span class='ocr_line' id='line_1_19' title="bbox 342 2002 1386 2090; baseline 0.001 -28"><span class='ocrx_word' id='word_1_159' title='bbox 342 2003 499 2087; x_wconf 83' lang='lat' dir='ltr'><strong>pascendo</strong></span> <span class='ocrx_word' id='word_1_160' title='bbox 510 2002 594 2062; x_wconf 91' lang='lat' dir='ltr'><strong>diem</strong></span> <span class='ocrx_word' id='word_1_161' title='bbox 608 2004 785 2084; x_wconf 83' lang='lat' dir='ltr'><strong>detineant,</strong></span> <span class='ocrx_word' id='word_1_162' title='bbox 798 2022 898 2090; x_wconf 86' lang='lat' dir='ltr'><strong>etqua</strong></span> <span class='ocrx_word' id='word_1_163' title='bbox 908 2020 1014 2090; x_wconf 88' lang='lat' dir='ltr'><strong>pastor</strong></span> <span class='ocrx_word' id='word_1_164' title='bbox 1023 2009 1063 2068; x_wconf 92' lang='lat' dir='ltr'><strong>ab</strong></span> <span class='ocrx_word' id='word_1_165' title='bbox 1074 2023 1137 2068; x_wconf 80' lang='lat' dir='ltr'><strong>tem</strong></span> <span class='ocrx_word' id='word_1_166' title='bbox 1147 2009 1253 2090; x_wconf 91' lang='lat' dir='ltr'><strong>cupito</strong></span> <span class='ocrx_word' id='word_1_167' title='bbox 1261 2025 1386 2067; x_wconf 81' lang='lat' dir='ltr'><strong>consor·</strong></span> 
     </span>
     <span class='ocr_line' id='line_1_20' title="bbox 343 2090 587 2153; baseline -0.004 0"><span class='ocrx_word' id='word_1_168' title='bbox 343 2095 389 2153; x_wconf 90' lang='lat' dir='ltr'><strong>tio</strong></span> <span class='ocrx_word' id='word_1_169' title='bbox 401 2090 587 2152; x_wconf 80' lang='lat' dir='ltr'><strong>retardatur.</strong></span> 
     </span>
    </p>

    <p class='ocr_par' dir='ltr' id='par_1_4' title="bbox 338 2179 1388 2349">
     <span class='ocr_line' id='line_1_21' title="bbox 384 2179 1388 2268; baseline -0.002 -26"><span class='ocrx_word' id='word_1_170' title='bbox 384 2179 433 2256; x_wconf 74' lang='lat'><strong>45.</strong></span> <span class='ocrx_word' id='word_1_171' title='bbox 448 2179 523 2242; x_wconf 87' lang='lat' dir='ltr'><strong>Vult</strong></span> <span class='ocrx_word' id='word_1_172' title='bbox 537 2194 656 2260; x_wconf 87' lang='lat' dir='ltr'><strong>pastor,</strong></span> <span class='ocrx_word' id='word_1_173' title='bbox 667 2196 702 2242; x_wconf 94' lang='lat' dir='ltr'><strong>ut</strong></span> <span class='ocrx_word' id='word_1_174' title='bbox 713 2181 883 2244; x_wconf 79' lang='lat' dir='ltr'><strong>defendant</strong></span> <span class='ocrx_word' id='word_1_175' title='bbox 894 2183 1090 2246; x_wconf 77' lang='lat' dir='ltr'><strong>solstitialem</strong></span> <span class='ocrx_word' id='word_1_176' title='bbox 1101 2183 1234 2247; x_wconf 84' lang='lat' dir='ltr'><strong>calorem</strong></span> <span class='ocrx_word' id='word_1_177' title='bbox 1247 2205 1265 2245; x_wconf 84' lang='lat' dir='ltr'>a</span> <span class='ocrx_word' id='word_1_178' title='bbox 1276 2195 1388 2268; x_wconf 79' lang='lat' dir='ltr'><strong>pecore·</strong></span> 
     </span>
     <span class='ocr_line' id='line_1_22' title="bbox 338 2267 1384 2349; baseline 0 -17"><span class='ocrx_word' id='word_1_179' title='bbox 338 2271 462 2346; x_wconf 85' lang='lat' dir='ltr'><strong>-foutee,</strong></span> <span class='ocrx_word' id='word_1_180' title='bbox 476 2267 589 2345; x_wconf 88' lang='lat' dir='ltr'><strong>herba,</strong></span> <span class='ocrx_word' id='word_1_181' title='bbox 608 2271 755 2332; x_wconf 83' lang='lat' dir='ltr'><strong>arbutus:</strong></span> <span class='ocrx_word' id='word_1_182' title='bbox 771 2271 873 2334; x_wconf 86' lang='lat' dir='ltr'><strong>fontes</strong></span> <span class='ocrx_word' id='word_1_183' title='bbox 885 2293 942 2334; x_wconf 85' lang='lat' dir='ltr'><strong>sus</strong></span> <span class='ocrx_word' id='word_1_184' title='bbox 955 2277 1146 2349; x_wconf 84' lang='lat' dir='ltr'><strong>amoenitate,</strong></span> <span class='ocrx_word' id='word_1_185' title='bbox 1164 2295 1237 2334; x_wconf 84' lang='lat' dir='ltr'><strong>nam</strong></span> <span class='ocrx_word' id='word_1_186' title='bbox 1251 2271 1384 2335; x_wconf 82' lang='lat' dir='ltr'><strong>muscosi</strong></span> 
     </span>
    </p>
   </div>
   <div class='ocr_carea' id='block_1_3' title="bbox 347 2356 1384 2446">
    <p class='ocr_par' dir='ltr' id='par_1_5' title="bbox 347 2356 1384 2446">
     <span class='ocr_line' id='line_1_23' title="bbox 347 2356 1384 2446; baseline -0.001 -25"><span class='ocrx_word' id='word_1_187' title='bbox 347 2373 437 2422; x_wconf 87' lang='lat' dir='ltr'><strong>sunt:</strong></span> <span class='ocrx_word' id='word_1_188' title='bbox 457 2356 555 2420; x_wconf 86' lang='lat' dir='ltr'><strong>herba</strong></span> <span class='ocrx_word' id='word_1_189' title='bbox 574 2381 629 2420; x_wconf 83' lang='lat' dir='ltr'><strong>sua</strong></span> <span class='ocrx_word' id='word_1_190' title='bbox 648 2360 795 2440; x_wconf 91' lang='lat' dir='ltr'><strong>mollitie,</strong></span> <span class='ocrx_word' id='word_1_191' title='bbox 813 2383 889 2423; x_wconf 88' lang='lat' dir='ltr'><strong>nam</strong></span> <span class='ocrx_word' id='word_1_192' title='bbox 909 2362 1036 2424; x_wconf 91' lang='lat' dir='ltr'><strong>mollior</strong></span> <span class='ocrx_word' id='word_1_193' title='bbox 1051 2361 1153 2425; x_wconf 88' lang='lat' dir='ltr'><strong>adhuc</strong></span> <span class='ocrx_word' id='word_1_194' title='bbox 1170 2383 1280 2424; x_wconf 90' lang='lat' dir='ltr'><strong>somno</strong></span> <span class='ocrx_word' id='word_1_195' title='bbox 1303 2365 1384 2446; x_wconf 84' lang='lat' dir='ltr'><strong>ipso;</strong></span> 
     </span>
    </p>
   </div>
   <div class='ocr_carea' id='block_1_4' title="bbox 332 2573 1397 4162">
    <p class='ocr_par' dir='ltr' id='par_1_6' title="bbox 332 2573 1397 4162">
     <span class='ocr_line' id='line_1_24' title="bbox 346 2573 1387 2652; baseline 0.01 -23"><span class='ocrx_word' id='word_1_196' title='bbox 346 2577 419 2630; x_wconf 87' lang='lat' dir='ltr'><strong>Deus</strong></span> <span class='ocrx_word' id='word_1_197' title='bbox 427 2614 436 2643; x_wconf 96' lang='lat'><strong>,</strong></span> <span class='ocrx_word' id='word_1_198' title='bbox 445 2595 526 2631; x_wconf 84' lang='lat' dir='ltr'><strong>manu</strong></span> <span class='ocrx_word' id='word_1_199' title='bbox 535 2593 627 2634; x_wconf 80' lang='lat' dir='ltr'><strong>teneus</strong></span> <span class='ocrx_word' id='word_1_200' title='bbox 635 2581 727 2635; x_wconf 84' lang='lat' dir='ltr'><strong>dextra</strong></span> <span class='ocrx_word' id='word_1_201' title='bbox 736 2583 848 2650; x_wconf 76' lang='lat' dir='ltr'><strong>falcem,</strong></span> <span class='ocrx_word' id='word_1_202' title='bbox 893 2583 983 2638; x_wconf 83' lang='lat' dir='ltr'><strong>Ovidii</strong></span> <span class='ocrx_word' id='word_1_203' title='bbox 995 2581 1152 2648; x_wconf 82' lang='lat' dir='ltr'><strong>uostri,vol.</strong></span> <span class='ocrx_word' id='word_1_204' title='bbox 1160 2581 1186 2646; x_wconf 88' lang='lat'><strong>1,</strong></span> <span class='ocrx_word' id='word_1_205' title='bbox 1198 2599 1225 2652; x_wconf 89' lang='lat' dir='ltr'><strong>p.</strong></span> <span class='ocrx_word' id='word_1_206' title='bbox 1237 2577 1285 2633; x_wconf 81' lang='lat'><strong>133</strong></span> <span class='ocrx_word' id='word_1_207' title='bbox 1294 2590 1322 2633; x_wconf 84' lang='lat' dir='ltr'><strong>et</strong></span> <span class='ocrx_word' id='word_1_208' title='bbox 1335 2573 1387 2638; x_wconf 51' lang='lat'><strong>134*</strong></span> 
     </span>
     <span class='ocr_line' id='line_1_25' title="bbox 349 2655 1387 2728; baseline -0.002 -21"><span class='ocrx_word' id='word_1_209' title='bbox 349 2659 395 2726; x_wconf 89' lang='lat' dir='ltr'><strong>qui</strong></span> <span class='ocrx_word' id='word_1_210' title='bbox 410 2659 502 2710; x_wconf 80' lang='lat' dir='ltr'><strong>avibus</strong></span> <span class='ocrx_word' id='word_1_211' title='bbox 516 2672 541 2711; x_wconf 92' lang='lat' dir='ltr'><strong>et</strong></span> <span class='ocrx_word' id='word_1_212' title='bbox 553 2660 657 2712; x_wconf 85' lang='lat' dir='ltr'><strong>furibus</strong></span> <span class='ocrx_word' id='word_1_213' title='bbox 669 2675 798 2716; x_wconf 87' lang='lat' dir='ltr'><strong>terrorem</strong></span> <span class='ocrx_word' id='word_1_214' title='bbox 811 2666 850 2717; x_wconf 90' lang='lat' dir='ltr'><strong>in·</strong></span> <span class='ocrx_word' id='word_1_215' title='bbox 929 2663 972 2728; x_wconf 79' lang='grc'><strong>41.</strong></span> <span class='ocrx_word' id='word_1_216' title='bbox 991 2661 1093 2715; x_wconf 75' lang='lat' dir='ltr'><strong>Sardois</strong></span> <span class='ocrx_word' id='word_1_217' title='bbox 1115 2660 1202 2712; x_wconf 74' lang='lat' dir='ltr'><strong>herbis.</strong></span> <span class='ocrx_word' id='word_1_218' title='bbox 1221 2660 1250 2710; x_wconf 93' lang='lat' dir='ltr'><strong>ln</strong></span> <span class='ocrx_word' id='word_1_219' title='bbox 1269 2655 1387 2710; x_wconf 77' lang='lat' dir='ltr'><strong>Sardinis</strong></span> 
     </span>
     <span class='ocr_line' id='line_1_26' title="bbox 349 2735 1388 2809; baseline 0.011 -24"><span class='ocrx_word' id='word_1_220' title='bbox 349 2736 416 2786; x_wconf 85' lang='lat' dir='ltr'><strong>outit</strong></span> <span class='ocrx_word' id='word_1_221' title='bbox 432 2737 529 2789; x_wconf 85' lang='lat' dir='ltr'><strong>Noster</strong></span> <span class='ocrx_word' id='word_1_222' title='bbox 536 2737 583 2791; x_wconf 86' lang='lat' dir='ltr'><strong>Ge.</strong></span> <span class='ocrx_word' id='word_1_223' title='bbox 594 2740 643 2804; x_wconf 87' lang='lat' dir='ltr'><strong>lV,</strong></span> <span class='ocrx_word' id='word_1_224' title='bbox 657 2756 718 2792; x_wconf 83' lang='lat' dir='ltr'><strong>rio:</strong></span> <span class='ocrx_word' id='word_1_225' title='bbox 731 2741 782 2792; x_wconf 79' lang='lat' dir='ltr'><strong>«Et</strong></span> <span class='ocrx_word' id='word_1_226' title='bbox 792 2759 851 2794; x_wconf 86' lang='lat' dir='ltr'><strong>cus-</strong></span> <span class='ocrx_word' id='word_1_227' title='bbox 894 2744 965 2794; x_wconf 85' lang='lat' dir='ltr'><strong>enim</strong></span> <span class='ocrx_word' id='word_1_228' title='bbox 978 2742 1096 2794; x_wconf 82' lang='lat' dir='ltr'><strong>nascitur</strong></span> <span class='ocrx_word' id='word_1_229' title='bbox 1110 2736 1231 2809; x_wconf 78' lang='lat' dir='ltr'><strong>quedam</strong></span> <span class='ocrx_word' id='word_1_230' title='bbox 1245 2735 1347 2796; x_wconf 61' lang='lat' dir='ltr'><strong>herbas</strong></span> <span class='ocrx_word' id='word_1_231' title='bbox 1362 2740 1388 2780; x_wconf 76' lang='lat'><strong>¹¹¹</strong></span> 
     </span>
     <span class='ocr_line' id='line_1_27' title="bbox 349 2810 1387 2888; baseline -0.001 -25"><span class='ocrx_word' id='word_1_232' title='bbox 349 2814 492 2866; x_wconf 71' lang='lat' dir='ltr'><strong>torturum</strong></span> <span class='ocrx_word' id='word_1_233' title='bbox 502 2829 582 2888; x_wconf 81' lang='lat' dir='ltr'><strong>etque</strong></span> <span class='ocrx_word' id='word_1_234' title='bbox 592 2819 697 2882; x_wconf 81' lang='lat' dir='ltr'><strong>avium,</strong></span> <span class='ocrx_word' id='word_1_235' title='bbox 710 2837 769 2870; x_wconf 88' lang='lat' dir='ltr'><strong>cum</strong></span> <span class='ocrx_word' id='word_1_236' title='bbox 781 2821 850 2875; x_wconf 73' lang='lat' dir='ltr'><strong>falce</strong></span> <span class='ocrx_word' id='word_1_237' title='bbox 895 2819 1034 2874; x_wconf 83' lang='lat' dir='ltr'><strong>Sallustius</strong></span> <span class='ocrx_word' id='word_1_238' title='bbox 1052 2817 1133 2882; x_wconf 89' lang='lat' dir='ltr'><strong>dicit,</strong></span> <span class='ocrx_word' id='word_1_239' title='bbox 1150 2815 1260 2888; x_wconf 84' lang='lat' dir='ltr'><strong>apiastri</strong></span> <span class='ocrx_word' id='word_1_240' title='bbox 1281 2810 1387 2866; x_wconf 80' lang='lat' dir='ltr'><strong>similis:</strong></span> 
     </span>
     <span class='ocr_line' id='line_1_28' title="bbox 349 2890 1389 2972; baseline -0.001 -30"><span class='ocrx_word' id='word_1_241' title='bbox 349 2891 454 2962; x_wconf 71' lang='lat' dir='ltr'><strong>saligna</strong></span> <span class='ocrx_word' id='word_1_242' title='bbox 466 2890 673 2964; x_wconf 77' lang='lat' dir='ltr'><strong>Hellespontiaci</strong></span> <span class='ocrx_word' id='word_1_243' title='bbox 685 2909 771 2950; x_wconf 83' lang='lat' dir='ltr'><strong>servet</strong></span> <span class='ocrx_word' id='word_1_244' title='bbox 783 2911 853 2952; x_wconf 87' lang='lat' dir='ltr'><strong>tute-</strong></span> <span class='ocrx_word' id='word_1_245' title='bbox 896 2917 954 2972; x_wconf 77' lang='lat' dir='ltr'><strong>que</strong></span> <span class='ocrx_word' id='word_1_246' title='bbox 970 2897 1055 2952; x_wconf 84' lang='lat' dir='ltr'><strong>herbe</strong></span> <span class='ocrx_word' id='word_1_247' title='bbox 1069 2915 1177 2950; x_wconf 81' lang='lat' dir='ltr'><strong>comesa</strong></span> <span class='ocrx_word' id='word_1_248' title='bbox 1190 2895 1328 2947; x_wconf 86' lang='lat' dir='ltr'><strong>hominnm</strong></span> <span class='ocrx_word' id='word_1_249' title='bbox 1343 2891 1389 2942; x_wconf 86' lang='lat' dir='ltr'><strong>ric·</strong></span> 
     </span>
     <span class='ocr_line' id='line_1_29' title="bbox 349 2969 1390 3043; baseline -0.01 -14"><span class='ocrx_word' id='word_1_250' title='bbox 349 2969 377 3024; x_wconf 72' lang='lat' dir='ltr'><strong>la</strong></span> <span class='ocrx_word' id='word_1_251' title='bbox 389 2972 485 3042; x_wconf 67' lang='lat' dir='ltr'><strong>Priapi·</strong></span> <span class='ocrx_word' id='word_1_252' title='bbox 496 2995 508 3019; x_wconf 67' lang='grc' dir='ltr'>ι</span> <span class='ocrx_word' id='word_1_253' title='bbox 896 2991 938 3030; x_wconf 84' lang='lat' dir='ltr'><strong>tus</strong></span> <span class='ocrx_word' id='word_1_254' title='bbox 944 2975 1038 3030; x_wconf 86' lang='lat' dir='ltr'><strong>dolore</strong></span> <span class='ocrx_word' id='word_1_255' title='bbox 1046 2975 1189 3040; x_wconf 83' lang='lat' dir='ltr'><strong>contrahit,</strong></span> <span class='ocrx_word' id='word_1_256' title='bbox 1195 2987 1221 3026; x_wconf 86' lang='lat' dir='ltr'><strong>et</strong></span> <span class='ocrx_word' id='word_1_257' title='bbox 1227 2973 1304 3043; x_wconf 83' lang='lat' dir='ltr'><strong>qussi</strong></span> <span class='ocrx_word' id='word_1_258' title='bbox 1311 2969 1390 3023; x_wconf 87' lang='lat' dir='ltr'><strong>riden-</strong></span> 
     </span>
     <span class='ocr_line' id='line_1_30' title="bbox 332 3043 1389 3126; baseline 0.002 -23"><span class='ocrx_word' id='word_1_259' title='bbox 332 3043 339 3056; x_wconf 72' lang='grc'><strong>’</strong></span> <span class='ocrx_word' id='word_1_260' title='bbox 386 3051 430 3104; x_wconf 84' lang='lat'><strong>35.</strong></span> <span class='ocrx_word' id='word_1_261' title='bbox 444 3051 496 3104; x_wconf 83' lang='lat' dir='ltr'><strong>Pro</strong></span> <span class='ocrx_word' id='word_1_262' title='bbox 511 3062 629 3126; x_wconf 85' lang='lat' dir='ltr'><strong>tempore.</strong></span> <span class='ocrx_word' id='word_1_263' title='bbox 641 3055 693 3106; x_wconf 89' lang='lat' dir='ltr'><strong>Pro</strong></span> <span class='ocrx_word' id='word_1_264' title='bbox 710 3058 854 3110; x_wconf 80' lang='lat' dir='ltr'><strong>necessita·</strong></span> <span class='ocrx_word' id='word_1_265' title='bbox 896 3069 935 3109; x_wconf 86' lang='lat' dir='ltr'><strong>tes</strong></span> <span class='ocrx_word' id='word_1_266' title='bbox 947 3058 1083 3110; x_wconf 85' lang='lat' dir='ltr'><strong>interimit.</strong></span> <span class='ocrx_word' id='word_1_267' title='bbox 1097 3052 1174 3107; x_wconf 86' lang='lat' dir='ltr'><strong>Unde</strong></span> <span class='ocrx_word' id='word_1_268' title='bbox 1188 3052 1267 3124; x_wconf 68' lang='lat' dir='ltr'><strong>volgo</strong></span> <span class='ocrx_word' id='word_1_269' title='bbox 1284 3051 1389 3120; x_wconf 61' lang='lat' dir='ltr'><strong>aqum</strong></span> 
     </span>
     <span class='ocr_line' id='line_1_31' title="bbox 352 3132 1237 3208; baseline 0.009 -26"><span class='ocrx_word' id='word_1_270' title='bbox 352 3144 457 3201; x_wconf 86' lang='lat' dir='ltr'><strong>te,pro</strong></span> <span class='ocrx_word' id='word_1_271' title='bbox 470 3145 551 3204; x_wconf 86' lang='lat' dir='ltr'><strong>captu</strong></span> <span class='ocrx_word' id='word_1_272' title='bbox 561 3134 599 3185; x_wconf 89' lang='lat' dir='ltr'><strong>rei</strong></span> <span class='ocrx_word' id='word_1_273' title='bbox 609 3148 782 3208; x_wconf 73' lang='lat' dir='ltr'><strong>nostro,pro</strong></span> <span class='ocrx_word' id='word_1_274' title='bbox 793 3138 854 3206; x_wconf 80' lang='lat' dir='ltr'><strong>viri·</strong></span> <span class='ocrx_word' id='word_1_275' title='bbox 895 3132 1060 3202; x_wconf 64' lang='lat' dir='ltr'><strong>plne-Seru.</strong></span> <span class='ocrx_word' id='word_1_276' title='bbox 1233 3179 1237 3190; x_wconf 86' lang='lat'><strong>.</strong></span> 
     </span>
     <span class='ocr_line' id='line_1_32' title="bbox 352 3209 1390 3288; baseline -0.002 -26"><span class='ocrx_word' id='word_1_277' title='bbox 352 3210 402 3264; x_wconf 78' lang='lat' dir='ltr'><strong>ltus</strong></span> <span class='ocrx_word' id='word_1_278' title='bbox 415 3229 474 3282; x_wconf 82' lang='lat' dir='ltr'><strong>quae</strong></span> <span class='ocrx_word' id='word_1_279' title='bbox 486 3225 547 3264; x_wconf 80' lang='lat' dir='ltr'><strong>tunt</strong></span> <span class='ocrx_word' id='word_1_280' title='bbox 559 3211 611 3264; x_wconf 90' lang='lat' dir='ltr'><strong>lroc</strong></span> <span class='ocrx_word' id='word_1_281' title='bbox 622 3227 751 3288; x_wconf 83' lang='lat' dir='ltr'><strong>tempore.</strong></span> <span class='ocrx_word' id='word_1_282' title='bbox 763 3217 833 3269; x_wconf 81' lang='lat' dir='ltr'><strong>Sero.</strong></span> <span class='ocrx_word' id='word_1_283' title='bbox 932 3213 976 3281; x_wconf 77' lang='grc'><strong>43.</strong></span> <span class='ocrx_word' id='word_1_284' title='bbox 986 3213 1014 3266; x_wconf 85' lang='lat' dir='ltr'><strong>Si</strong></span> <span class='ocrx_word' id='word_1_285' title='bbox 1025 3213 1091 3266; x_wconf 79' lang='lat' dir='ltr'><strong>mili</strong></span> <span class='ocrx_word' id='word_1_286' title='bbox 1099 3229 1151 3264; x_wconf 83' lang='lat' dir='ltr'><strong>nort</strong></span> <span class='ocrx_word' id='word_1_287' title='bbox 1162 3211 1215 3264; x_wconf 72' lang='lat' dir='ltr'><strong>lac</strong></span> <span class='ocrx_word' id='word_1_288' title='bbox 1227 3210 1273 3280; x_wconf 69' lang='lat' dir='ltr'><strong>lux</strong></span> <span class='ocrx_word' id='word_1_289' title='bbox 1281 3209 1390 3280; x_wconf 70' lang='lat' dir='ltr'><strong>sotejam</strong></span> 
     </span>
     <span class='ocr_line' id='line_1_33' title="bbox 388 3286 1390 3367; baseline -0.012 -18"><span class='ocrx_word' id='word_1_290' title='bbox 388 3291 569 3364; x_wconf 70' lang='lat' dir='ltr'><strong>36-St&#39;foetura</strong></span> <span class='ocrx_word' id='word_1_291' title='bbox 578 3311 680 3367; x_wconf 73' lang='lat' dir='ltr'><strong>prepem</strong></span> <span class='ocrx_word' id='word_1_292' title='bbox 689 3295 853 3367; x_wconf 77' lang='lat' dir='ltr'><strong>suppleverit.</strong></span> <span class='ocrx_word' id='word_1_293' title='bbox 898 3291 1001 3366; x_wconf 79' lang='lat' dir='ltr'><strong>lonpior</strong></span> <span class='ocrx_word' id='word_1_294' title='bbox 1014 3309 1085 3344; x_wconf 82' lang='lat' dir='ltr'><strong>anno</strong></span> <span class='ocrx_word' id='word_1_295' title='bbox 1101 3302 1145 3345; x_wconf 82' lang='lat' dir='ltr'><strong>est.</strong></span> <span class='ocrx_word' id='word_1_296' title='bbox 1159 3291 1342 3362; x_wconf 80' lang='lat' dir='ltr'><strong>impatientius</strong></span> <span class='ocrx_word' id='word_1_297' title='bbox 1357 3286 1390 3336; x_wconf 76' lang='lat' dir='ltr'><strong>te·</strong></span> 
     </span>
     <span class='ocr_line' id='line_1_34' title="bbox 353 3363 1392 3444; baseline 0.009 -22"><span class='ocrx_word' id='word_1_298' title='bbox 353 3368 380 3422; x_wconf 90' lang='lat' dir='ltr'><strong>Si</strong></span> <span class='ocrx_word' id='word_1_299' title='bbox 394 3382 433 3420; x_wconf 88' lang='lat' dir='ltr'><strong>tot</strong></span> <span class='ocrx_word' id='word_1_300' title='bbox 445 3388 528 3442; x_wconf 77' lang='lat' dir='ltr'><strong>agnos</strong></span> <span class='ocrx_word' id='word_1_301' title='bbox 539 3370 677 3440; x_wconf 83' lang='lat' dir='ltr'><strong>habuero,</strong></span> <span class='ocrx_word' id='word_1_302' title='bbox 692 3388 759 3444; x_wconf 89' lang='lat' dir='ltr'><strong>quot</strong></span> <span class='ocrx_word' id='word_1_303' title='bbox 774 3393 854 3428; x_wconf 77' lang='lat' dir='ltr'><strong>oves:</strong></span> <span class='ocrx_word' id='word_1_304' title='bbox 899 3373 976 3425; x_wconf 86' lang='lat' dir='ltr'><strong>rebat</strong></span> <span class='ocrx_word' id='word_1_305' title='bbox 991 3372 1058 3437; x_wconf 82' lang='lat' dir='ltr'><strong>sibi,</strong></span> <span class='ocrx_word' id='word_1_306' title='bbox 1074 3389 1180 3444; x_wconf 67' lang='lat' dir='ltr'><strong>gregem</strong></span> <span class='ocrx_word' id='word_1_307' title='bbox 1197 3371 1324 3441; x_wconf 59' lang='lat' dir='ltr'><strong>servandi</strong></span> <span class='ocrx_word' id='word_1_308' title='bbox 1341 3363 1392 3415; x_wconf 53' lang='grc' dir='ltr'><strong>ω’</strong></span> 
     </span>
     <span class='ocr_line' id='line_1_35' title="bbox 354 3437 1392 3526; baseline 0.012 -28"><span class='ocrx_word' id='word_1_309' title='bbox 354 3445 407 3499; x_wconf 90' lang='lat' dir='ltr'><strong>hoc</strong></span> <span class='ocrx_word' id='word_1_310' title='bbox 423 3462 464 3500; x_wconf 90' lang='lat' dir='ltr'><strong>est</strong></span> <span class='ocrx_word' id='word_1_311' title='bbox 480 3452 550 3502; x_wconf 89' lang='lat' dir='ltr'><strong>euim</strong></span> <span class='ocrx_word' id='word_1_312' title='bbox 562 3470 664 3525; x_wconf 73' lang='lat' dir='ltr'><strong>qmpem</strong></span> <span class='ocrx_word' id='word_1_313' title='bbox 683 3453 796 3525; x_wconf 73' lang='lat' dir='ltr'><strong>mppleri</strong></span> <span class='ocrx_word' id='word_1_314' title='bbox 810 3472 859 3526; x_wconf 85' lang='lat' dir='ltr'><strong>per</strong></span> <span class='ocrx_word' id='word_1_315' title='bbox 900 3453 953 3504; x_wconf 85' lang='lat' dir='ltr'><strong>tius</strong></span> <span class='ocrx_word' id='word_1_316' title='bbox 978 3453 1064 3505; x_wconf 83' lang='lat' dir='ltr'><strong>amira</strong></span> <span class='ocrx_word' id='word_1_317' title='bbox 1091 3449 1234 3506; x_wconf 82' lang='lat' dir='ltr'><strong>carendum</strong></span> <span class='ocrx_word' id='word_1_318' title='bbox 1261 3461 1339 3509; x_wconf 64' lang='lat' dir='ltr'><strong>emi</strong></span> <span class='ocrx_word' id='word_1_319' title='bbox 1362 3437 1392 3493; x_wconf 65' lang='lat'><strong>³⁴¹</strong></span> 
     </span>
     <span class='ocr_line' id='line_1_36' title="bbox 350 3525 1392 3604; baseline -0.001 -27"><span class='ocrx_word' id='word_1_320' title='bbox 350 3525 490 3596; x_wconf 67' lang='lat' dir='ltr'><strong>sannam,-</strong></span> <span class='ocrx_word' id='word_1_321' title='bbox 501 3541 526 3579; x_wconf 89' lang='lat' dir='ltr'><strong>et</strong></span> <span class='ocrx_word' id='word_1_322' title='bbox 539 3530 635 3582; x_wconf 85' lang='lat' dir='ltr'><strong>foetura</strong></span> <span class='ocrx_word' id='word_1_323' title='bbox 648 3545 687 3584; x_wconf 85' lang='lat' dir='ltr'><strong>est</strong></span> <span class='ocrx_word' id='word_1_324' title='bbox 697 3547 857 3604; x_wconf 79' lang='lat' dir='ltr'><strong>proventus,</strong></span> <span class='ocrx_word' id='word_1_325' title='bbox 902 3551 981 3604; x_wconf 86' lang='lat' dir='ltr'><strong>quom</strong></span> <span class='ocrx_word' id='word_1_326' title='bbox 995 3531 1152 3592; x_wconf 65' lang='lat' dir='ltr'><strong>festinatae</strong></span> <span class='ocrx_word' id='word_1_327' title='bbox 1162 3544 1188 3583; x_wconf 90' lang='lat' dir='ltr'><strong>et</strong></span> <span class='ocrx_word' id='word_1_328' title='bbox 1199 3528 1288 3580; x_wconf 73' lang='lat' dir='ltr'><strong>urimo</strong></span> <span class='ocrx_word' id='word_1_329' title='bbox 1296 3526 1392 3597; x_wconf 78' lang='lat' dir='ltr'><strong>cupien-</strong></span> 
     </span>
     <span class='ocr_line' id='line_1_37' title="bbox 356 3604 1394 3682; baseline 0 -28"><span class='ocrx_word' id='word_1_330' title='bbox 356 3605 413 3674; x_wconf 86' lang='lat' dir='ltr'><strong>ipse</strong></span> <span class='ocrx_word' id='word_1_331' title='bbox 428 3605 507 3657; x_wconf 77' lang='lat' dir='ltr'><strong>foetur</strong></span> <span class='ocrx_word' id='word_1_332' title='bbox 521 3625 585 3659; x_wconf 80' lang='lat' dir='ltr'><strong>vero</strong></span> <span class='ocrx_word' id='word_1_333' title='bbox 602 3609 676 3679; x_wconf 89' lang='lat' dir='ltr'><strong>quod</strong></span> <span class='ocrx_word' id='word_1_334' title='bbox 692 3613 818 3666; x_wconf 86' lang='lat' dir='ltr'><strong>nascitur.</strong></span> <span class='ocrx_word' id='word_1_335' title='bbox 830 3612 856 3665; x_wconf 89' lang='lat' dir='ltr'><strong>S.</strong></span> <span class='ocrx_word' id='word_1_336' title='bbox 903 3613 936 3674; x_wconf 88' lang='lat' dir='ltr'><strong>ti,</strong></span> <span class='ocrx_word' id='word_1_337' title='bbox 947 3627 976 3664; x_wconf 88' lang='lat' dir='ltr'><strong>ut</strong></span> <span class='ocrx_word' id='word_1_338' title='bbox 985 3612 1090 3664; x_wconf 75' lang='lat' dir='ltr'><strong>Sallust.</strong></span> <span class='ocrx_word' id='word_1_339' title='bbox 1104 3613 1131 3661; x_wconf 91' lang='lat' dir='ltr'><strong>in</strong></span> <span class='ocrx_word' id='word_1_340' title='bbox 1145 3605 1267 3682; x_wconf 68' lang='lat' dir='ltr'><strong>ingerth.</strong></span> <span class='ocrx_word' id='word_1_341' title='bbox 1285 3604 1394 3656; x_wconf 77' lang='lat' dir='ltr'><strong>uiliter·</strong></span> 
     </span>
     <span class='ocr_line' id='line_1_38' title="bbox 392 3681 1393 3762; baseline -0.002 -26"><span class='ocrx_word' id='word_1_342' title='bbox 392 3681 435 3749; x_wconf 82' lang='lat'><strong>37.</strong></span> <span class='ocrx_word' id='word_1_343' title='bbox 452 3684 549 3736; x_wconf 77' lang='lat' dir='ltr'><strong>Nerine</strong></span> <span class='ocrx_word' id='word_1_344' title='bbox 567 3685 683 3737; x_wconf 81' lang='lat' dir='ltr'><strong>Galatea.</strong></span> <span class='ocrx_word' id='word_1_345' title='bbox 698 3689 790 3742; x_wconf 78' lang='lat' dir='ltr'><strong>Amica</strong></span> <span class='ocrx_word' id='word_1_346' title='bbox 807 3691 860 3742; x_wconf 89' lang='lat' dir='ltr'><strong>Co·</strong></span> <span class='ocrx_word' id='word_1_347' title='bbox 904 3683 1393 3762; x_wconf 74' lang='lat' dir='ltr'><strong>tlsfestinatur.Crebraeoccurruntmi·</strong></span> 
     </span>
     <span class='ocr_line' id='line_1_39' title="bbox 358 3757 1396 3840; baseline 0.003 -31"><span class='ocrx_word' id='word_1_348' title='bbox 358 3757 465 3831; x_wconf 69' lang='lat' dir='ltr'><strong>rpdonis</strong></span> <span class='ocrx_word' id='word_1_349' title='bbox 477 3762 591 3826; x_wconf 72' lang='lat' dir='ltr'><strong>nobilis,</strong></span> <span class='ocrx_word' id='word_1_350' title='bbox 602 3764 699 3816; x_wconf 84' lang='lat' dir='ltr'><strong>Nerine</strong></span> <span class='ocrx_word' id='word_1_351' title='bbox 711 3779 798 3819; x_wconf 87' lang='lat' dir='ltr'><strong>nutem</strong></span> <span class='ocrx_word' id='word_1_352' title='bbox 811 3789 860 3840; x_wconf 84' lang='lat' dir='ltr'><strong>pe·</strong></span> <span class='ocrx_word' id='word_1_353' title='bbox 904 3787 961 3822; x_wconf 84' lang='lat' dir='ltr'><strong>sere</strong></span> <span class='ocrx_word' id='word_1_354' title='bbox 972 3771 1117 3822; x_wconf 81' lang='lat' dir='ltr'><strong>amentium</strong></span> <span class='ocrx_word' id='word_1_355' title='bbox 1128 3764 1256 3837; x_wconf 73' lang='lat' dir='ltr'><strong>querele,</strong></span> <span class='ocrx_word' id='word_1_356' title='bbox 1269 3773 1396 3816; x_wconf 67' lang='lat' dir='ltr'><strong>moments</strong></span> 
     </span>
     <span class='ocr_line' id='line_1_40' title="bbox 357 3841 1393 3913; baseline 0.006 -24"><span class='ocrx_word' id='word_1_357' title='bbox 357 3842 535 3910; x_wconf 73' lang='lat' dir='ltr'><strong>tronprnicnm</strong></span> <span class='ocrx_word' id='word_1_358' title='bbox 548 3856 588 3893; x_wconf 82' lang='lat' dir='ltr'><strong>est</strong></span> <span class='ocrx_word' id='word_1_359' title='bbox 599 3841 729 3896; x_wconf 70' lang='lat' dir='ltr'><strong>Graecum.</strong></span> <span class='ocrx_word' id='word_1_360' title='bbox 742 3849 860 3902; x_wconf 81' lang='lat' dir='ltr'><strong>ntAEeti-</strong></span> <span class='ocrx_word' id='word_1_361' title='bbox 905 3867 989 3902; x_wconf 87' lang='lat' dir='ltr'><strong>annot</strong></span> <span class='ocrx_word' id='word_1_362' title='bbox 1009 3868 1074 3903; x_wconf 79' lang='lat' dir='ltr'><strong>etse.</strong></span> <span class='ocrx_word' id='word_1_363' title='bbox 1092 3846 1170 3901; x_wconf 87' lang='lat' dir='ltr'><strong>Ovid.</strong></span> <span class='ocrx_word' id='word_1_364' title='bbox 1192 3843 1300 3898; x_wconf 86' lang='lat' dir='ltr'><strong>Heroid.</strong></span> <span class='ocrx_word' id='word_1_365' title='bbox 1317 3844 1393 3913; x_wconf 82' lang='lat' dir='ltr'><strong>Epist·</strong></span> 
     </span>
     <span class='ocr_line' id='line_1_41' title="bbox 358 3915 1395 3997; baseline 0.012 -27"><span class='ocrx_word' id='word_1_366' title='bbox 358 3935 392 3970; x_wconf 84' lang='lat' dir='ltr'><strong>ne</strong></span> <span class='ocrx_word' id='word_1_367' title='bbox 404 3915 482 3970; x_wconf 83' lang='lat' dir='ltr'><strong>ovid.</strong></span> <span class='ocrx_word' id='word_1_368' title='bbox 495 3918 578 3988; x_wconf 76' lang='lat' dir='ltr'><strong>Epist.</strong></span> <span class='ocrx_word' id='word_1_369' title='bbox 594 3920 703 3974; x_wconf 86' lang='lat' dir='ltr'><strong>Heroid.</strong></span> <span class='ocrx_word' id='word_1_370' title='bbox 719 3924 755 3976; x_wconf 81' lang='lat' dir='ltr'><strong>Vl</strong></span> <span class='ocrx_word' id='word_1_371' title='bbox 763 3961 772 3990; x_wconf 93' lang='lat'><strong>,</strong></span> <span class='ocrx_word' id='word_1_372' title='bbox 793 3925 858 3980; x_wconf 85' lang='lat'>103:</span> <span class='ocrx_word' id='word_1_373' title='bbox 904 3929 1005 3996; x_wconf 80' lang='lat' dir='ltr'><strong>xvlu,</strong></span> <span class='ocrx_word' id='word_1_374' title='bbox 1019 3930 1070 3982; x_wconf 76' lang='lat'><strong>25:</strong></span> <span class='ocrx_word' id='word_1_375' title='bbox 1086 3927 1224 3997; x_wconf 67' lang='lat' dir='ltr'><strong>:Septimo</strong></span> <span class='ocrx_word' id='word_1_376' title='bbox 1237 3941 1287 3974; x_wconf 84' lang='lat' dir='ltr'><strong>nox</strong></span> <span class='ocrx_word' id='word_1_377' title='bbox 1299 3925 1395 3994; x_wconf 66' lang='lat' dir='ltr'><strong>agitur,</strong></span> 
     </span>
     <span class='ocr_line' id='line_1_42' title="bbox 359 3995 1397 4079; baseline 0.004 -28"><span class='ocrx_word' id='word_1_378' title='bbox 359 3999 397 4052; x_wconf 85' lang='lat' dir='ltr'><strong>sie</strong></span> <span class='ocrx_word' id='word_1_379' title='bbox 425 3995 590 4064; x_wconf 81' lang='lat' dir='ltr'><strong>Adrestine,</strong></span> <span class='ocrx_word' id='word_1_380' title='bbox 616 3999 778 4055; x_wconf 79' lang='lat' dir='ltr'><strong>Nonacrius.</strong></span> <span class='ocrx_word' id='word_1_381' title='bbox 805 4004 860 4058; x_wconf 83' lang='lat' dir='ltr'><strong>vid.</strong></span> <span class='ocrx_word' id='word_1_382' title='bbox 906 4002 1397 4079; x_wconf 67' lang='lat' dir='ltr'><strong>spatiummihilongiouanno.·1.u</strong></span> 
     </span>
     <span class='ocr_line' id='line_1_43' title="bbox 357 4077 1344 4162; baseline 0.002 -31"><span class='ocrx_word' id='word_1_383' title='bbox 357 4079 487 4132; x_wconf 76' lang='lat' dir='ltr'><strong>Priscian.</strong></span> <span class='ocrx_word' id='word_1_384' title='bbox 501 4077 547 4132; x_wconf 83' lang='lat' dir='ltr'><strong>lib.</strong></span> <span class='ocrx_word' id='word_1_385' title='bbox 560 4083 601 4148; x_wconf 80' lang='lat'><strong>11,</strong></span> <span class='ocrx_word' id='word_1_386' title='bbox 614 4100 640 4154; x_wconf 89' lang='lat' dir='ltr'><strong>p.</strong></span> <span class='ocrx_word' id='word_1_387' title='bbox 655 4081 721 4146; x_wconf 71' lang='lat'><strong>5855</strong></span> <span class='ocrx_word' id='word_1_388' title='bbox 740 4097 765 4138; x_wconf 84' lang='lat' dir='ltr'><strong>et</strong></span> <span class='ocrx_word' id='word_1_389' title='bbox 782 4099 861 4141; x_wconf 82' lang='lat' dir='ltr'><strong>notas</strong></span> <span class='ocrx_word' id='word_1_390' title='bbox 906 4107 957 4161; x_wconf 86' lang='lat' dir='ltr'><strong>pro</strong></span> <span class='ocrx_word' id='word_1_391' title='bbox 969 4089 1011 4142; x_wconf 83' lang='lat' dir='ltr'><strong>die</strong></span> <span class='ocrx_word' id='word_1_392' title='bbox 1023 4087 1096 4162; x_wconf 80' lang='lat' dir='ltr'><strong>opud</strong></span> <span class='ocrx_word' id='word_1_393' title='bbox 1108 4099 1202 4160; x_wconf 80' lang='lat' dir='ltr'><strong>poetar</strong></span> <span class='ocrx_word' id='word_1_394' title='bbox 1214 4083 1344 4157; x_wconf 71' lang='lat' dir='ltr'><strong>vulgatur.</strong></span> 
     </span>
    </p>
   </div>
   <div class='ocr_carea' id='block_1_5' title="bbox 0 0 1537 4674">
    <p class='ocr_par' dir='ltr' id='par_1_7' title="bbox 0 0 1537 4674">
     <span class='ocr_line' id='line_1_44' title="bbox 0 0 1537 4674; baseline 0 0"><span class='ocrx_word' id='word_1_395' title='bbox 0 0 1537 4674; x_wconf 95' lang='lat' dir='ltr'><strong> </strong></span> 
     </span>
    </p>
   </div>
  </div>
 </body>
</html>
