<?xml version="1.0" encoding="UTF-8"?>
<!DOCTYPE html PUBLIC "-//W3C//DTD XHTML 1.0 Transitional//EN"
    "http://www.w3.org/TR/xhtml1/DTD/xhtml1-transitional.dtd">
<html xmlns="http://www.w3.org/1999/xhtml" xml:lang="en" lang="en">
 <head>
  <title>
</title>
<meta http-equiv="Content-Type" content="text/html;charset=utf-8" />
  <meta name='ocr-system' content='tesseract 3.04.00' />
  <meta name='ocr-capabilities' content='ocr_page ocr_carea ocr_par ocr_line ocrx_word'/>
</head>
<body>
  <div class='ocr_page' id='page_1' title='image "./pvirgiliusmaroq04barbgoog_0296.png"; bbox 0 0 3000 4674; ppageno 0'>
   <div class='ocr_carea' id='block_1_1' title="bbox 282 285 985 428">
    <p class='ocr_par' dir='ltr' id='par_1_1' title="bbox 282 285 985 428">
     <span class='ocr_line' id='line_1_1' title="bbox 282 285 985 428; baseline 0.001 -23"><span class='ocrx_word' id='word_1_1' title='bbox 282 339 344 428; x_wconf 80' lang='lat'><strong>298</strong></span> <span class='ocrx_word' id='word_1_2' title='bbox 608 285 985 407; x_wconf 67' lang='lat' dir='ltr'><strong>continuitate</strong></span> 
     </span>
    </p>
   </div>
   <div class='ocr_carea' id='block_1_2' title="bbox 277 457 1416 2324">
    <p class='ocr_par' dir='ltr' id='par_1_2' title="bbox 277 457 1327 878">
     <span class='ocr_line' id='line_1_2' title="bbox 319 457 1326 543; baseline 0 -19"><span class='ocrx_word' id='word_1_3' title='bbox 319 461 367 534; x_wconf 75' lang='lat'><strong>45.</strong></span> <span class='ocrx_word' id='word_1_4' title='bbox 377 457 515 520; x_wconf 86' lang='lat' dir='ltr'><strong>Secunda</strong></span> <span class='ocrx_word' id='word_1_5' title='bbox 524 457 633 521; x_wconf 83' lang='lat' dir='ltr'><strong>fabula</strong></span> <span class='ocrx_word' id='word_1_6' title='bbox 642 461 781 522; x_wconf 89' lang='lat' dir='ltr'><strong>continet</strong></span> <span class='ocrx_word' id='word_1_7' title='bbox 791 481 839 522; x_wconf 88' lang='lat' dir='ltr'><strong>res</strong></span> <span class='ocrx_word' id='word_1_8' title='bbox 852 459 1036 542; x_wconf 74' lang='lat' dir='ltr'><strong>Pasiphaes,</strong></span> <span class='ocrx_word' id='word_1_9' title='bbox 1047 481 1116 543; x_wconf 81' lang='lat' dir='ltr'><strong>quae</strong></span> <span class='ocrx_word' id='word_1_10' title='bbox 1125 462 1326 524; x_wconf 77' lang='lat' dir='ltr'>Cretensium</span> 
     </span>
     <span class='ocr_line' id='line_1_3' title="bbox 279 547 1324 628; baseline 0.001 -18"><span class='ocrx_word' id='word_1_11' title='bbox 279 548 412 628; x_wconf 80' lang='lat' dir='ltr'><strong>Regina,</strong></span> <span class='ocrx_word' id='word_1_12' title='bbox 432 547 548 608; x_wconf 87' lang='lat' dir='ltr'><strong>Minois</strong></span> <span class='ocrx_word' id='word_1_13' title='bbox 563 551 762 622; x_wconf 80' lang='lat' dir='ltr'><strong>uxor,.&#39;l&#39;auri</strong></span> <span class='ocrx_word' id='word_1_14' title='bbox 776 551 894 610; x_wconf 84' lang='lat' dir='ltr'><strong>amica:</strong></span> <span class='ocrx_word' id='word_1_15' title='bbox 912 547 994 610; x_wconf 88' lang='lat' dir='ltr'><strong>haue</strong></span> <span class='ocrx_word' id='word_1_16' title='bbox 1005 549 1184 611; x_wconf 84' lang='lat' dir='ltr'><strong>consolatur</strong></span> <span class='ocrx_word' id='word_1_17' title='bbox 1197 570 1324 625; x_wconf 83' lang='lat' dir='ltr'><strong>amore,</strong></span> 
     </span>
     <span class='ocr_line' id='line_1_4' title="bbox 279 636 1326 722; baseline 0.004 -26"><span class='ocrx_word' id='word_1_18' title='bbox 279 636 389 712; x_wconf 81' lang='lat' dir='ltr'><strong>idest,</strong></span> <span class='ocrx_word' id='word_1_19' title='bbox 407 651 525 698; x_wconf 85' lang='lat' dir='ltr'><strong>recreat</strong></span> <span class='ocrx_word' id='word_1_20' title='bbox 540 638 580 698; x_wconf 90' lang='lat' dir='ltr'><strong>ah</strong></span> <span class='ocrx_word' id='word_1_21' title='bbox 597 659 704 700; x_wconf 86' lang='lat' dir='ltr'><strong>amore</strong></span> <span class='ocrx_word' id='word_1_22' title='bbox 718 654 749 700; x_wconf 90' lang='lat' dir='ltr'><strong>et</strong></span> <span class='ocrx_word' id='word_1_23' title='bbox 765 641 903 716; x_wconf 87' lang='lat' dir='ltr'><strong>insania,</strong></span> <span class='ocrx_word' id='word_1_24' title='bbox 920 660 982 722; x_wconf 90' lang='lat' dir='ltr'><strong>qua</strong></span> <span class='ocrx_word' id='word_1_25' title='bbox 999 639 1124 700; x_wconf 88' lang='lat' dir='ltr'><strong>amabat</strong></span> <span class='ocrx_word' id='word_1_26' title='bbox 1137 639 1259 722; x_wconf 86' lang='lat' dir='ltr'><strong>perdite</strong></span> <span class='ocrx_word' id='word_1_27' title='bbox 1273 637 1326 721; x_wconf 83' lang='lat' dir='ltr'><strong>ju·</strong></span> 
     </span>
     <span class='ocr_line' id='line_1_5' title="bbox 277 725 1327 804; baseline 0.004 -22"><span class='ocrx_word' id='word_1_28' title='bbox 277 743 411 786; x_wconf 86' lang='lat' dir='ltr'><strong>vencurn</strong></span> <span class='ocrx_word' id='word_1_29' title='bbox 421 726 562 803; x_wconf 87' lang='lat' dir='ltr'><strong>niveum,</strong></span> <span class='ocrx_word' id='word_1_30' title='bbox 573 747 688 788; x_wconf 82' lang='lat' dir='ltr'><strong>vocam</strong></span> <span class='ocrx_word' id='word_1_31' title='bbox 698 726 786 788; x_wconf 90' lang='lat' dir='ltr'><strong>illam</strong></span> <span class='ocrx_word' id='word_1_32' title='bbox 794 725 936 804; x_wconf 78' lang='lat' dir='ltr'><strong>felicem,</strong></span> <span class='ocrx_word' id='word_1_33' title='bbox 946 729 1006 790; x_wconf 87' lang='lat' dir='ltr'><strong>nisi</strong></span> <span class='ocrx_word' id='word_1_34' title='bbox 1017 740 1164 804; x_wconf 69' lang='lat' dir='ltr'><strong>amaret,</strong></span> <span class='ocrx_word' id='word_1_35' title='bbox 1175 727 1236 788; x_wconf 86' lang='lat' dir='ltr'><strong>nisi</strong></span> <span class='ocrx_word' id='word_1_36' title='bbox 1245 727 1327 788; x_wconf 83' lang='lat' dir='ltr'><strong>iuis-</strong></span> 
     </span>
     <span class='ocr_line' id='line_1_6' title="bbox 280 826 510 878; baseline 0.017 -6"><span class='ocrx_word' id='word_1_37' title='bbox 280 826 349 873; x_wconf 86' lang='lat' dir='ltr'><strong>sent</strong></span> <span class='ocrx_word' id='word_1_38' title='bbox 360 829 510 878; x_wconf 86' lang='lat' dir='ltr'><strong>armenta.</strong></span> 
     </span>
    </p>

    <p class='ocr_par' dir='ltr' id='par_1_3' title="bbox 278 899 1416 1940">
     <span class='ocr_line' id='line_1_7' title="bbox 319 899 1327 982; baseline 0.005 -21"><span class='ocrx_word' id='word_1_39' title='bbox 319 899 369 982; x_wconf 68' lang='lat'><strong>47.</strong></span> <span class='ocrx_word' id='word_1_40' title='bbox 383 902 545 966; x_wconf 78' lang='lat' dir='ltr'>Convertit</span> <span class='ocrx_word' id='word_1_41' title='bbox 556 926 590 968; x_wconf 83' lang='lat' dir='ltr'><strong>se</strong></span> <span class='ocrx_word' id='word_1_42' title='bbox 601 903 723 968; x_wconf 84' lang='lat' dir='ltr'><strong>Silenus</strong></span> <span class='ocrx_word' id='word_1_43' title='bbox 735 904 775 966; x_wconf 83' lang='lat' dir='ltr'><strong>arl</strong></span> <span class='ocrx_word' id='word_1_44' title='bbox 787 917 853 966; x_wconf 90' lang='lat' dir='ltr'><strong>tam</strong></span> <span class='ocrx_word' id='word_1_45' title='bbox 864 903 1019 968; x_wconf 84' lang='lat' dir='ltr'><strong>infaustos</strong></span> <span class='ocrx_word' id='word_1_46' title='bbox 1032 925 1169 982; x_wconf 86' lang='lat' dir='ltr'><strong>amores,</strong></span> <span class='ocrx_word' id='word_1_47' title='bbox 1183 918 1215 966; x_wconf 85' lang='lat' dir='ltr'><strong>et</strong></span> <span class='ocrx_word' id='word_1_48' title='bbox 1226 903 1327 966; x_wconf 83' lang='lat' dir='ltr'><strong>veluti</strong></span> 
     </span>
     <span class='ocr_line' id='line_1_8' title="bbox 280 987 1326 1078; baseline 0.005 -30"><span class='ocrx_word' id='word_1_49' title='bbox 280 987 396 1054; x_wconf 86' lang='lat' dir='ltr'><strong>oblitus</strong></span> <span class='ocrx_word' id='word_1_50' title='bbox 407 990 600 1070; x_wconf 88' lang='lat' dir='ltr'><strong>fabularum,</strong></span> <span class='ocrx_word' id='word_1_51' title='bbox 616 1015 694 1077; x_wconf 84' lang='lat' dir='ltr'><strong>quas</strong></span> <span class='ocrx_word' id='word_1_52' title='bbox 709 997 883 1078; x_wconf 77' lang='lat' dir='ltr'><strong>inceperat,</strong></span> <span class='ocrx_word' id='word_1_53' title='bbox 899 997 932 1054; x_wconf 91' lang='lat' dir='ltr'><strong>in</strong></span> <span class='ocrx_word' id='word_1_54' title='bbox 944 994 1005 1055; x_wconf 89' lang='lat' dir='ltr'><strong>hae</strong></span> <span class='ocrx_word' id='word_1_55' title='bbox 1020 1017 1083 1057; x_wconf 87' lang='lat' dir='ltr'><strong>una</strong></span> <span class='ocrx_word' id='word_1_56' title='bbox 1097 995 1151 1056; x_wconf 88' lang='lat' dir='ltr'><strong>diu</strong></span> <span class='ocrx_word' id='word_1_57' title='bbox 1163 1010 1326 1056; x_wconf 79' lang='lat' dir='ltr'><strong>moretur:</strong></span> 
     </span>
     <span class='ocr_line' id='line_1_9' title="bbox 280 1083 1325 1166; baseline 0.002 -26"><span class='ocrx_word' id='word_1_58' title='bbox 280 1095 369 1152; x_wconf 63' lang='lat' dir='ltr'><strong>,vocat</strong></span> <span class='ocrx_word' id='word_1_59' title='bbox 389 1083 539 1162; x_wconf 80' lang='lat' dir='ltr'><strong>virginem</strong></span> <span class='ocrx_word' id='word_1_60' title='bbox 559 1083 731 1160; x_wconf 67' lang='lat' dir='ltr'><strong>infelicem</strong></span> <span class='ocrx_word' id='word_1_61' title='bbox 750 1101 844 1146; x_wconf 82' lang='lat' dir='ltr'><strong>vocat</strong></span> <span class='ocrx_word' id='word_1_62' title='bbox 862 1085 1057 1146; x_wconf 87' lang='lat' dir='ltr'><strong>dementem:</strong></span> <span class='ocrx_word' id='word_1_63' title='bbox 1072 1087 1136 1161; x_wconf 84' lang='lat' dir='ltr'><strong>¹ait,</strong></span> <span class='ocrx_word' id='word_1_64' title='bbox 1156 1085 1222 1166; x_wconf 80' lang='lat' dir='ltr'><strong>ejus</strong></span> <span class='ocrx_word' id='word_1_65' title='bbox 1241 1086 1325 1144; x_wconf 83' lang='lat' dir='ltr'><strong>insa·</strong></span> 
     </span>
     <span class='ocr_line' id='line_1_10' title="bbox 281 1169 1328 1256; baseline 0.007 -29"><span class='ocrx_word' id='word_1_66' title='bbox 281 1169 366 1238; x_wconf 83' lang='lat' dir='ltr'><strong>niam</strong></span> <span class='ocrx_word' id='word_1_67' title='bbox 379 1192 526 1254; x_wconf 82' lang='lat' dir='ltr'><strong>superare</strong></span> <span class='ocrx_word' id='word_1_68' title='bbox 540 1175 694 1240; x_wconf 86' lang='lat' dir='ltr'><strong>insaniam</strong></span> <span class='ocrx_word' id='word_1_69' title='bbox 709 1172 846 1234; x_wconf 84' lang='lat' dir='ltr'><strong>filiarum</strong></span> <span class='ocrx_word' id='word_1_70' title='bbox 860 1176 972 1234; x_wconf 86' lang='lat' dir='ltr'><strong>Proeti:</strong></span> <span class='ocrx_word' id='word_1_71' title='bbox 990 1173 1198 1256; x_wconf 79' lang='lat' dir='ltr'><strong>praetulerunt</strong></span> <span class='ocrx_word' id='word_1_72' title='bbox 1210 1193 1244 1232; x_wconf 85' lang='lat' dir='ltr'><strong>se</strong></span> <span class='ocrx_word' id='word_1_73' title='bbox 1257 1175 1328 1234; x_wconf 71' lang='lat' dir='ltr'><strong>istm</strong></span> 
     </span>
     <span class='ocr_line' id='line_1_11' title="bbox 278 1259 1328 1344; baseline 0.002 -28"><span class='ocrx_word' id='word_1_74' title='bbox 278 1259 398 1322; x_wconf 82' lang='lat' dir='ltr'><strong>lunoni</strong></span> <span class='ocrx_word' id='word_1_75' title='bbox 418 1261 450 1322; x_wconf 85' lang='lat' dir='ltr'><strong>in</strong></span> <span class='ocrx_word' id='word_1_76' title='bbox 470 1260 719 1344; x_wconf 83' lang='lat' dir='ltr'><strong>pulchritudine3</strong></span> <span class='ocrx_word' id='word_1_77' title='bbox 739 1265 883 1325; x_wconf 78' lang='lat' dir='ltr'><strong>irascitur</strong></span> <span class='ocrx_word' id='word_1_78' title='bbox 901 1264 981 1338; x_wconf 80' lang='lat' dir='ltr'><strong>Des3</strong></span> <span class='ocrx_word' id='word_1_79' title='bbox 1000 1263 1150 1322; x_wconf 75' lang='lat' dir='ltr'><strong>immittit</strong></span> <span class='ocrx_word' id='word_1_80' title='bbox 1170 1260 1328 1337; x_wconf 76' lang='lat' dir='ltr'><strong>furorem,</strong></span> 
     </span>
     <span class='ocr_line' id='line_1_12' title="bbox 279 1345 1331 1432; baseline 0.001 -26"><span class='ocrx_word' id='word_1_81' title='bbox 279 1365 344 1428; x_wconf 84' lang='lat' dir='ltr'><strong>quo</strong></span> <span class='ocrx_word' id='word_1_82' title='bbox 356 1362 482 1429; x_wconf 87' lang='lat' dir='ltr'><strong>putent,</strong></span> <span class='ocrx_word' id='word_1_83' title='bbox 492 1371 525 1412; x_wconf 86' lang='lat' dir='ltr'><strong>se</strong></span> <span class='ocrx_word' id='word_1_84' title='bbox 535 1371 601 1412; x_wconf 84' lang='lat' dir='ltr'><strong>esse</strong></span> <span class='ocrx_word' id='word_1_85' title='bbox 610 1372 730 1426; x_wconf 85' lang='lat' dir='ltr'><strong>vaceas;</strong></span> <span class='ocrx_word' id='word_1_86' title='bbox 741 1363 869 1432; x_wconf 87' lang='lat' dir='ltr'><strong>putant,</strong></span> <span class='ocrx_word' id='word_1_87' title='bbox 879 1349 976 1412; x_wconf 84' lang='lat' dir='ltr'><strong>edunt</strong></span> <span class='ocrx_word' id='word_1_88' title='bbox 987 1352 1141 1432; x_wconf 78' lang='lat' dir='ltr'><strong>mugitus,</strong></span> <span class='ocrx_word' id='word_1_89' title='bbox 1151 1347 1206 1413; x_wconf 84' lang='lat' dir='ltr'><strong>sed</strong></span> <span class='ocrx_word' id='word_1_90' title='bbox 1215 1345 1331 1423; x_wconf 67' lang='lat' dir='ltr'><strong>falsos,</strong></span> 
     </span>
     <span class='ocr_line' id='line_1_13' title="bbox 279 1437 1416 1520; baseline 0 -24"><span class='ocrx_word' id='word_1_91' title='bbox 279 1455 354 1498; x_wconf 89' lang='lat' dir='ltr'><strong>nam</strong></span> <span class='ocrx_word' id='word_1_92' title='bbox 367 1457 437 1500; x_wconf 84' lang='lat' dir='ltr'><strong>vere</strong></span> <span class='ocrx_word' id='word_1_93' title='bbox 451 1441 604 1520; x_wconf 78' lang='lat' dir='ltr'><strong>virgines:</strong></span> <span class='ocrx_word' id='word_1_94' title='bbox 620 1442 732 1502; x_wconf 86' lang='lat' dir='ltr'><strong>timent</strong></span> <span class='ocrx_word' id='word_1_95' title='bbox 746 1456 898 1516; x_wconf 77' lang='lat' dir='ltr'><strong>aratrum,</strong></span> <span class='ocrx_word' id='word_1_96' title='bbox 910 1441 936 1502; x_wconf 89' lang='lat' dir='ltr'><strong>si</strong></span> <span class='ocrx_word' id='word_1_97' title='bbox 948 1439 1031 1500; x_wconf 82' lang='lat' dir='ltr'><strong>forte</strong></span> <span class='ocrx_word' id='word_1_98' title='bbox 1043 1437 1167 1512; x_wconf 71' lang='lat' dir='ltr'><strong>vident,</strong></span> <span class='ocrx_word' id='word_1_99' title='bbox 1181 1449 1332 1520; x_wconf 73' lang='lat' dir='ltr'><strong>quaeruut</strong></span> <span class='ocrx_word' id='word_1_100' title='bbox 1407 1507 1416 1520; x_wconf 46' lang='grc' dir='ltr'>Ι</span> 
     </span>
     <span class='ocr_line' id='line_1_14' title="bbox 281 1524 1330 1605; baseline 0.003 -18"><span class='ocrx_word' id='word_1_101' title='bbox 281 1543 401 1587; x_wconf 88' lang='lat' dir='ltr'><strong>cornua</strong></span> <span class='ocrx_word' id='word_1_102' title='bbox 417 1528 449 1586; x_wconf 91' lang='lat' dir='ltr'><strong>in</strong></span> <span class='ocrx_word' id='word_1_103' title='bbox 467 1527 585 1604; x_wconf 88' lang='lat' dir='ltr'><strong>fronte,</strong></span> <span class='ocrx_word' id='word_1_104' title='bbox 605 1529 659 1591; x_wconf 86' lang='lat' dir='ltr'><strong>sed</strong></span> <span class='ocrx_word' id='word_1_105' title='bbox 676 1528 762 1605; x_wconf 86' lang='lat' dir='ltr'><strong>laevi,</strong></span> <span class='ocrx_word' id='word_1_106' title='bbox 775 1527 808 1590; x_wconf 92' lang='lat' dir='ltr'><strong>id</strong></span> <span class='ocrx_word' id='word_1_107' title='bbox 821 1543 881 1604; x_wconf 85' lang='lat' dir='ltr'><strong>est,</strong></span> <span class='ocrx_word' id='word_1_108' title='bbox 896 1527 1053 1604; x_wconf 70' lang='lat' dir='ltr'><strong>humana,</strong></span> <span class='ocrx_word' id='word_1_109' title='bbox 1068 1544 1141 1590; x_wconf 81' lang='lat' dir='ltr'><strong>nem</strong></span> <span class='ocrx_word' id='word_1_110' title='bbox 1155 1526 1230 1588; x_wconf 78' lang='lat' dir='ltr'><strong>ferte</strong></span> <span class='ocrx_word' id='word_1_111' title='bbox 1243 1524 1330 1590; x_wconf 76' lang='lat' dir='ltr'><strong>hirta</strong></span> 
     </span>
     <span class='ocr_line' id='line_1_15' title="bbox 280 1613 1330 1700; baseline 0 -28"><span class='ocrx_word' id='word_1_112' title='bbox 280 1626 354 1674; x_wconf 84' lang='lat' dir='ltr'><strong>sunt</strong></span> <span class='ocrx_word' id='word_1_113' title='bbox 368 1614 485 1691; x_wconf 84' lang='lat' dir='ltr'><strong>fronte,</strong></span> <span class='ocrx_word' id='word_1_114' title='bbox 505 1631 598 1698; x_wconf 87' lang='lat' dir='ltr'><strong>atque</strong></span> <span class='ocrx_word' id='word_1_115' title='bbox 612 1616 757 1700; x_wconf 89' lang='lat' dir='ltr'><strong>hispida:</strong></span> <span class='ocrx_word' id='word_1_116' title='bbox 777 1637 867 1698; x_wconf 77' lang='lat' dir='ltr'><strong>ergo;</strong></span> <span class='ocrx_word' id='word_1_117' title='bbox 887 1631 921 1680; x_wconf 93' lang='lat' dir='ltr'><strong>tu</strong></span> <span class='ocrx_word' id='word_1_118' title='bbox 939 1615 1111 1690; x_wconf 82' lang='lat' dir='ltr'><strong>infelicior,</strong></span> <span class='ocrx_word' id='word_1_119' title='bbox 1134 1627 1168 1674; x_wconf 92' lang='lat' dir='ltr'><strong>tu</strong></span> <span class='ocrx_word' id='word_1_120' title='bbox 1184 1613 1330 1676; x_wconf 82' lang='lat' dir='ltr'><strong>insanior</strong></span> 
     </span>
     <span class='ocr_line' id='line_1_16' title="bbox 280 1702 1328 1786; baseline -0.004 -22"><span class='ocrx_word' id='word_1_121' title='bbox 280 1702 448 1784; x_wconf 80' lang='lat' dir='ltr'><strong>Pasiphae,</strong></span> <span class='ocrx_word' id='word_1_122' title='bbox 462 1726 535 1766; x_wconf 87' lang='lat' dir='ltr'><strong>nam</strong></span> <span class='ocrx_word' id='word_1_123' title='bbox 547 1705 623 1784; x_wconf 74' lang='lat' dir='ltr'><strong>illae,</strong></span> <span class='ocrx_word' id='word_1_124' title='bbox 633 1721 688 1766; x_wconf 95' lang='lat' dir='ltr'><strong>aut</strong></span> <span class='ocrx_word' id='word_1_125' title='bbox 700 1706 827 1768; x_wconf 90' lang='lat' dir='ltr'><strong>illarum</strong></span> <span class='ocrx_word' id='word_1_126' title='bbox 838 1704 943 1786; x_wconf 90' lang='lat' dir='ltr'><strong>aliqua</strong></span> <span class='ocrx_word' id='word_1_127' title='bbox 954 1703 1034 1768; x_wconf 90' lang='lat' dir='ltr'><strong>nihil</strong></span> <span class='ocrx_word' id='word_1_128' title='bbox 1045 1723 1186 1786; x_wconf 82' lang='lat' dir='ltr'><strong>uuquam</strong></span> <span class='ocrx_word' id='word_1_129' title='bbox 1197 1702 1328 1764; x_wconf 86' lang='lat' dir='ltr'><strong>brutum</strong></span> 
     </span>
     <span class='ocr_line' id='line_1_17' title="bbox 282 1786 1332 1878; baseline 0.001 -31"><span class='ocrx_word' id='word_1_130' title='bbox 282 1793 412 1867; x_wconf 87' lang='lat' dir='ltr'><strong>amavit,</strong></span> <span class='ocrx_word' id='word_1_131' title='bbox 424 1794 479 1873; x_wconf 87' lang='lat' dir='ltr'><strong>qui</strong></span> <span class='ocrx_word' id='word_1_132' title='bbox 491 1814 593 1871; x_wconf 84' lang='lat' dir='ltr'><strong>amor,</strong></span> <span class='ocrx_word' id='word_1_133' title='bbox 607 1796 662 1878; x_wconf 90' lang='lat' dir='ltr'><strong>qui</strong></span> <span class='ocrx_word' id='word_1_134' title='bbox 674 1795 864 1858; x_wconf 78' lang='lat' dir='ltr'><strong>concubitus</strong></span> <span class='ocrx_word' id='word_1_135' title='bbox 877 1796 993 1877; x_wconf 87' lang='lat' dir='ltr'><strong>turpis,</strong></span> <span class='ocrx_word' id='word_1_136' title='bbox 1008 1791 1197 1874; x_wconf 76' lang='lat' dir='ltr'><strong>flagitiosus,</strong></span> <span class='ocrx_word' id='word_1_137' title='bbox 1210 1786 1332 1850; x_wconf 82' lang='lat' dir='ltr'><strong>eborni-</strong></span> 
     </span>
     <span class='ocr_line' id='line_1_18' title="bbox 284 1879 417 1940; baseline 0 -2"><span class='ocrx_word' id='word_1_138' title='bbox 284 1879 417 1940; x_wconf 87' lang='lat' dir='ltr'><strong>naudus.</strong></span> 
     </span>
    </p>

    <p class='ocr_par' dir='ltr' id='par_1_4' title="bbox 278 1963 1333 2324">
     <span class='ocr_line' id='line_1_19' title="bbox 323 1963 1330 2054; baseline -0.002 -29"><span class='ocrx_word' id='word_1_139' title='bbox 323 1965 370 2026; x_wconf 79' lang='lat'><strong>52.</strong></span> <span class='ocrx_word' id='word_1_140' title='bbox 385 1969 463 2029; x_wconf 85' lang='lat' dir='ltr'><strong>Vide</strong></span> <span class='ocrx_word' id='word_1_141' title='bbox 474 1983 560 2032; x_wconf 87' lang='lat' dir='ltr'><strong>tuam</strong></span> <span class='ocrx_word' id='word_1_142' title='bbox 576 1969 808 2034; x_wconf 81' lang='lat' dir='ltr'><strong>infelicitatem:</strong></span> <span class='ocrx_word' id='word_1_143' title='bbox 825 1984 860 2032; x_wconf 91' lang='lat' dir='ltr'><strong>tu</strong></span> <span class='ocrx_word' id='word_1_144' title='bbox 872 1990 930 2054; x_wconf 89' lang='lat' dir='ltr'><strong>per</strong></span> <span class='ocrx_word' id='word_1_145' title='bbox 943 1981 1066 2031; x_wconf 86' lang='lat' dir='ltr'><strong>montes</strong></span> <span class='ocrx_word' id='word_1_146' title='bbox 1078 1987 1175 2042; x_wconf 80' lang='lat' dir='ltr'><strong>erras3</strong></span> <span class='ocrx_word' id='word_1_147' title='bbox 1194 1979 1224 2026; x_wconf 87' lang='lat' dir='ltr'><strong>et</strong></span> <span class='ocrx_word' id='word_1_148' title='bbox 1238 1963 1330 2024; x_wconf 88' lang='lat' dir='ltr'><strong>illum</strong></span> 
     </span>
     <span class='ocr_line' id='line_1_20' title="bbox 281 2056 1332 2138; baseline -0.002 -25"><span class='ocrx_word' id='word_1_149' title='bbox 281 2057 409 2134; x_wconf 76' lang='lat' dir='ltr'><strong>quaeris,</strong></span> <span class='ocrx_word' id='word_1_150' title='bbox 421 2056 474 2119; x_wconf 89' lang='lat' dir='ltr'><strong>ille</strong></span> <span class='ocrx_word' id='word_1_151' title='bbox 488 2059 539 2122; x_wconf 88' lang='lat' dir='ltr'><strong>vel</strong></span> <span class='ocrx_word' id='word_1_152' title='bbox 549 2080 613 2120; x_wconf 91' lang='lat' dir='ltr'><strong>non</strong></span> <span class='ocrx_word' id='word_1_153' title='bbox 628 2074 727 2134; x_wconf 72' lang='lat' dir='ltr'><strong>errat,</strong></span> <span class='ocrx_word' id='word_1_154' title='bbox 740 2058 789 2120; x_wconf 85' lang='lat' dir='ltr'><strong>vel</strong></span> <span class='ocrx_word' id='word_1_155' title='bbox 803 2061 829 2120; x_wconf 88' lang='lat' dir='ltr'><strong>si</strong></span> <span class='ocrx_word' id='word_1_156' title='bbox 842 2072 939 2136; x_wconf 89' lang='lat' dir='ltr'><strong>errat,</strong></span> <span class='ocrx_word' id='word_1_157' title='bbox 954 2071 983 2118; x_wconf 88' lang='lat' dir='ltr'><strong>te</strong></span> <span class='ocrx_word' id='word_1_158' title='bbox 998 2077 1063 2118; x_wconf 88' lang='lat' dir='ltr'><strong>non</strong></span> <span class='ocrx_word' id='word_1_159' title='bbox 1078 2056 1212 2138; x_wconf 71' lang='lat' dir='ltr'><strong>quaeritr</strong></span> <span class='ocrx_word' id='word_1_160' title='bbox 1227 2067 1332 2114; x_wconf 84' lang='lat' dir='ltr'><strong>osten·</strong></span> 
     </span>
     <span class='ocr_line' id='line_1_21' title="bbox 278 2140 1333 2232; baseline 0.001 -31"><span class='ocrx_word' id='word_1_161' title='bbox 278 2142 329 2202; x_wconf 88' lang='lat' dir='ltr'><strong>·dit</strong></span> <span class='ocrx_word' id='word_1_162' title='bbox 339 2148 492 2227; x_wconf 74' lang='lat' dir='ltr'><strong>primum,</strong></span> <span class='ocrx_word' id='word_1_163' title='bbox 508 2161 573 2212; x_wconf 87' lang='lat' dir='ltr'><strong>non</strong></span> <span class='ocrx_word' id='word_1_164' title='bbox 585 2164 681 2226; x_wconf 89' lang='lat' dir='ltr'><strong>errat,</strong></span> <span class='ocrx_word' id='word_1_165' title='bbox 697 2151 772 2232; x_wconf 90' lang='lat' dir='ltr'><strong>quia</strong></span> <span class='ocrx_word' id='word_1_166' title='bbox 787 2149 827 2210; x_wconf 87' lang='lat' dir='ltr'><strong>ad</strong></span> <span class='ocrx_word' id='word_1_167' title='bbox 842 2149 965 2231; x_wconf 74' lang='lat' dir='ltr'><strong>nigram</strong></span> <span class='ocrx_word' id='word_1_168' title='bbox 981 2146 1084 2208; x_wconf 88' lang='lat' dir='ltr'><strong>ilicem</strong></span> <span class='ocrx_word' id='word_1_169' title='bbox 1100 2142 1253 2227; x_wconf 84' lang='lat' dir='ltr'><strong>pallentes</strong></span> <span class='ocrx_word' id='word_1_170' title='bbox 1264 2140 1333 2210; x_wconf 84' lang='lat' dir='ltr'><strong>her·</strong></span> 
     </span>
     <span class='ocr_line' id='line_1_22' title="bbox 281 2229 1332 2324; baseline 0.001 -34"><span class='ocrx_word' id='word_1_171' title='bbox 281 2229 340 2292; x_wconf 88' lang='lat' dir='ltr'><strong>has</strong></span> <span class='ocrx_word' id='word_1_172' title='bbox 360 2239 512 2316; x_wconf 89' lang='lat' dir='ltr'><strong>ruminat,</strong></span> <span class='ocrx_word' id='word_1_173' title='bbox 531 2254 562 2302; x_wconf 92' lang='lat' dir='ltr'><strong>et</strong></span> <span class='ocrx_word' id='word_1_174' title='bbox 580 2239 627 2300; x_wconf 93' lang='lat' dir='ltr'><strong>illi</strong></span> <span class='ocrx_word' id='word_1_175' title='bbox 646 2261 705 2324; x_wconf 89' lang='lat' dir='ltr'><strong>pro</strong></span> <span class='ocrx_word' id='word_1_176' title='bbox 724 2238 817 2301; x_wconf 89' lang='lat' dir='ltr'><strong>thoro</strong></span> <span class='ocrx_word' id='word_1_177' title='bbox 837 2253 885 2301; x_wconf 89' lang='lat' dir='ltr'><strong>est</strong></span> <span class='ocrx_word' id='word_1_178' title='bbox 902 2233 1091 2322; x_wconf 70' lang='lat' dir='ltr'><strong>hyacinthus</strong></span> <span class='ocrx_word' id='word_1_179' title='bbox 1112 2233 1332 2308; x_wconf 83' lang='lat' dir='ltr'><strong>mollissimus,</strong></span> 
     </span>
    </p>
   </div>
   <div class='ocr_carea' id='block_1_3' title="bbox 282 2323 1333 2412">
    <p class='ocr_par' dir='ltr' id='par_1_5' title="bbox 282 2323 1333 2412">
     <span class='ocr_line' id='line_1_23' title="bbox 282 2323 1333 2412; baseline -0.003 -30"><span class='ocrx_word' id='word_1_180' title='bbox 282 2341 345 2404; x_wconf 89' lang='lat' dir='ltr'><strong>quo</strong></span> <span class='ocrx_word' id='word_1_181' title='bbox 360 2323 505 2389; x_wconf 89' lang='lat' dir='ltr'><strong>fulcitur:</strong></span> <span class='ocrx_word' id='word_1_182' title='bbox 526 2327 663 2392; x_wconf 84' lang='lat' dir='ltr'><strong>ostendit</strong></span> <span class='ocrx_word' id='word_1_183' title='bbox 678 2329 828 2406; x_wconf 81' lang='lat' dir='ltr'><strong>altemm3</strong></span> <span class='ocrx_word' id='word_1_184' title='bbox 844 2329 935 2412; x_wconf 88' lang='lat' dir='ltr'><strong>quia,</strong></span> <span class='ocrx_word' id='word_1_185' title='bbox 951 2327 977 2387; x_wconf 83' lang='lat' dir='ltr'><strong>si</strong></span> <span class='ocrx_word' id='word_1_186' title='bbox 990 2338 1091 2402; x_wconf 86' lang='lat' dir='ltr'><strong>errat,</strong></span> <span class='ocrx_word' id='word_1_187' title='bbox 1105 2323 1245 2406; x_wconf 87' lang='lat' dir='ltr'><strong>aliquam</strong></span> <span class='ocrx_word' id='word_1_188' title='bbox 1257 2341 1333 2381; x_wconf 82' lang='lat' dir='ltr'><strong>vac·</strong></span> 
     </span>
    </p>
   </div>
   <div class='ocr_carea' id='block_1_4' title="bbox 282 2461 1340 4136">
    <p class='ocr_par' dir='ltr' id='par_1_6' title="bbox 282 2461 1340 4136">
     <span class='ocr_line' id='line_1_24' title="bbox 282 2461 1333 2543; baseline -0.017 -10"><span class='ocrx_word' id='word_1_189' title='bbox 282 2485 372 2532; x_wconf 62' lang='lat' dir='ltr'><strong>mma</strong></span> <span class='ocrx_word' id='word_1_190' title='bbox 392 2470 535 2543; x_wconf 77' lang='lat' dir='ltr'><strong>inquibus</strong></span> <span class='ocrx_word' id='word_1_191' title='bbox 555 2493 612 2528; x_wconf 88' lang='lat' dir='ltr'><strong>mos</strong></span> <span class='ocrx_word' id='word_1_192' title='bbox 631 2473 734 2540; x_wconf 79' lang='lat' dir='ltr'><strong>haeret,</strong></span> <span class='ocrx_word' id='word_1_193' title='bbox 753 2485 784 2527; x_wconf 90' lang='lat' dir='ltr'><strong>ut</strong></span> <span class='ocrx_word' id='word_1_194' title='bbox 864 2461 1333 2540; x_wconf 69' lang='lat' dir='ltr'><strong>48.Proett&#39;desimplemutfaltismu·</strong></span> 
     </span>
     <span class='ocr_line' id='line_1_25' title="bbox 283 2544 1335 2624; baseline -0.002 -27"><span class='ocrx_word' id='word_1_195' title='bbox 283 2549 339 2616; x_wconf 75' lang='lat' dir='ltr'><strong>ejus</strong></span> <span class='ocrx_word' id='word_1_196' title='bbox 347 2551 610 2609; x_wconf 81' lang='lat' dir='ltr'><strong>nomenclsmaretur</strong></span> <span class='ocrx_word' id='word_1_197' title='bbox 617 2556 645 2606; x_wconf 91' lang='lat' dir='ltr'><strong>in</strong></span> <span class='ocrx_word' id='word_1_198' title='bbox 653 2554 782 2606; x_wconf 82' lang='lat' dir='ltr'><strong>lontibus.</strong></span> <span class='ocrx_word' id='word_1_199' title='bbox 824 2550 922 2624; x_wconf 72' lang='lat' dir='ltr'><strong>pitihus</strong></span> <span class='ocrx_word' id='word_1_200' title='bbox 932 2566 1015 2622; x_wconf 72' lang='lat' dir='ltr'><strong>apros.</strong></span> <span class='ocrx_word' id='word_1_201' title='bbox 1032 2546 1178 2613; x_wconf 81' lang='lat' dir='ltr'><strong>Proetides,</strong></span> <span class='ocrx_word' id='word_1_202' title='bbox 1194 2544 1289 2609; x_wconf 83' lang='lat' dir='ltr'><strong>Proeti,</strong></span> <span class='ocrx_word' id='word_1_203' title='bbox 1307 2555 1335 2596; x_wconf 90' lang='lat' dir='ltr'><strong>et</strong></span> 
     </span>
     <span class='ocr_line' id='line_1_26' title="bbox 318 2626 1334 2703; baseline -0.003 -25"><span class='ocrx_word' id='word_1_204' title='bbox 318 2626 360 2692; x_wconf 79' lang='grc'><strong>45.</strong></span> <span class='ocrx_word' id='word_1_205' title='bbox 369 2628 541 2682; x_wconf 81' lang='lat' dir='ltr'><strong>Fortunatam</strong></span> <span class='ocrx_word' id='word_1_206' title='bbox 553 2631 711 2703; x_wconf 76' lang='lat' dir='ltr'><strong>Pasiphaen.</strong></span> <span class='ocrx_word' id='word_1_207' title='bbox 722 2631 785 2684; x_wconf 89' lang='lat' dir='ltr'><strong>Cre·</strong></span> <span class='ocrx_word' id='word_1_208' title='bbox 827 2628 992 2693; x_wconf 80' lang='lat' dir='ltr'><strong>Stenoboear,</strong></span> <span class='ocrx_word' id='word_1_209' title='bbox 1015 2627 1071 2681; x_wconf 81' lang='lat' dir='ltr'><strong>sire</strong></span> <span class='ocrx_word' id='word_1_210' title='bbox 1094 2627 1216 2698; x_wconf 75' lang='lat' dir='ltr'><strong>Antiope</strong></span> <span class='ocrx_word' id='word_1_211' title='bbox 1237 2641 1334 2678; x_wconf 85' lang='lat' dir='ltr'><strong>seeun-</strong></span> 
     </span>
     <span class='ocr_line' id='line_1_27' title="bbox 282 2702 1334 2778; baseline -0.005 -20"><span class='ocrx_word' id='word_1_212' title='bbox 282 2707 398 2758; x_wconf 85' lang='lat' dir='ltr'><strong>tenrinm</strong></span> <span class='ocrx_word' id='word_1_213' title='bbox 421 2710 534 2778; x_wconf 74' lang='lat' dir='ltr'><strong>rapina,</strong></span> <span class='ocrx_word' id='word_1_214' title='bbox 556 2711 654 2762; x_wconf 83' lang='lat' dir='ltr'><strong>Minois</strong></span> <span class='ocrx_word' id='word_1_215' title='bbox 679 2728 784 2778; x_wconf 82' lang='lat' dir='ltr'><strong>uxore,</strong></span> <span class='ocrx_word' id='word_1_216' title='bbox 829 2702 1334 2775; x_wconf 68' lang='lat' dir='ltr'><strong>dumflomerun,fitioetuerunt,1,y-</strong></span> 
     </span>
     <span class='ocr_line' id='line_1_28' title="bbox 284 2785 1334 2862; baseline -0.001 -25"><span class='ocrx_word' id='word_1_217' title='bbox 284 2803 342 2857; x_wconf 75' lang='lat' dir='ltr'><strong>quoe</strong></span> <span class='ocrx_word' id='word_1_218' title='bbox 353 2789 422 2840; x_wconf 78' lang='lat' dir='ltr'><strong>tauri</strong></span> <span class='ocrx_word' id='word_1_219' title='bbox 430 2806 520 2842; x_wconf 79' lang='lat' dir='ltr'><strong>amore</strong></span> <span class='ocrx_word' id='word_1_220' title='bbox 529 2788 660 2862; x_wconf 72' lang='lat' dir='ltr'><strong>flagravit,</strong></span> <span class='ocrx_word' id='word_1_221' title='bbox 670 2801 696 2842; x_wconf 91' lang='lat' dir='ltr'><strong>et</strong></span> <span class='ocrx_word' id='word_1_222' title='bbox 708 2791 786 2844; x_wconf 81' lang='lat' dir='ltr'><strong>enixa</strong></span> <span class='ocrx_word' id='word_1_223' title='bbox 830 2789 921 2860; x_wconf 75' lang='lat' dir='ltr'><strong>sippe,</strong></span> <span class='ocrx_word' id='word_1_224' title='bbox 930 2789 1065 2859; x_wconf 78' lang='lat' dir='ltr'><strong>lpponoe&#39;,</strong></span> <span class='ocrx_word' id='word_1_225' title='bbox 1073 2785 1238 2858; x_wconf 73' lang='lat' dir='ltr'><strong>Cyrianassa.</strong></span> <span class='ocrx_word' id='word_1_226' title='bbox 1247 2785 1292 2834; x_wconf 73' lang='lat' dir='ltr'><strong>ue</strong></span> <span class='ocrx_word' id='word_1_227' title='bbox 1305 2799 1334 2836; x_wconf 78' lang='lat' dir='ltr'><strong>se</strong></span> 
     </span>
     <span class='ocr_line' id='line_1_29' title="bbox 283 2859 1335 2939; baseline -0.006 -21"><span class='ocrx_word' id='word_1_228' title='bbox 283 2867 474 2932; x_wconf 81' lang='lat' dir='ltr'><strong>Minotaurum,</strong></span> <span class='ocrx_word' id='word_1_229' title='bbox 481 2869 580 2922; x_wconf 88' lang='lat' dir='ltr'><strong>crimen</strong></span> <span class='ocrx_word' id='word_1_230' title='bbox 588 2867 786 2922; x_wconf 78' lang='lat' dir='ltr'><strong>dementiesuae</strong></span> <span class='ocrx_word' id='word_1_231' title='bbox 832 2884 914 2939; x_wconf 85' lang='lat' dir='ltr'><strong>quum</strong></span> <span class='ocrx_word' id='word_1_232' title='bbox 928 2865 1106 2938; x_wconf 65' lang='lat' dir='ltr'><strong>protulissent</strong></span> <span class='ocrx_word' id='word_1_233' title='bbox 1117 2865 1217 2916; x_wconf 79' lang='lat' dir='ltr'><strong>lunoni</strong></span> <span class='ocrx_word' id='word_1_234' title='bbox 1232 2865 1259 2914; x_wconf 87' lang='lat' dir='ltr'><strong>in</strong></span> <span class='ocrx_word' id='word_1_235' title='bbox 1273 2859 1335 2932; x_wconf 86' lang='lat' dir='ltr'><strong>pul-</strong></span> 
     </span>
     <span class='ocr_line' id='line_1_30' title="bbox 284 2939 1334 3019; baseline -0.006 -21"><span class='ocrx_word' id='word_1_236' title='bbox 284 2947 440 3019; x_wconf 82' lang='lat' dir='ltr'><strong>publicarit.</strong></span> <span class='ocrx_word' id='word_1_237' title='bbox 453 2949 529 3002; x_wconf 80' lang='lat' dir='ltr'><strong>lianc</strong></span> <span class='ocrx_word' id='word_1_238' title='bbox 541 2950 638 3002; x_wconf 86' lang='lat' dir='ltr'><strong>amoris</strong></span> <span class='ocrx_word' id='word_1_239' title='bbox 655 2949 786 3004; x_wconf 85' lang='lat' dir='ltr'><strong>insaniam</strong></span> <span class='ocrx_word' id='word_1_240' title='bbox 831 2939 999 3002; x_wconf 70' lang='lat' dir='ltr'><strong>chrituiline:</strong></span> <span class='ocrx_word' id='word_1_241' title='bbox 1010 2945 1052 3001; x_wconf 82' lang='lat' dir='ltr'><strong>vel</strong></span> <span class='ocrx_word' id='word_1_242' title='bbox 1062 2960 1091 3001; x_wconf 89' lang='lat' dir='ltr'><strong>ut</strong></span> <span class='ocrx_word' id='word_1_243' title='bbox 1104 2943 1213 3016; x_wconf 83' lang='lat' dir='ltr'><strong>quidam</strong></span> <span class='ocrx_word' id='word_1_244' title='bbox 1226 2941 1334 3006; x_wconf 84' lang='lat' dir='ltr'><strong>volunt,</strong></span> 
     </span>
     <span class='ocr_line' id='line_1_31' title="bbox 285 3025 1335 3102; baseline -0.01 -21"><span class='ocrx_word' id='word_1_245' title='bbox 285 3029 404 3102; x_wconf 88' lang='lat' dir='ltr'><strong>queritur</strong></span> <span class='ocrx_word' id='word_1_246' title='bbox 414 3026 532 3095; x_wconf 84' lang='lat' dir='ltr'><strong>Silenus,</strong></span> <span class='ocrx_word' id='word_1_247' title='bbox 549 3042 576 3082; x_wconf 87' lang='lat' dir='ltr'><strong>et</strong></span> <span class='ocrx_word' id='word_1_248' title='bbox 587 3029 675 3082; x_wconf 81' lang='lat' dir='ltr'><strong>rathis</strong></span> <span class='ocrx_word' id='word_1_249' title='bbox 691 3028 789 3100; x_wconf 70' lang='lat' dir='ltr'><strong>signifi·</strong></span> <span class='ocrx_word' id='word_1_250' title='bbox 834 3046 917 3099; x_wconf 81' lang='lat' dir='ltr'><strong>quum</strong></span> <span class='ocrx_word' id='word_1_251' title='bbox 929 3037 1017 3080; x_wconf 83' lang='lat' dir='ltr'><strong>essent</strong></span> <span class='ocrx_word' id='word_1_252' title='bbox 1030 3025 1177 3087; x_wconf 67' lang='lat' dir='ltr'><strong>antistitem</strong></span> <span class='ocrx_word' id='word_1_253' title='bbox 1191 3041 1260 3078; x_wconf 73' lang='lat' dir='ltr'><strong>ause</strong></span> <span class='ocrx_word' id='word_1_254' title='bbox 1272 3036 1335 3074; x_wconf 83' lang='lat' dir='ltr'><strong>aunt</strong></span> 
     </span>
     <span class='ocr_line' id='line_1_32' title="bbox 285 3103 1335 3181; baseline -0.01 -18"><span class='ocrx_word' id='word_1_255' title='bbox 285 3121 365 3163; x_wconf 82' lang='lat' dir='ltr'><strong>eatse</strong></span> <span class='ocrx_word' id='word_1_256' title='bbox 378 3110 510 3181; x_wconf 84' lang='lat' dir='ltr'><strong>compati,</strong></span> <span class='ocrx_word' id='word_1_257' title='bbox 524 3108 597 3180; x_wconf 88' lang='lat' dir='ltr'><strong>quod</strong></span> <span class='ocrx_word' id='word_1_258' title='bbox 615 3127 673 3164; x_wconf 77' lang='lat' dir='ltr'><strong>esse</strong></span> <span class='ocrx_word' id='word_1_259' title='bbox 690 3108 787 3164; x_wconf 83' lang='lat' dir='ltr'><strong>solatio</strong></span> <span class='ocrx_word' id='word_1_260' title='bbox 831 3103 1335 3176; x_wconf 82' lang='lat' dir='ltr'><strong>restiejusaurumdetractuminusum</strong></span> 
     </span>
     <span class='ocr_line' id='line_1_33' title="bbox 283 3181 1334 3248; baseline -0.01 -6"><span class='ocrx_word' id='word_1_261' title='bbox 283 3189 388 3242; x_wconf 79' lang='lat' dir='ltr'><strong>miseris</strong></span> <span class='ocrx_word' id='word_1_262' title='bbox 397 3188 473 3243; x_wconf 84' lang='lat' dir='ltr'><strong>solet.</strong></span> <span class='ocrx_word' id='word_1_263' title='bbox 832 3205 910 3240; x_wconf 85' lang='lat' dir='ltr'><strong>suum</strong></span> <span class='ocrx_word' id='word_1_264' title='bbox 923 3197 1077 3238; x_wconf 84' lang='lat' dir='ltr'><strong>convertere</strong></span> <span class='ocrx_word' id='word_1_265' title='bbox 1089 3206 1095 3235; x_wconf 72' lang='grc' dir='ltr'><strong><em>ι</em></strong></span> <span class='ocrx_word' id='word_1_266' title='bbox 1107 3183 1153 3236; x_wconf 86' lang='lat' dir='ltr'><strong>illa</strong></span> <span class='ocrx_word' id='word_1_267' title='bbox 1163 3184 1249 3248; x_wconf 86' lang='lat' dir='ltr'><strong>irata,</strong></span> <span class='ocrx_word' id='word_1_268' title='bbox 1261 3181 1334 3233; x_wconf 85' lang='lat' dir='ltr'><strong>hunc</strong></span> 
     </span>
     <span class='ocr_line' id='line_1_34' title="bbox 321 3261 1335 3342; baseline -0.009 -21"><span class='ocrx_word' id='word_1_269' title='bbox 321 3269 363 3338; x_wconf 63' lang='lat'><strong>47.</strong></span> <span class='ocrx_word' id='word_1_270' title='bbox 383 3267 445 3320; x_wconf 82' lang='lat' dir='ltr'><strong>Ah!</strong></span> <span class='ocrx_word' id='word_1_271' title='bbox 462 3269 534 3342; x_wconf 65' lang='lat' dir='ltr'><strong>virqo</strong></span> <span class='ocrx_word' id='word_1_272' title='bbox 553 3266 656 3339; x_wconf 80' lang='lat' dir='ltr'><strong>infelix.</strong></span> <span class='ocrx_word' id='word_1_273' title='bbox 674 3265 716 3320; x_wconf 76' lang='lat' dir='ltr'><strong>Ad</strong></span> <span class='ocrx_word' id='word_1_274' title='bbox 734 3265 787 3322; x_wconf 85' lang='lat' dir='ltr'><strong>hoc</strong></span> <span class='ocrx_word' id='word_1_275' title='bbox 831 3267 950 3320; x_wconf 78' lang='lat' dir='ltr'><strong>furorem</strong></span> <span class='ocrx_word' id='word_1_276' title='bbox 962 3283 1053 3320; x_wconf 84' lang='lat' dir='ltr'><strong>esrum</strong></span> <span class='ocrx_word' id='word_1_277' title='bbox 1067 3264 1175 3318; x_wconf 83' lang='lat' dir='ltr'><strong>immisit</strong></span> <span class='ocrx_word' id='word_1_278' title='bbox 1187 3261 1335 3325; x_wconf 88' lang='lat' dir='ltr'><strong>mentibus,</strong></span> 
     </span>
     <span class='ocr_line' id='line_1_35' title="bbox 286 3339 1339 3420; baseline -0.012 -17"><span class='ocrx_word' id='word_1_279' title='bbox 286 3349 382 3403; x_wconf 74' lang='lat' dir='ltr'><strong>attinet</strong></span> <span class='ocrx_word' id='word_1_280' title='bbox 393 3347 467 3419; x_wconf 77' lang='lat' dir='ltr'><strong>quotl</strong></span> <span class='ocrx_word' id='word_1_281' title='bbox 484 3349 521 3401; x_wconf 91' lang='lat' dir='ltr'><strong>ait</strong></span> <span class='ocrx_word' id='word_1_282' title='bbox 536 3344 636 3400; x_wconf 83' lang='lat' dir='ltr'><strong>solatur</strong></span> <span class='ocrx_word' id='word_1_283' title='bbox 648 3369 655 3398; x_wconf 93' lang='lat'>:</span> <span class='ocrx_word' id='word_1_284' title='bbox 670 3361 700 3400; x_wconf 88' lang='lat' dir='ltr'><strong>ut</strong></span> <span class='ocrx_word' id='word_1_285' title='bbox 715 3347 788 3420; x_wconf 87' lang='lat' dir='ltr'><strong>quod</strong></span> <span class='ocrx_word' id='word_1_286' title='bbox 832 3360 863 3399; x_wconf 88' lang='lat' dir='ltr'><strong>ut</strong></span> <span class='ocrx_word' id='word_1_287' title='bbox 874 3358 999 3418; x_wconf 85' lang='lat' dir='ltr'><strong>putantes</strong></span> <span class='ocrx_word' id='word_1_288' title='bbox 1007 3361 1035 3395; x_wconf 87' lang='lat' dir='ltr'><strong>se</strong></span> <span class='ocrx_word' id='word_1_289' title='bbox 1045 3361 1140 3397; x_wconf 82' lang='lat' dir='ltr'><strong>vaccas</strong></span> <span class='ocrx_word' id='word_1_290' title='bbox 1151 3344 1177 3396; x_wconf 86' lang='lat' dir='ltr'><strong>in</strong></span> <span class='ocrx_word' id='word_1_291' title='bbox 1189 3341 1272 3396; x_wconf 83' lang='lat' dir='ltr'><strong>saltus</strong></span> <span class='ocrx_word' id='word_1_292' title='bbox 1282 3339 1339 3392; x_wconf 85' lang='lat' dir='ltr'><strong>rbi·</strong></span> 
     </span>
     <span class='ocr_line' id='line_1_36' title="bbox 286 3423 1338 3502; baseline -0.012 -21"><span class='ocrx_word' id='word_1_293' title='bbox 286 3441 358 3481; x_wconf 84' lang='lat' dir='ltr'><strong>aurat</strong></span> <span class='ocrx_word' id='word_1_294' title='bbox 375 3441 496 3494; x_wconf 87' lang='lat' dir='ltr'><strong>taurum,</strong></span> <span class='ocrx_word' id='word_1_295' title='bbox 514 3431 628 3482; x_wconf 72' lang='lat' dir='ltr'><strong>fortune</strong></span> <span class='ocrx_word' id='word_1_296' title='bbox 644 3430 728 3502; x_wconf 78' lang='lat' dir='ltr'><strong>magis</strong></span> <span class='ocrx_word' id='word_1_297' title='bbox 746 3431 788 3480; x_wconf 79' lang='lat' dir='ltr'><strong>vi·</strong></span> <span class='ocrx_word' id='word_1_298' title='bbox 833 3441 910 3494; x_wconf 88' lang='lat' dir='ltr'><strong>rent,</strong></span> <span class='ocrx_word' id='word_1_299' title='bbox 927 3437 952 3478; x_wconf 90' lang='lat' dir='ltr'><strong>et</strong></span> <span class='ocrx_word' id='word_1_300' title='bbox 969 3425 1126 3497; x_wconf 88' lang='lat' dir='ltr'><strong>plerumque</strong></span> <span class='ocrx_word' id='word_1_301' title='bbox 1146 3423 1292 3492; x_wconf 70' lang='lat' dir='ltr'><strong>mugirent,</strong></span> <span class='ocrx_word' id='word_1_302' title='bbox 1311 3431 1338 3472; x_wconf 82' lang='lat' dir='ltr'><strong>at</strong></span> 
     </span>
     <span class='ocr_line' id='line_1_37' title="bbox 286 3500 1338 3582; baseline -0.011 -22"><span class='ocrx_word' id='word_1_303' title='bbox 286 3509 383 3560; x_wconf 87' lang='lat' dir='ltr'><strong>deatur</strong></span> <span class='ocrx_word' id='word_1_304' title='bbox 393 3527 467 3573; x_wconf 82' lang='lat' dir='ltr'><strong>esse,</strong></span> <span class='ocrx_word' id='word_1_305' title='bbox 484 3526 565 3579; x_wconf 88' lang='lat' dir='ltr'><strong>quam</strong></span> <span class='ocrx_word' id='word_1_306' title='bbox 579 3528 692 3562; x_wconf 88' lang='lat' dir='ltr'><strong>morum.</strong></span> <span class='ocrx_word' id='word_1_307' title='bbox 706 3510 788 3582; x_wconf 63' lang='lat' dir='ltr'><strong>Virgo</strong></span> <span class='ocrx_word' id='word_1_308' title='bbox 834 3508 957 3562; x_wconf 86' lang='lat' dir='ltr'><strong>timerent</strong></span> <span class='ocrx_word' id='word_1_309' title='bbox 969 3517 1075 3566; x_wconf 61' lang='lat' dir='ltr'><strong>aratrum</strong></span> <span class='ocrx_word' id='word_1_310' title='bbox 1092 3520 1158 3574; x_wconf 86' lang='lat' dir='ltr'><strong>quar</strong></span> <span class='ocrx_word' id='word_1_311' title='bbox 1171 3500 1338 3570; x_wconf 83' lang='lat' dir='ltr'><strong>Melampus,</strong></span> 
     </span>
     <span class='ocr_line' id='line_1_38' title="bbox 288 3575 1338 3658; baseline -0.01 -19"><span class='ocrx_word' id='word_1_312' title='bbox 288 3599 377 3640; x_wconf 83' lang='lat' dir='ltr'><strong>autern</strong></span> <span class='ocrx_word' id='word_1_313' title='bbox 390 3605 406 3638; x_wconf 81' lang='lat' dir='ltr'><strong>a</strong></span> <span class='ocrx_word' id='word_1_314' title='bbox 416 3586 543 3643; x_wconf 75' lang='lat' dir='ltr'><strong>viridiore</strong></span> <span class='ocrx_word' id='word_1_315' title='bbox 555 3600 631 3641; x_wconf 76' lang='lat' dir='ltr'><strong>aetate</strong></span> <span class='ocrx_word' id='word_1_316' title='bbox 643 3607 650 3640; x_wconf 74' lang='grc' dir='ltr'><strong><em>ε</em></strong></span> <span class='ocrx_word' id='word_1_317' title='bbox 664 3607 725 3640; x_wconf 86' lang='lat' dir='ltr'><strong>nam</strong></span> <span class='ocrx_word' id='word_1_318' title='bbox 735 3590 790 3658; x_wconf 85' lang='lat' dir='ltr'><strong>jam</strong></span> <span class='ocrx_word' id='word_1_319' title='bbox 835 3584 1013 3658; x_wconf 75' lang='lat' dir='ltr'><strong>Amythaonis</strong></span> <span class='ocrx_word' id='word_1_320' title='bbox 1025 3583 1109 3650; x_wconf 79' lang='lat' dir='ltr'><strong>lilius,</strong></span> <span class='ocrx_word' id='word_1_321' title='bbox 1123 3593 1204 3654; x_wconf 87' lang='lat' dir='ltr'><strong>pacta</strong></span> <span class='ocrx_word' id='word_1_322' title='bbox 1216 3575 1338 3632; x_wconf 82' lang='lat' dir='ltr'><strong>mercede</strong></span> 
     </span>
     <span class='ocr_line' id='line_1_39' title="bbox 289 3665 1340 3738; baseline 0.005 -22"><span class='ocrx_word' id='word_1_323' title='bbox 289 3677 373 3718; x_wconf 79' lang='lat' dir='ltr'><strong>meter</strong></span> <span class='ocrx_word' id='word_1_324' title='bbox 391 3667 479 3718; x_wconf 79' lang='lat' dir='ltr'><strong>fuerat</strong></span> <span class='ocrx_word' id='word_1_325' title='bbox 497 3665 627 3732; x_wconf 78' lang='lat' dir='ltr'><strong>Phoetlrar,</strong></span> <span class='ocrx_word' id='word_1_326' title='bbox 644 3665 791 3737; x_wconf 79' lang='lat' dir='ltr'><strong>Ariadnes,</strong></span> <span class='ocrx_word' id='word_1_327' title='bbox 838 3679 868 3720; x_wconf 86' lang='lat' dir='ltr'><strong>ut</strong></span> <span class='ocrx_word' id='word_1_328' title='bbox 877 3665 1064 3738; x_wconf 71' lang='lat' dir='ltr'><strong>Cyrmnmsem</strong></span> <span class='ocrx_word' id='word_1_329' title='bbox 1078 3680 1186 3716; x_wconf 81' lang='lat' dir='ltr'><strong>uxorem</strong></span> <span class='ocrx_word' id='word_1_330' title='bbox 1200 3678 1259 3720; x_wconf 67' lang='lat' dir='ltr'><strong>cum</strong></span> <span class='ocrx_word' id='word_1_331' title='bbox 1276 3675 1340 3730; x_wconf 63' lang='grc'><strong>1131·-</strong></span> 
     </span>
     <span class='ocr_line' id='line_1_40' title="bbox 287 3740 1340 3817; baseline -0.006 -23"><span class='ocrx_word' id='word_1_332' title='bbox 287 3755 317 3794; x_wconf 79' lang='lat' dir='ltr'><strong>et</strong></span> <span class='ocrx_word' id='word_1_333' title='bbox 333 3741 476 3814; x_wconf 66' lang='lat' dir='ltr'><strong>Androgei.</strong></span> <span class='ocrx_word' id='word_1_334' title='bbox 488 3773 523 3784; x_wconf 86' lang='grc'><strong>-</strong></span> <span class='ocrx_word' id='word_1_335' title='bbox 540 3744 603 3814; x_wconf 80' lang='lat' dir='ltr'><strong>Quoe</strong></span> <span class='ocrx_word' id='word_1_336' title='bbox 622 3753 647 3794; x_wconf 86' lang='lat' dir='ltr'><strong>te</strong></span> <span class='ocrx_word' id='word_1_337' title='bbox 662 3743 793 3808; x_wconf 65' lang='lat' dir='ltr'><strong>dementia</strong></span> <span class='ocrx_word' id='word_1_338' title='bbox 837 3759 863 3799; x_wconf 84' lang='lat' dir='ltr'><strong>te</strong></span> <span class='ocrx_word' id='word_1_339' title='bbox 876 3747 951 3817; x_wconf 75' lang='lat' dir='ltr'><strong>regni</strong></span> <span class='ocrx_word' id='word_1_340' title='bbox 969 3746 1119 3815; x_wconf 86' lang='lat' dir='ltr'><strong>acciperet,</strong></span> <span class='ocrx_word' id='word_1_341' title='bbox 1133 3742 1241 3814; x_wconf 71' lang='lat' dir='ltr'><strong>placata</strong></span> <span class='ocrx_word' id='word_1_342' title='bbox 1255 3740 1340 3790; x_wconf 81' lang='lat' dir='ltr'><strong>Junc-</strong></span> 
     </span>
     <span class='ocr_line' id='line_1_41' title="bbox 290 3819 1340 3894; baseline -0.007 -20"><span class='ocrx_word' id='word_1_343' title='bbox 290 3822 369 3892; x_wconf 77' lang='lat' dir='ltr'><strong>eepit.</strong></span> <span class='ocrx_word' id='word_1_344' title='bbox 383 3821 433 3876; x_wconf 82' lang='lat' dir='ltr'><strong>Hie</strong></span> <span class='ocrx_word' id='word_1_345' title='bbox 445 3821 588 3894; x_wconf 72' lang='lat' dir='ltr'><strong>objurgare</strong></span> <span class='ocrx_word' id='word_1_346' title='bbox 600 3824 698 3894; x_wconf 79' lang='lat' dir='ltr'><strong>magis,</strong></span> <span class='ocrx_word' id='word_1_347' title='bbox 711 3841 792 3893; x_wconf 86' lang='lat' dir='ltr'><strong>quam</strong></span> <span class='ocrx_word' id='word_1_348' title='bbox 837 3844 887 3893; x_wconf 82' lang='lat' dir='ltr'><strong>ne,</strong></span> <span class='ocrx_word' id='word_1_349' title='bbox 899 3826 1000 3881; x_wconf 83' lang='lat' dir='ltr'><strong>inlecto</strong></span> <span class='ocrx_word' id='word_1_350' title='bbox 1010 3825 1101 3890; x_wconf 81' lang='lat' dir='ltr'><strong>fonte,</strong></span> <span class='ocrx_word' id='word_1_351' title='bbox 1114 3821 1161 3876; x_wconf 89' lang='lat' dir='ltr'><strong>ubi</strong></span> <span class='ocrx_word' id='word_1_352' title='bbox 1170 3819 1253 3872; x_wconf 73' lang='lat' dir='ltr'><strong>solita</strong></span> <span class='ocrx_word' id='word_1_353' title='bbox 1263 3829 1340 3876; x_wconf 85' lang='lat' dir='ltr'><strong>erant</strong></span> 
     </span>
     <span class='ocr_line' id='line_1_42' title="bbox 292 3899 1339 3975; baseline -0.006 -21"><span class='ocrx_word' id='word_1_354' title='bbox 292 3899 426 3956; x_wconf 80' lang='lat' dir='ltr'><strong>consolari</strong></span> <span class='ocrx_word' id='word_1_355' title='bbox 438 3899 558 3964; x_wconf 74' lang='lat' dir='ltr'><strong>videturr</strong></span> <span class='ocrx_word' id='word_1_356' title='bbox 573 3920 607 3954; x_wconf 73' lang='lat'><strong>⁸¹¹</strong></span> <span class='ocrx_word' id='word_1_357' title='bbox 621 3904 683 3972; x_wconf 68' lang='lat' dir='ltr'><strong>qula</strong></span> <span class='ocrx_word' id='word_1_358' title='bbox 698 3921 793 3956; x_wconf 81' lang='lat' dir='ltr'><strong>conso·</strong></span> <span class='ocrx_word' id='word_1_359' title='bbox 837 3903 946 3970; x_wconf 84' lang='lat' dir='ltr'><strong>hibere,</strong></span> <span class='ocrx_word' id='word_1_360' title='bbox 960 3905 1099 3975; x_wconf 64' lang='lat' dir='ltr'><strong>purgavit,</strong></span> <span class='ocrx_word' id='word_1_361' title='bbox 1116 3914 1142 3954; x_wconf 82' lang='lat' dir='ltr'><strong>ot</strong></span> <span class='ocrx_word' id='word_1_362' title='bbox 1153 3901 1182 3952; x_wconf 86' lang='lat' dir='ltr'><strong>in</strong></span> <span class='ocrx_word' id='word_1_363' title='bbox 1197 3899 1339 3972; x_wconf 78' lang='lat' dir='ltr'><strong>pristinum</strong></span> 
     </span>
     <span class='ocr_line' id='line_1_43' title="bbox 293 3979 1121 4046; baseline -0.005 -10"><span class='ocrx_word' id='word_1_364' title='bbox 293 3983 371 4038; x_wconf 78' lang='lat' dir='ltr'><strong>lautis</strong></span> <span class='ocrx_word' id='word_1_365' title='bbox 384 3998 410 4038; x_wconf 89' lang='lat' dir='ltr'><strong>et</strong></span> <span class='ocrx_word' id='word_1_366' title='bbox 425 3983 477 4036; x_wconf 88' lang='lat' dir='ltr'><strong>hoc</strong></span> <span class='ocrx_word' id='word_1_367' title='bbox 493 3984 611 4036; x_wconf 79' lang='lat' dir='ltr'><strong>officium</strong></span> <span class='ocrx_word' id='word_1_368' title='bbox 623 3996 678 4046; x_wconf 87' lang='lat' dir='ltr'><strong>est,</strong></span> <span class='ocrx_word' id='word_1_369' title='bbox 697 3997 726 4036; x_wconf 91' lang='lat' dir='ltr'><strong>ut</strong></span> <span class='ocrx_word' id='word_1_370' title='bbox 739 3979 793 4038; x_wconf 83' lang='lat' dir='ltr'><strong>ins·</strong></span> <span class='ocrx_word' id='word_1_371' title='bbox 838 4003 944 4038; x_wconf 86' lang='lat' dir='ltr'><strong>sensum</strong></span> <span class='ocrx_word' id='word_1_372' title='bbox 957 3981 1071 4037; x_wconf 83' lang='lat' dir='ltr'><strong>reduxit.</strong></span> <span class='ocrx_word' id='word_1_373' title='bbox 1081 3980 1121 4040; x_wconf 79' lang='lat' dir='ltr'><strong>ld.</strong></span> 
     </span>
     <span class='ocr_line' id='line_1_44' title="bbox 294 4057 1340 4136; baseline -0.007 -16"><span class='ocrx_word' id='word_1_374' title='bbox 294 4077 397 4122; x_wconf 74' lang='lat' dir='ltr'><strong>nutem</strong></span> <span class='ocrx_word' id='word_1_375' title='bbox 410 4065 523 4120; x_wconf 79' lang='lat' dir='ltr'><strong>strictim</strong></span> <span class='ocrx_word' id='word_1_376' title='bbox 540 4077 566 4122; x_wconf 88' lang='lat' dir='ltr'><strong>et</strong></span> <span class='ocrx_word' id='word_1_377' title='bbox 581 4063 710 4136; x_wconf 72' lang='lat' dir='ltr'><strong>objurget.</strong></span> <span class='ocrx_word' id='word_1_378' title='bbox 721 4066 791 4119; x_wconf 81' lang='lat' dir='ltr'><strong>Sera.</strong></span> <span class='ocrx_word' id='word_1_379' title='bbox 875 4065 916 4130; x_wconf 74' lang='grc'><strong>54.</strong></span> <span class='ocrx_word' id='word_1_380' title='bbox 925 4061 989 4116; x_wconf 83' lang='lat' dir='ltr'><strong>llice</strong></span> <span class='ocrx_word' id='word_1_381' title='bbox 998 4061 1043 4114; x_wconf 79' lang='lat' dir='ltr'><strong>suh</strong></span> <span class='ocrx_word' id='word_1_382' title='bbox 1052 4059 1193 4134; x_wconf 57' lang='lat' dir='ltr'><strong>olerovel</strong></span> <span class='ocrx_word' id='word_1_383' title='bbox 1203 4057 1340 4121; x_wconf 68' lang='lat' dir='ltr'><strong>umbrosa,</strong></span> 
     </span>
    </p>
   </div>
   <div class='ocr_carea' id='block_1_5' title="bbox 0 0 1514 4674">
    <p class='ocr_par' dir='ltr' id='par_1_7' title="bbox 0 0 1514 4674">
     <span class='ocr_line' id='line_1_45' title="bbox 0 0 1514 4674; baseline 0 0"><span class='ocrx_word' id='word_1_384' title='bbox 0 0 1514 4674; x_wconf 95' lang='lat' dir='ltr'><strong> </strong></span> 
     </span>
    </p>
   </div>
  </div>
 </body>
</html>
