2918 4682
265 301 328 386 504
593 297 971 366 continuatam

262 426 350 486 dedit
361 427 480 486 rusticae
491 425 665 506 principem
677 421 801 482 locum:
815 423 927 484 deinde
939 444 1012 484 cum
1025 421 1292 508 philosophica,
1307 437 1346 484 et
1411 456 1412 460 =

262 529 427 596 utramque
439 513 514 574 lecit
523 533 629 595 parem
640 536 648 570 ;
658 512 724 592 jam
739 515 829 571 tertio
842 527 1004 594 comparat
1013 534 1086 574 cum
1100 513 1249 576 diversis
1266 529 1347 573 stu-

264 601 326 661 diis
338 603 533 676 mortalium,
546 615 736 682 anteponens
746 600 892 659 omuibus
902 600 1042 662 eamdem
1052 604 1163 662 vitam.
1175 600 1350 662 Adducis

265 708 341 747 vero
354 703 424 748 octo
439 687 542 749 studia
555 687 730 748 hominum.
743 688 819 747 Sunt
833 687 879 747 illi
893 687 1052 766 homines,
1067 691 1211 764 nautici,
1235 686 1350 746 mili·
1420 716 1421 727 κ

268 786 326 848 tes,
338 775 448 851 aulici,
458 791 662 858 grassatores,
674 776 774 850 avari,
787 789 939 850 oratores,
951 777 1079 850 comici,
1091 775 1348 856 haeredipetae:

266 863 381 944 cuique
398 862 513 924 horum
530 861 676 944 adjungit
689 861 825 943 aliquid,
839 882 903 944 quo
915 861 1017 922 vivide
1028 863 1242 944 singulorum
1261 881 1349 920 mo-

265 967 312 1008 res
331 953 491 1033 exprimat
514 951 650 1026 Nauticis
671 949 914 1010 sollicitudinem
933 949 1002 1027 dat,
1023 973 1086 1032 qua
1102 950 1184 1010 freta
1205 951 1347 1010 omnia
1427 1023 1428 1026 Ἴ

265 1041 485 1120 pernavigant‚
504 1041 599 1100 etiam
616 1037 737 1099 occulta
754 1052 784 1098 et
802 1038 1009 1119 inexplorata3
1029 1061 1103 1098 nam
1119 1040 1166 1098 sic
1186 1037 1347 1120 explico

267 1127 442 1188 cecitatem
456 1127 625 1188 fretorum:
643 1125 797 1188 militibus
814 1126 990 1201 andaciam,
1010 1147 1071 1208 qua
1087 1139 1187 1187 ruunt
1199 1129 1241 1186 in
1259 1125 1345 1206 gla-

266 1211 335 1273 dios
348 1239 355 1274 :
369 1217 487 1276 aulicos
498 1219 542 1276 ait
551 1230 713 1298 penetrare
725 1217 758 1274 in
769 1213 854 1275 aulas
865 1215 1005 1291 intimas,
1018 1237 1083 1296 quo
1091 1217 1241 1276 ostendit
1255 1213 1347 1274 illo-
1429 1249 1430 1278 l

264 1321 336 1360 rum
349 1303 505 1381 studium3
518 1305 550 1365 id
563 1307 646 1366 enim
659 1319 786 1380 curant,
798 1318 834 1364 ut
846 1305 948 1364 intimi
959 1306 1057 1384 magis
1069 1307 1133 1364 sint
1145 1305 1214 1364 suis
1228 1306 1342 1386 pn'n-
1430 1371 1431 1376 η

267 1390 405 1471 cipibus3
426 1414 499 1452 nam
520 1395 554 1453 in
572 1392 631 1454 hoc
650 1395 708 1453 sita
729 1392 857 1453 illorum
875 1391 1024 1452 felicitas:
1044 1406 1246 1474 grassatores
1273 1411 1342 1474 per

266 1479 331 1537 vim
346 1483 453 1541 omnia
471 1495 598 1564 gerunt,
612 1493 755 1542 evertunt
772 1479 914 1564 publica,
927 1495 1069 1542 evertunt
1080 1483 1221 1564 privata,
1239 1479 1339 1540 illud

269 1569 455 1648 ambientes,
468 1586 503 1631 ut
517 1593 572 1654 per
586 1575 773 1634 miscrorum
784 1574 907 1648 ruinas,
917 1573 978 1654 ipsi
989 1593 1065 1632 auro
1076 1569 1339 1654 splendescant,

268 1651 379 1716 bibant
396 1661 557 1738 gemmatis
577 1659 713 1743 poculis,
733 1659 893 1720 dormiant
907 1661 941 1718 in
959 1661 1032 1742 Tyri
1050 1680 1211 1742 purpura:
1232 1661 1334 1719 avari

265 1761 380 1831 'aurum
393 1745 546 1823 condunt,
559 1762 589 1808 et
601 1747 729 1808 condito
742 1747 920 1808 avidissime
933 1745 1103 1824 incubant,
1116 1745 1257 1828 nequid
1271 1765 1335 1830 pe·

302 1933 362 2000 504.
381 1938 523 1990 Penetmnt
538 1939 612 1993 aulas
629 1951 655 1991 et
672 1940 765 1991 limina
810 1941 1017 2008 tum,alienam‚
1027 1959 1061 1992 an
1072 1957 1154 1992 suam.
1167 1939 1333 2010 S.—Hey·

265 2029 362 2082 repam.
377 2015 535 2069 Profitentur
547 2019 708 2071 satellitium.
722 2019 766 2069 li-

267 2090 339 2140 mina
348 2098 481 2162 antemait
493 2097 645 2149 interiorem
654 2098 766 2149 familia·

266 2170 389 2220 ritatem:
406 2174 443 2225 sic
455 2175 576 2241 Turnus,
592 2176 704 2248 Stirpem
719 2176 765 2227 ad-

266 2248 366 2301 misceri
377 2252 533 2326 Plnypiam,
545 2275 571 2308 se
587 2255 677 2308 limine
690 2255 763 2328 pelli.

267 2326 340 2380 Serv.
351 2334 502 2406 -Repum
517 2338 609 2389 Horat.
628 2337 713 2409 Epod.
727 2338 765 2401 ll,

267 2409 336 2460 inter
348 2409 441 2464 beatos
453 2429 593 2483 numerat,
607 2435 686 2487 quem
700 2435 766 2468 «ne-

270 2508 343 2559 «que
360 2490 451 2545 horret
463 2498 559 2548 iratum
576 2515 664 2558 mare,
682 2497 767 2567 etqui

269 2569 356 2619 «vitat
367 2573 472 2637 forum,
489 2587 515 2625 et
531 2575 652 2644 Superba
669 2576 767 2626 civium

271 2651 471 2717 «potentiorum
488 2652 588 2705 limina.
599 2676 611 2700 ι
625 2683 659 2692 -
673 2655 766 2726 RepeS,

267 2727 391 2779 Romana
418 2729 546 2782 libertatis
577 2748 767 2803 oppressores,

268 2809 767 2881 quamrestituissegloriabaturCaesar

267 2883 439 2938 Octavianus.
453 2889 477 2939 ls
491 2907 572 2959 quum
580 2907 622 2941 res
634 2909 649 2942 a
661 2909 688 2942 se
699 2911 767 2962 praa·

269 2962 339 3016 clare
358 2976 430 3019 actas
447 2968 475 3019 in
491 2981 663 3020 monumento
680 2971 765 3043 Ancy-

809 2021 869 2071 nius
884 2023 994 2072 Romam
1007 2019 1144 2090 intelligia
1156 2017 1206 2070 sed
1220 2018 1331 2082 Romus

810 2099 896 2149 urbem
909 2098 944 2150 ad
960 2097 1019 2149 illos
1037 2099 1136 2161 refert,
1154 2097 1204 2166 qui
1222 2114 1262 2149 ex
1281 2115 1330 2148 ur·

809 2174 884 2227 bium
904 2188 1114 2248 expugnatarum
1135 2176 1221 2226 ruinis
1252 2192 1327 2245 opes

810 2255 948 2328 colligunt.
956 2283 992 2294 -
1003 2255 1052 2306 Hic
1064 2253 1213 2304 Antonium
1224 2251 1329 2324 desig-

809 2347 873 2400 nat,
896 2338 942 2407 qui
965 2353 1026 2386 cum
1049 2333 1197 2404 Cleopatra
1220 2331 1330 2384 urbem

813 2416 929 2466 minatus
938 2425 996 2466 erat
1005 2426 1136 2477 evertere,
1149 2413 1198 2464 Ge.
1209 2411 1237 2476 Ι,
1252 2411 1331 2480 4983

809 2493 867 2545 AEn.
881 2495 957 2558 Vlll,
969 2493 1029 2562 673.
1043 2492 1076 2547 V·
1087 2492 1119 2542 G.

847 2575 907 2629 506.
919 2575 1028 2627 Gemma
1040 2573 1115 2624 bibat.
1128 2571 1262 2624 Gemmeo
1274 2589 1330 2643 po-
1430 2584 1431 2593 ¹

812 2655 887 2722 culo,
899 2673 953 2706 non
966 2653 1184 2726 gemmatoServ.
1194 2681 1229 2690 -
1238 2653 1329 2704 Gem-

811 2752 863 2784 ma.
887 2731 1011 2804 lntelligit
1032 2750 1078 2784 vas
1102 2750 1135 2783 ex
1157 2748 1248 2796 auro,
1279 2732 1343 2786 cni.

812 2813 958 2885 sculptoria
968 2825 1023 2864 arte
1030 2829 1138 2884 gemma
1149 2813 1326 2862 inseruntur.

809 2893 934 2964 Apertius
947 2893 1004 2943 AEn.
1018 2891 1046 2956 l,
1062 2889 1109 2940 nbi
1126 2901 1248 2960 pateram
1267 2907 1326 2939 vo·-

811 2985 853 3024 cat
862 2990 968 3045 prooem
976 2969 1100 3044 pemmis,
1110 2987 1234 3040 numqua
1245 2968 1323 3020 Ptin.

269 3062 345 3109 rano,
354 3049 502 3099 enumerari
512 3047 632 3118 juberet,
641 3062 702 3102 ante
710 3069 766 3102 om·
810 3051 858 3102 lib.
871 3050 997 3109 xxxltt;
1010 3051 1037 3100 in
1047 3049 1179 3100 Prooemio
1191 3065 1223 3099 ea
1233 3047 1326 3118 subji-

268 3124 315 3175 nia
328 3129 499 3194 memoravit,
522 3146 549 3180 se
564 3130 689 3198 juvenem
706 3129 767 3182 xlx
812 3131 865 3195 eit,
878 3127 1016 3200 exquibus
1027 3127 1153 3180 hicloous
1164 3127 1251 3197 possit
1262 3145 1323 3178 non

269 3221 353 3256 annos
367 3219 476 3272 natum,
489 3207 637 3279 sumptibus
652 3212 767 3281 propriis
812 3209 893 3261 solum
903 3206 1092 3274 illustrari‚sed
1099 3205 1223 3278 intelligi:
1233 3205 1323 3257 «Tur-

268 3287 412 3337 exercitum
430 3286 583 3360 collegisse,
605 3303 630 3341 et
646 3291 673 3341 in
687 3289 767 3342 liber·
814 3288 870 3340 «ba
882 3303 1045 3360 gemmarum
1057 3299 1193 3356 potamus,
1207 3296 1321 3336 etsma·

267 3376 348 3417 tatem
367 3367 542 3421 vindicavisse
557 3369 766 3440 rempublicam,
814 3366 925 3438 «ragdis
948 3361 1058 3416 leiimus
1080 3364 1195 3426 Cflllffli
1219 3381 1250 3414 αθ
1277 3373 1319 3415 ¹0·

267 3465 325 3516 que
336 3447 423 3498 fuerat
434 3447 511 3498 bellis
523 3446 643 3500 cit-ilibus
656 3468 768 3520 oppres·
813 3445 966 3497 «malentis
986 3459 1080 3494 caussa
1096 3454 1186 3495 tenere
1207 3440 1317 3493 lndiam

268 3542 306 3574 sa.
315 3524 382 3572 Vide
392 3537 512 3575 nostrum
519 3517 649 3592 Tedium,
658 3527 710 3578 vol.
721 3530 766 3594 tv,
814 3548 823 3572 ο
832 3527 918 3596 juvat,
926 3536 953 3575 et
961 3541 1055 3576 aurum
1060 3524 1116 3592 jam
1124 3521 1242 3572 accessio
1249 3533 1314 3572 est.-

267 3620 329 3672 pag.
347 3600 398 3653 315
412 3613 438 3652 et
453 3620 526 3671 seqq.
543 3603 659 3654 Nomina
674 3607 728 3655 Rex
740 3619 767 3659 et
810 3606 862 3657 Ubi
874 3604 943 3656 clare
957 3604 993 3655 ait
1003 3640 1011 3668 ,
1023 3619 1139 3674 gemmas
1150 3618 1217 3652 auro
1230 3601 1317 3654 inseri

266 3681 411 3746 Dominus,
436 3683 554 3752 quamvis
577 3683 702 3735 Romanis
725 3687 765 3737 in·
810 3687 837 3737 in
849 3683 961 3757 poculis.
976 3682 1064 3736 cerda.

265 3763 356 3827 sensa,
365 3761 420 3830 jam
432 3759 504 3831 apud
514 3761 634 3812 Plautum
645 3763 765 3818 tribuunt
843 3765 902 3832 507.
916 3762 1026 3814 Incubet
1041 3779 1111 3812 auro.
1126 3759 1207 3828 xptos?
1225 3757 1315 3812 irrien-

268 3853 443 3897 assentstores
461 3841 613 3912 reipublicae
630 3845 764 3915 optimati.
807 3865 856 3896 rei.
878 3843 987 3894 Aristot.
1008 3841 1083 3892 Polit.
1099 3841 1139 3906 11,
1157 3835 1314 3906 epsesdpw'm

266 3919 316 3974 bus
328 3920 515 3992 divitibusque.
530 3921 562 3974 V.
576 3923 606 3974 G.
808 3922 881 3975 dixit.
894 3920 1012 3974 Verbum
1027 3919 1145 3971 incubare
1155 3929 1232 3968 notat
1245 3936 1313 3988 per·

302 4000 361 4055 505.
373 4002 442 4054 Petit
452 3999 555 4054 excidiis
566 4002 660 4055 urbm
674 4003 764 4060 lucer·
807 4003 949 4066 tinaciam,
963 4013 988 4054 et
1005 4000 1110 4072 longius
1126 4010 1249 4070 tempus,
1265 3991 1312 4052 sel
