2986 4694
632 395 782 462 ClRlS.

184 521 260 604 Quo
271 518 404 612 rapidos
416 521 515 586 etiam
527 521 740 610 requiescunt
752 520 888 585 flumina
900 525 1035 588 cursus?

185 628 247 695 Dic
259 650 319 716 age
331 651 420 694 nunc
432 629 560 692 miserae
572 628 703 707 saltem,
718 627 809 716 quod
823 649 910 715 saepe
922 631 1047 716 petenti

183 733 322 800 iurabas
334 734 418 798 nihil
430 757 501 799 esse
514 731 610 815 mihi,
625 757 728 824 quum
741 728 852 797 maes'ta
865 735 1009 821 parentis

185 841 362 906 Formosus
373 839 498 905 circum
510 841 603 926 virgo
616 861 783 904 morerere
796 837 952 926 capillos?

185 945 250 1010 Hei
262 944 358 1024 mihi,
371 969 414 1010 ne
427 947 521 1010 furor
532 946 587 1010 ille
599 963 675 1010 tuos
688 946 844 1010 invaserit
855 959 960 1024 artus,

184 1050 259 1131 Ille,
273 1051 389 1116 Arabis
401 1052 545 1141 Myrrhae
558 1051 729 1140 quondam
742 1051 801 1140 qui
813 1051 901 1138 cepit
913 1049 1051 1132 ocellos,

187 1159 233 1222 Ut
244 1159 367 1223 scelere
380 1157 532 1237 infando,
547 1157 638 1246 quod
652 1181 714 1222 nec
726 1158 804 1222 sinit
816 1155 980 1236 Adrastia,

185 1261 323 1329 Laedere
335 1280 515 1352 utrumque
529 1286 596 1327 uno
609 1263 742 1328 studeas
756 1284 867 1326 errore
880 1279 1063 1351 parentent.

188 1367 284 1452 Quod
296 1369 324 1434 si
335 1369 400 1432 alio
413 1369 531 1457 quovis
543 1369 654 1433 animo
662 1369 795 1458 jactaris
807 1391 920 1432 amore
933 1392 939 1430 :

188 1475 270 1537 liam
282 1490 314 1538 te
322 1472 453 1562 jactari,
467 1495 535 1536 non
549 1491 597 1538 est
609 1474 800 1539 Amathusia
813 1474 917 1539 nostri

188 1665 252 1706 cete,
261 1649 409 1714 curassessor
418 1665 426 1696 :
437 1666 510 1714 quum
520 1654 570 1716 ipsa
579 1653 699 1716 sintfesso.
710 1653 804 1718 Alioqui
809 1652 882 1716 sessoe
894 1649 999 1698 morolio
1009 1659 1100 1714 pecore
1110 1666 1172 1696 curte
1181 1665 1239 1698 coa·

185 1721 280 1782 jictrem
291 1735 297 1766 :
312 1723 366 1784 ipsae
379 1721 518 1784 curtefessoe
527 1730 607 1784 pectus
620 1725 694 1786 quieti
708 1740 732 1770 se
747 1724 803 1770 dare
817 1723 959 1769 concedunt.
968 1746 1000 1758 ·-
1013 1720 1065 1778 134.
1079 1736 1139 1766 nurrc
1149 1723 1239 1766 tandem

186 1789 285 1838 malebat
294 1793 386 1840 Jacobs.
394 1818 426 1829 -
436 1793 488 1839 136.
502 1809 620 1840 morerere.
631 1796 665 1841 lta
677 1797 746 1841 etiam
758 1794 811 1841 Ald.
825 1798 884 1842 mori
891 1794 921 1841 de
933 1791 1079 1840 vehementis
1088 1794 1173 1838 amoris
1182 1803 1239 1839 testu

189 1877 216 1908 ac
230 1863 283 1910 tabe
294 1879 342 1910 non
355 1867 503 1926 ignoramus,
515 1865 556 1912 red
568 1866 598 1912 ab
611 1865 635 1912 h.
651 1864 667 1911 l.
685 1865 789 1913 alienum
802 1879 844 1914 est.
859 1865 918 1912 Edd.
932 1867 997 1911 lunt.
1014 1864 1044 1911 de
1056 1865 1134 1910 Tertia
1150 1877 1173 1910 et
1187 1863 1239 1909 alise

188 1948 303 1982 morere.
318 1937 413 1984 Loensia
424 1936 441 1982 l.
458 1953 478 1983 c.
493 1939 602 1984 emendat
618 1953 745 1995 remorare,
764 1938 806 1986 red
823 1951 870 1986 tota
885 1939 1001 1985 sententia
1014 1935 1112 1982 laborat.
1131 1937 1176 1981 Pro
1187 1950 1240 1980 cum

186 2002 232 2066 leg.
241 2021 284 2051 cnr
297 2020 321 2053 et
331 2009 364 2052 ric
374 2021 436 2054 totus
447 2007 512 2054 loeus
526 2007 704 2055 constituendus
715 2025 720 2055 :
731 2009 773 2054 Dic
785 2024 826 2074 αφ
838 2024 898 2056 nanc
907 2007 988 2054 saltem
998 2009 1098 2062 mt'seroe,
1109 2004 1172 2069 guod
1179 2019 1240 2066 soepr

186 2079 269 2136 munti
278 2075 376 2122 Jurolros
388 2075 443 2122 otiu
457 2071 506 2124 esse
520 2077 590 2124 milri:
604 2095 647 2124 cur
658 2088 737 2125 moesto
749 2083 849 2142 parentis
863 2081 982 2126 ramosos
995 2079 1081 2123 circum
1094 2079 1156 2139 virgo
1167 2089 1240 2121 remo-

186 2146 356 2210 roncapillos?
366 2149 390 2195 lr.
404 2165 425 2194 e.
440 2150 507 2196 Nunc
518 2149 599 2196 saltem
615 2151 672 2198 milri
687 2152 739 2207 dic,
754 2168 796 2196 cur
810 2153 870 2197 circa
880 2151 984 2213 parentia
996 2165 1085 2195 comam
1097 2147 1202 2193 lra‘reaa?
1214 2145 1240 2192 id
1268 2143 1269 2148 ¹

187 2217 253 2279 quod
262 2221 354 2281 quotics
364 2219 442 2267 adhuc
451 2237 480 2268 er
490 2234 512 2268 te
522 2221 604 2269 audire
616 2221 696 2278 volui,
711 2235 737 2268 tu
749 2223 806 2269 milri
815 2223 922 2284 jurabas,
937 2219 994 2266 nilril
1004 2235 1059 2266 esse.
1075 2222 1180 2264 Sumtum
1195 2217 1241 2264 lroc

188 2303 217 2333 ex
230 2289 316 2352 vulgari
333 2307 447 2339 sermone.
464 2294 582 2339 Fennosos
597 2292 691 2357 capillos
707 2293 766 2339 dixit
781 2309 824 2354 pro
836 2308 885 2339 uno
898 2307 971 2339 aureo
987 2293 1060 2336 crine.
1073 2288 1119 2336 Sed
1131 2287 1203 2334 multa
1216 2289 1241 2333 in

188 2355 234 2406 hoc
248 2363 347 2407 carmine
363 2363 402 2406 -vir
417 2378 469 2408 curn
487 2361 582 2409 delectu
595 2365 678 2426 potita.
693 2365 726 2410 lta
741 2379 794 2409 mox
804 2363 876 2426 furor
886 2364 945 2424 cepit
958 2359 1048 2407 ocellos.
1060 2383 1091 2394 -
1104 2359 1155 2418 239.
1172 2361 1241 2416 sinit,

190 2430 284 2486 siverit,
294 2434 328 2477 ait
336 2431 452 2493 Scaliger,
462 2445 488 2477 ut
499 2434 546 2479 edit
554 2434 617 2496 apud
629 2435 709 2480 Horat.
722 2451 766 2496 pro
779 2433 840 2480 edat.
851 2435 902 2478 sirit
911 2434 1048 2495 antiquum,
1058 2441 1085 2476 ut
1096 2428 1159 2490 apud
1170 2427 1242 2474 Plau-

188 2509 238 2544 tura
251 2511 274 2544 et
282 2499 392 2546 Catonem
403 2505 519 2559 occurrit,
532 2503 649 2550 detortum
662 2504 711 2550 iere
720 2507 746 2549 iu
755 2506 825 2559 sinit,
836 2501 860 2548 lt.
872 2501 888 2548 l.
902 2514 978 2549 metro
990 2511 1121 2564 repugnat,
1131 2499 1241 2544 omnino-

188 2584 235 2631 que
250 2569 326 2616 malim
343 2573 422 2618 sinat!
437 2572 482 2620 hoc
501 2576 570 2620 etiam
587 2576 682 2623 [oensis
701 2574 800 2639 protulit
817 2572 936 2638 Epiplryll.
953 2573 1015 2618 Vlll.
1036 2571 1073 2617 26.
1089 2572 1117 2616 Et
1136 2570 1240 2616 Gravius

187 2642 350 2690 emendaverat
364 2660 417 2690 cum
433 2645 470 2690 lo.
485 2645 622 2694 Schradero.
633 2672 666 2684 --
678 2649 730 2704 alo.
747 2647 837 2694 Ludere
853 2646 918 2692 malit
934 2645 1054 2707 Scaliger:
1068 2658 1115 2688 non
1133 2657 1185 2704 ego.
1199 2641 1240 2685 ln-

185 2721 250 2757 cesto
260 2710 315 2757 lruic
326 2715 399 2759 amori
415 2727 438 2760 et
451 2714 567 2762 adulterio
578 2720 670 2778 gravius
684 2719 782 2766 verbum
798 2719 918 2782 quaritur.
927 2741 959 2752 --
971 2713 1023 2772 air.
1040 2717 1141 2759 animam
1155 2709 1240 2758 melius

186 2779 232 2842 legi
246 2786 404 2848 unusquisque
423 2784 490 2832 facile
506 2786 629 2851 intelligat.
647 2792 733 2836 orrimos
749 2792 812 2853 conj.
829 2791 857 2834 lo
875 2785 999 2834 Schrader.
1017 2783 1119 2846 Scaliger
1137 2781 1239 2829 malebat

184 2853 252 2896 niorto
260 2855 353 2916 immicis
366 2869 449 2901 amore.
463 2857 572 2904 Bartlrius
582 2875 587 2904 :
599 2858 686 2918 Quodsi
693 2864 768 2907 arrioro
778 2862 859 2924 quovis
867 2857 914 2904 olio
917 2859 1015 2921 jactaris
1025 2869 1108 2900 umore.
1120 2853 1237 2898 Heinsius.

187 2919 267 2977 (Mire.
282 2922 348 2970 ohn.
360 2923 413 2970 Vol.
426 2925 470 2982 lv,
486 2944 538 2991 pag.
555 2928 613 2988 113)
629 2934 715 2978 animos
729 2929 767 2978 vel
781 2945 866 2976 ameris.
882 2929 908 2974 ln
922 2943 963 2973 mr.
982 2924 1079 2972 llelmst.
1093 2935 1143 2969 erat
1158 2925 1239 2968 numu

182 2993 278 3053 jociani
292 3011 397 3042 onorem.
408 3022 440 3034 -
451 2997 503 3056 141.
516 3001 666 3051 Amatluutr‘o
679 3005 744 3050 lunt.
762 3015 785 3051 et
799 2999 849 3050 aliae
860 3018 866 3048 :
876 3001 943 3066 'quod
957 3001 1051 3062 praeiert
1063 2995 1181 3058 Scaliger,
1196 2996 1239 3040 etsi

190 3145 319 3202 Pfflfflf·
332 3135 378 3190 Ge·
392 3139 429 3206 ll,
445 3141 492 3206 143
502 3131 689 3214 ῳαυίᾰαριιὲ
735 3145 814 3198 Ovid.
831 3143 870 3210 X,
887 3145 939 3212 477
958 3139 1075 3212 latasque
1087 3145 1182 3209 vagata
1192 3152 1243 3206 ptr

188 3231 234 3286 5²⁶
243 3216 322 3269 ⁰¹⁰⁹·
334 3221 358 3283 l,
369 3219 420 3290 3¹9
427 3223 538 3293 gravida
547 3243 630 3295 seges,
641 3227 687 3278 ubi
733 3215 1242 3297 agros,PelmiserosArobasPaochoea-

193 3293 686 3357 sdsuccumnntritiumretuli.-233.
732 3322 785 3376 que
798 3322 860 3354 rura
873 3299 1040 3372 relinquit...
1052 3297 1157 3348 undem
1171 3305 1239 3345 terra

191 3375 574 3445 requiescunt,transitive,ut
583 3381 691 3435 obvium
738 3382 867 3454 requievit
889 3379 960 3450 sesso
994 3376 1094 3428 Saboea.
1120 3403 1155 3412 —
1180 3373 1238 3440 140.

192 3467 233 3506 est
241 3453 346 3518 videre,
358 3475 408 3528 pro
421 3457 557 3511 retardare
569 3481 575 3511 :
588 3463 628 3512 uti
636 3463 691 3531 jam
737 3472 880 3533 utrumque
886 3469 1042 3531 potentem,
1055 3455 1158 3506 scilicet
1169 3453 1241 3525 Myr·

191 3533 283 3605 1⁸:⁰¹⁰&
294 3535 366 3599 Vffla
380 3535 396 3602 4
408 3537 530 3590 vidimus.
737 3539 800 3592 rlrae.
818 3543 965 3612 Argutatur
981 3535 1114 3608 Scaliger,
1131 3535 1177 3605 qui
1194 3533 1242 3588 Ni·

227 3613 289 3667 238.
304 3615 343 3667 De
356 3616 466 3689 Myrrha
480 3632 544 3672 nota
556 3619 647 3672 fabula
661 3639 692 3675 ex
736 3616 1083 3672 sumetnutricemGarmen
1092 3614 1239 3686 intelligere

191 3693 270 3746 ovid.
283 3695 347 3747 Met.
360 3697 392 3748 X.
405 3697 489 3752 Arabs
502 3720 533 3752 ea
547 3691 632 3764 dicta,
644 3702 693 3752 etsi
734 3699 819 3769 jubet.
830 3697 941 3750 Videtur
952 3710 1039 3749 autern
1051 3694 1146 3746 Carme
1155 3693 1240 3764 strepi·

192 3775 293 3846 Cinyra
304 3777 467 3848 l'aplriorum
481 3781 508 3830 in
522 3779 610 3853 Cypro
623 3783 692 3853 regis
737 3779 807 3844 cari,
825 3777 907 3830 (lirim
922 3777 1006 3850 patris
1026 3793 1117 3827 amore
1136 3775 1238 3826 incesto

191 3853 691 3930 filiasuerit,sitqueomninonarratio
739 3860 876 3911 exarsisse.

192 3954 225 3988 ea
236 3935 338 4009 Cypriis
352 3939 449 3991 fabulis
463 3939 552 3993 ducta.
564 3940 616 3994 Sed
628 3942 693 4013 fugo
774 3941 833 4008 141.
851 3937 982 3990 Procedit·
991 3937 1124 3990 sententia
1140 3933 1174 3986 ad
1186 3951 1238 3984 vss.

193 4013 282 4068 delata
290 4031 328 4069 est
336 4019 479 4091 Myrrhnin
489 4020 631 4086 Arabiam,
641 4021 693 4074 ibi·
738 4021 798 4092 ²49·
810 4019 916 4092 Quodsi
925 4017 979 4070 alio
988 4019 1081 4090 quovis
1090 4015 1242 4084 anirnojoe·

194 4111 244 4165 que
263 4098 291 4148 in
310 4098 434 4153 arborem
449 4111 564 4168 mutate,
584 4114 614 4154 ut
632 4103 691 4174 ipse
738 4101 799 4154 toris
811 4117 915 4160 amem
929 4117 991 4150 narn
1006 4109 1032 4148 te
1045 4112 1135 4148 amore
1149 4091 1240 4162 aliquo
