2998 4670
293 383 357 450 588
622 335 1006 460 COMMENTAllIA

289 507 381 567 initio
400 505 517 571 fabulis
537 511 708 573 involvitur
725 536 741 573 a
758 529 853 597 poete
863 534 1032 581 exornante
1049 521 1088 580 ad
1105 521 1189 586 bunc
1202 525 1333 591 modum

289 613 357 654 rem
369 598 554 658 naturalem.
568 601 645 681 Age,
656 604 699 660 mi
710 601 819 679 lector,
829 606 991 688 expediam
1003 607 1060 669 tibi
1072 625 1211 690 naturas,
1221 635 1336 676 mores·

291 703 350 765 que
365 705 444 765 quos
459 703 643 750 ornamento
665 713 779 772 magno
799 693 920 755 addidit
938 695 1066 780 apibus,
1086 721 1151 761 non
1168 701 1334 785 quilibete

289 771 386 853 vulgo
395 777 492 850 Deus,
503 775 556 836 sed
567 779 700 860 ipsemet
708 784 848 864 Jupiter:
859 785 1022 866 expediam
1032 809 1090 870 pro
1101 812 1164 872 qua
1175 792 1332 868 mercede,

287 880 424 944 proquo
439 868 548 926 merito
561 879 686 928 tantum
699 868 831 932 honoris
844 873 965 956 adeptae
979 892 1067 952 sunt;
1083 893 1117 938 ut
1132 895 1335 961 sequerentur

288 952 410 1012 sonitus
423 954 589 1032 Curetum,
602 959 670 1018 aeris
684 961 888 1044 crepitacula,
899 965 990 1026 factae
1003 965 1123 1032 altrices
1135 971 1223 1030 lovis
1236 971 1267 1030 in
1281 992 1335 1030 an·

286 1052 337 1098 tro
353 1041 460 1105 Cretae.
480 1045 601 1107 lndicat
620 1065 729 1129 poete,
748 1051 871 1114 additos
890 1075 908 1114 a
927 1057 1004 1117 Jove
1023 1057 1135 1140 apibus
1154 1073 1334 1140 prestantes

285 1149 402 1208 mores,
422 1134 506 1214 quod
521 1133 601 1197 bene
621 1141 738 1200 meritae
756 1139 794 1200 de
811 1140 867 1203 illo
882 1145 916 1203 in
933 1147 1023 1206 Creta
1035 1145 1168 1224 fuerint,
1180 1147 1333 1209 instillato

286 1219 380 1281 melle
395 1224 429 1282 in
441 1224 507 1304 ejus
524 1245 568 1287 os.
585 1228 718 1305 Fabula,
741 1252 836 1312 quam
851 1234 992 1315 attingit,
1011 1237 1070 1296 ista
1081 1251 1145 1298 est:
1164 1237 1335 1298 devorabat

284 1307 434 1370 Saturnus
455 1311 551 1389 filios3
573 1315 714 1392 Curetes,
733 1339 772 1378 ne
792 1335 901 1380 natum
923 1324 1034 1383 lovem
1054 1324 1161 1386 eadem
1180 1325 1333 1385 voracitas

285 1395 441 1477 perderet,
459 1403 599 1483 vagitum
617 1403 745 1468 infantis
762 1409 900 1470 celarunt
914 1411 1083 1493 crepitibus
1095 1412 1330 1496 cymbalorum:

284 1487 359 1566 quia
375 1508 448 1549 vero
461 1493 567 1552 nutrix
578 1491 698 1572 deerat,
718 1493 842 1559 subiere
858 1519 930 1580 apes
943 1520 1059 1563 munus
1073 1500 1174 1579 istud,
1194 1502 1332 1561 invitate

284 1573 429 1656 pulsibus
441 1579 671 1660 cymbalorum.

329 1663 394 1726 153.
414 1667 526 1751 lucipit
545 1672 637 1730 istam
653 1694 747 1755 apum
767 1674 1003 1759 Rempublicam
1019 1679 1057 1739 ab
1072 1679 1166 1754 foetu,
1186 1679 1225 1738 ab
1239 1677 1332 1752 urbe,

283 1749 323 1809 ab
339 1772 440 1832 penu,
452 1775 522 1836 quae
533 1759 593 1817 tria
606 1765 787 1824 communia
802 1765 931 1846 apibus3
944 1767 1031 1848 quod
1046 1767 1124 1828 nulli
1139 1768 1245 1848 generi
1256 1763 1333 1825 bru·

284 1853 389 1900 torum
402 1845 610 1906 animantium
623 1853 786 1932 contingit.
806 1854 884 1912 Sunt
906 1855 989 1913 enim
1008 1854 1058 1915 his
1075 1855 1148 1916 solis
1163 1856 1228 1915 nati
1244 1873 1331 1914 com·

280 1949 405 2006 munes,
417 1936 713 2017 communis'patria,
724 1939 843 2000 cibatus
853 1945 1042 2018 communis,
1053 1965 1147 2026 quem
1158 1953 1333 2024 congerunt

282 2029 386 2077 aestate
398 2019 437 2078 ad
452 2041 541 2081 usum
556 2020 686 2104 hyemis.
700 2029 806 2103 Quum
821 2030 879 2104 ait,
892 2032 924 2088 in
938 2030 1065 2091 medium
1079 2044 1235 2111 reponunt,
1248 2027 1330 2089 nihil

282 2104 370 2164 aliud
384 2108 502 2188 signat,
514 2131 608 2191 quarn
623 2133 822 2176 communem
835 2137 900 2176 esse
912 2114 1031 2177 cibum.
1046 2118 1184 2180 Observa
1199 2118 1331 2198 diligen·

280 2201 342 2269 ter,
360 2206 396 2253 ut
412 2207 505 2276 poeta
519 2217 551 2258 se
567 2219 584 2258 a
599 2199 755 2262 calumnia
770 2205 930 2265 vindicet:
946 2203 1009 2266 duo
1024 2219 1148 2266 tantum
1164 2205 1268 2286 prima
1285 2205 1330 2263 ait

281 2279 357 2339 solis
372 2280 484 2363 apibus
496 2291 676 2366 convenire,
690 2303 725 2350 ut
738 2312 810 2352 vere
825 2306 887 2354 est:
904 2295 1041 2354 intentio
1054 2292 1207 2353 abstinuit
1221 2311 1238 2350 a
1253 2311 1329 2352 voce

236 2399 238 2404 ·
281 2365 336 2427 illa
353 2368 439 2445 soloe,
459 2375 534 2454 quia
554 2375 696 2439 formicae
717 2382 827 2458 enam,
846 2379 979 2443 fortasse
998 2397 1028 2444 et
1044 2383 1120 2459 alia,
1139 2383 1172 2441 in
1189 2380 1328 2462 medium

282 2476 408 2538 quoque
421 2476 578 2542 reponunt
590 2486 680 2526 suum
693 2489 803 2549 penus.

323 2545 387 2607 158.
406 2550 548 2629 Dixerat,
565 2557 676 2638 reponi
697 2559 737 2618 ab
757 2557 870 2642 apibus
886 2581 1003 2642 penum
1022 2560 1238 2620 adventuram
1255 2556 1329 2640 bye-

278 2650 377 2707 mem;
396 2635 489 2700 docet
502 2649 588 2701 nunc
602 2640 799 2725 longissima,
818 2661 850 2708 et
863 2648 1092 2729 elegantissima
1107 2643 1328 2706 distributione

317 2805 374 2860 153.
383 2809 708 2890 Solaecommunispnatos,
718 2839 781 2872 con·
824 2823 903 2876 melle
915 2823 1012 2876 aluisse
1021 2821 1147 2873 dicuntur
1156 2841 1163 2869 ι
1173 2836 1224 2890 pro
1235 2836 1289 2888 qua
1298 2837 1326 2871 ts

278 2886 356 2938 sortia
373 2898 437 2940 tectu
450 2891 522 2945 Urbis
538 2893 639 2948 babent.
653 2899 737 2966 Nam,
751 2911 780 2952 ut
825 2902 862 2954 eis
882 2915 976 2972 postea
993 2901 1117 2972 prestitit
1137 2899 1278 2968 luppiter,
1296 2909 1327 2949 ut
1352 2941 1358 2948 .

278 2967 358 3018 etiam
365 2968 485 3022 Donatus
496 2972 574 3039 dicit,
584 2981 716 3049 tragicum
725 2991 779 3046 est,
823 2981 955 3035 haberent
970 2982 1070 3034 liberos
1085 2982 1141 3032 sine
1153 2979 1209 3030 ullo
1227 2997 1327 3030 concu-

277 3057 305 3097 et
313 3047 386 3099 ultre
393 3068 499 3104 carmen
507 3052 667 3126 Georgicum
678 3059 700 3109 si
708 3060 779 3110 acci·
822 3060 889 3113 bitu.
908 3064 978 3116 Seru.
990 3087 1025 3101 -·
1036 3059 1076 3112 Cl.
1084 3061 1152 3110 Voss
1166 3058 1268 3110 ironice
1285 3075 1328 3109 ro·

276 3127 457 3202 piamus,pr0
471 3150 524 3204 qua
536 3136 673 3204 mercede,
688 3139 778 3192 excla-
823 3152 887 3212 gat,
912 3139 1048 3212 quomodo
1072 3137 1158 3190 Cerda
1184 3138 1325 3189 conferens

276 3207 422 3260 mationem
434 3229 507 3264 esse:
519 3225 549 3265 ut
558 3215 605 3279 sit,
615 3222 666 3287 pro
678 3233 779 3288 quanta
823 3237 884 3272 curn
894 3220 1034 3293 republica
1043 3236 1124 3290 apum
1132 3215 1326 3268 monach⁰rum

276 3282 329 3338 lanc
343 3288 465 3342 mercede
480 3292 620 3346 fecerunt?
636 3296 738 3350 scilicet
749 3311 779 3350 ut
823 3301 966 3368 coenobia,
986 3299 1078 3353 oblitus
1097 3301 1135 3350 sie
1153 3297 1323 3350 crabronum-¹

276 3363 370 3419 Jovem
382 3368 498 3424 alerent:
513 3391 593 3444 quem
604 3375 675 3448 Ops,
689 3377 779 3430 Satur·
822 3399 915 3432 rerum
925 3379 982 3434 baec
990 3379 1103 3432 dicteria
1110 3379 1167 3432 tine
1175 3380 1230 3430 ictu
1239 3378 1266 3429 in
1275 3394 1325 3428 ra-

276 3447 306 3497 ni
316 3463 395 3512 uxor,
406 3447 562 3520 Curetibus,
572 3453 778 3524 Coribantibus,
822 3477 888 3511 num
900 3459 1033 3512 recidunt.

278 3525 512 3602 etldaeisDactylis
521 3535 727 3588 custodiendum
735 3537 779 3589 de·
863 3537 919 3606 154.
928 3539 1033 3612 Maynis
1041 3537 1143 3610 lepidus.
1152 3534 1182 3588 ld
1190 3547 1324 3600 est‚eter·

277 3600 332 3669 dit,
351 3605 378 3654 in
397 3621 487 3660 monte
505 3609 589 3664 Cretae
607 3613 724 3679 Dictaeo,
743 3633 778 3668 ne
822 3614 1324 3690 nis,nunquemmutabilibus:iisdem

276 3698 338 3732 enm
345 3680 474 3737 Saturnus
482 3703 663 3756 consumeret,
672 3706 701 3743 ut
709 3692 777 3746 filios
823 3701 895 3751 enim
904 3699 1008 3772 legibus
1020 3716 1125 3770 semper
1137 3709 1261 3762 utuntur,
1273 3713 1323 3748 nec

276 3779 369 3815 omnes
379 3762 491 3818 solebat.
500 3769 581 3837 Quod
589 3772 649 3824 ideo
659 3771 774 3847 fingitur,
822 3796 880 3842 eas,
888 3791 918 3829 ut
925 3777 1062 3843 homines,
1070 3795 1139 3848 sepe
1148 3787 1320 3828 commutant.

276 3844 340 3913 quia
357 3842 499 3913 Saturnus,
517 3862 546 3901 nt
564 3850 691 3918 diximus,
709 3868 776 3908 tem·
819 3858 1063 3930 Sem-Virgilius
1077 3857 1172 3930 procul
1179 3856 1261 3909 dubio
1270 3855 1323 3906 En·

274 3940 372 3992 porum
385 3923 450 3979 deus
463 3941 516 3994 est,
529 3948 586 4000 que
602 3933 630 3984 in
643 3951 670 3987 se
685 3937 774 3988 revel·
819 3939 864 3989 nio
882 3935 1005 4005 adhesit,
1023 3940 1069 4010 qni
1088 3936 1184 3990 Annal.
1203 3937 1248 3987 tx.
1271 3935 1323 4006 Qui

274 4014 374 4056 vuntur
391 4005 419 4056 in
435 4022 570 4062 eternum.
587 4011 663 4065 Tunc
683 4016 774 4087 itaque
819 4029 874 4070 tum
888 4019 1007 4070 vivebant
1019 4018 1134 4072 homines
1147 4027 1225 4090 atque
1236 4033 1320 4069 nuum

275 4097 340 4151 apes
358 4085 416 4138 nris
437 4101 534 4142 secute
551 4107 661 4161 sonum,
680 4095 773 4151 Jovem
818 4097 960 4170 apitubant.
972 4096 1065 4172 Cerda.
