<?xml version="1.0" encoding="UTF-8"?>
<!DOCTYPE html PUBLIC "-//W3C//DTD XHTML 1.0 Transitional//EN"
    "http://www.w3.org/TR/xhtml1/DTD/xhtml1-transitional.dtd">
<html xmlns="http://www.w3.org/1999/xhtml" xml:lang="en" lang="en">
 <head>
  <title>
</title>
<meta http-equiv="Content-Type" content="text/html;charset=utf-8" />
  <meta name='ocr-system' content='tesseract 3.04.00' />
  <meta name='ocr-capabilities' content='ocr_page ocr_carea ocr_par ocr_line ocrx_word'/>
</head>
<body>
  <div class='ocr_page' id='page_1' title='image "./pvirgiliusmaroq04barbgoog_0550.png"; bbox 0 0 2998 4670; ppageno 0'>
   <div class='ocr_carea' id='block_1_1' title="bbox 299 411 1000 502">
    <p class='ocr_par' dir='ltr' id='par_1_1' title="bbox 299 411 1000 502">
     <span class='ocr_line' id='line_1_1' title="bbox 299 411 1000 502; baseline -0.011 -14"><span class='ocrx_word' id='word_1_1' title='bbox 299 423 362 502; x_wconf 73' lang='lat'>⁵64</span> <span class='ocrx_word' id='word_1_2' title='bbox 624 411 1000 480; x_wconf 75' lang='lat' dir='ltr'>oouururaum</span> 
     </span>
    </p>
   </div>
   <div class='ocr_carea' id='block_1_2' title="bbox 296 537 1335 624">
    <p class='ocr_par' dir='ltr' id='par_1_2' title="bbox 296 537 1335 624">
     <span class='ocr_line' id='line_1_2' title="bbox 296 537 1335 624; baseline -0.004 -16"><span class='ocrx_word' id='word_1_3' title='bbox 296 548 392 608; x_wconf 90' lang='lat' dir='ltr'>habet</span> <span class='ocrx_word' id='word_1_4' title='bbox 401 544 529 616; x_wconf 86' lang='lat' dir='ltr'>febrim,</span> <span class='ocrx_word' id='word_1_5' title='bbox 547 561 615 622; x_wconf 76' lang='lat' dir='ltr'>quae</span> <span class='ocrx_word' id='word_1_6' title='bbox 630 541 742 622; x_wconf 84' lang='lat' dir='ltr'>saepius</span> <span class='ocrx_word' id='word_1_7' title='bbox 757 539 795 598; x_wconf 86' lang='lat' dir='ltr'>ad</span> <span class='ocrx_word' id='word_1_8' title='bbox 810 537 954 600; x_wconf 90' lang='lat' dir='ltr'>umbram</span> <span class='ocrx_word' id='word_1_9' title='bbox 966 540 1113 618; x_wconf 83' lang='lat' dir='ltr'>declinat,</span> <span class='ocrx_word' id='word_1_10' title='bbox 1134 543 1202 624; x_wconf 76' lang='lat' dir='ltr'>quar</span> <span class='ocrx_word' id='word_1_11' title='bbox 1214 545 1335 624; x_wconf 85' lang='lat' dir='ltr'>ignari-</span> 
     </span>
    </p>
   </div>
   <div class='ocr_carea' id='block_1_3' title="bbox 297 628 1334 804">
    <p class='ocr_par' dir='ltr' id='par_1_3' title="bbox 297 628 1334 804">
     <span class='ocr_line' id='line_1_3' title="bbox 299 628 1334 716; baseline -0.008 -18"><span class='ocrx_word' id='word_1_12' title='bbox 299 652 344 698; x_wconf 85' lang='lat' dir='ltr'>ter</span> <span class='ocrx_word' id='word_1_13' title='bbox 355 635 510 716; x_wconf 86' lang='lat' dir='ltr'>pascitur,</span> <span class='ocrx_word' id='word_1_14' title='bbox 521 650 590 710; x_wconf 69' lang='lat' dir='ltr'>quae</span> <span class='ocrx_word' id='word_1_15' title='bbox 600 642 733 688; x_wconf 87' lang='lat' dir='ltr'>extrema</span> <span class='ocrx_word' id='word_1_16' title='bbox 743 642 797 702; x_wconf 88' lang='lat' dir='ltr'>est,</span> <span class='ocrx_word' id='word_1_17' title='bbox 808 649 877 711; x_wconf 72' lang='lat' dir='ltr'>quae</span> <span class='ocrx_word' id='word_1_18' title='bbox 888 628 967 690; x_wconf 84' lang='lat' dir='ltr'>fessa</span> <span class='ocrx_word' id='word_1_19' title='bbox 980 632 1012 691; x_wconf 90' lang='lat' dir='ltr'>in</span> <span class='ocrx_word' id='word_1_20' title='bbox 1022 651 1133 713; x_wconf 88' lang='lat' dir='ltr'>campo</span> <span class='ocrx_word' id='word_1_21' title='bbox 1144 633 1334 713; x_wconf 88' lang='lat' dir='ltr'>procumbit,</span> 
     </span>
     <span class='ocr_line' id='line_1_4' title="bbox 297 711 1333 804; baseline -0.004 -22"><span class='ocrx_word' id='word_1_22' title='bbox 297 743 367 804; x_wconf 75' lang='lat' dir='ltr'>quae</span> <span class='ocrx_word' id='word_1_23' title='bbox 382 725 495 781; x_wconf 77' lang='lat' dir='ltr'>sero‘et</span> <span class='ocrx_word' id='word_1_24' title='bbox 511 730 604 776; x_wconf 85' lang='lat' dir='ltr'>noete</span> <span class='ocrx_word' id='word_1_25' title='bbox 621 716 718 776; x_wconf 84' lang='lat' dir='ltr'>redit:</span> <span class='ocrx_word' id='word_1_26' title='bbox 740 711 822 776; x_wconf 89' lang='lat' dir='ltr'>hanc</span> <span class='ocrx_word' id='word_1_27' title='bbox 839 719 943 777; x_wconf 87' lang='lat' dir='ltr'>statim</span> <span class='ocrx_word' id='word_1_28' title='bbox 961 717 1081 794; x_wconf 89' lang='lat' dir='ltr'>occide,</span> <span class='ocrx_word' id='word_1_29' title='bbox 1098 739 1138 778; x_wconf 91' lang='lat' dir='ltr'>ne</span> <span class='ocrx_word' id='word_1_30' title='bbox 1152 721 1185 780; x_wconf 92' lang='lat' dir='ltr'>in</span> <span class='ocrx_word' id='word_1_31' title='bbox 1198 719 1333 800; x_wconf 84' lang='lat' dir='ltr'>reliquas</span> 
     </span>
    </p>
   </div>
   <div class='ocr_carea' id='block_1_4' title="bbox 285 803 1340 2121">
    <p class='ocr_par' dir='ltr' id='par_1_4' title="bbox 288 803 1333 980">
     <span class='ocr_line' id='line_1_5' title="bbox 297 803 1333 892; baseline -0.007 -19"><span class='ocrx_word' id='word_1_32' title='bbox 297 823 400 892; x_wconf 82' lang='lat' dir='ltr'><strong>serpat</strong></span> <span class='ocrx_word' id='word_1_33' title='bbox 412 808 566 889; x_wconf 86' lang='lat' dir='ltr'>contagio.</span> <span class='ocrx_word' id='word_1_34' title='bbox 581 803 662 866; x_wconf 84' lang='lat' dir='ltr'>iliud</span> <span class='ocrx_word' id='word_1_35' title='bbox 677 803 879 888; x_wconf 82' lang='lat' dir='ltr'>cuipomferro</span> <span class='ocrx_word' id='word_1_36' title='bbox 893 827 1051 887; x_wconf 80' lang='lat' dir='ltr'><strong><em>compesce,</em></strong></span> <span class='ocrx_word' id='word_1_37' title='bbox 1067 807 1199 868; x_wconf 89' lang='lat' dir='ltr'>refertur</span> <span class='ocrx_word' id='word_1_38' title='bbox 1210 809 1249 868; x_wconf 92' lang='lat' dir='ltr'>ad</span> <span class='ocrx_word' id='word_1_39' title='bbox 1263 827 1333 866; x_wconf 83' lang='lat' dir='ltr'>earn</span> 
     </span>
     <span class='ocr_line' id='line_1_6' title="bbox 288 892 1165 980; baseline 0.005 -30"><span class='ocrx_word' id='word_1_40' title='bbox 288 897 437 980; x_wconf 64' lang='lat' dir='ltr'>eulpam,</span> <span class='ocrx_word' id='word_1_41' title='bbox 450 914 519 976; x_wconf 86' lang='lat' dir='ltr'>quae</span> <span class='ocrx_word' id='word_1_42' title='bbox 531 892 677 953; x_wconf 85' lang='lat' dir='ltr'><strong>residebit</strong></span> <span class='ocrx_word' id='word_1_43' title='bbox 689 893 721 952; x_wconf 92' lang='lat' dir='ltr'>in</span> <span class='ocrx_word' id='word_1_44' title='bbox 734 905 873 971; x_wconf 81' lang='lat' dir='ltr'>pastore,</span> <span class='ocrx_word' id='word_1_45' title='bbox 886 893 944 952; x_wconf 87' lang='lat' dir='ltr'>nisi</span> <span class='ocrx_word' id='word_1_46' title='bbox 956 907 1062 954; x_wconf 88' lang='lat' dir='ltr'>utatur</span> <span class='ocrx_word' id='word_1_47' title='bbox 1072 894 1165 954; x_wconf 85' lang='lat' dir='ltr'>ferro.</span> 
     </span>
    </p>

    <p class='ocr_par' dir='ltr' id='par_1_5' title="bbox 285 979 1337 1773">
     <span class='ocr_line' id='line_1_7' title="bbox 335 979 1336 1069; baseline -0.003 -25"><span class='ocrx_word' id='word_1_48' title='bbox 335 985 403 1069; x_wconf 73' lang='lat'><strong>470.</strong></span> <span class='ocrx_word' id='word_1_49' title='bbox 416 985 502 1044; x_wconf 90' lang='lat' dir='ltr'>Dicit</span> <span class='ocrx_word' id='word_1_50' title='bbox 515 1003 580 1043; x_wconf 90' lang='lat' dir='ltr'>non</span> <span class='ocrx_word' id='word_1_51' title='bbox 592 995 656 1040; x_wconf 90' lang='lat' dir='ltr'>tam</span> <span class='ocrx_word' id='word_1_52' title='bbox 671 979 795 1040; x_wconf 89' lang='lat' dir='ltr'>crebros</span> <span class='ocrx_word' id='word_1_53' title='bbox 809 980 921 1042; x_wconf 82' lang='lat' dir='ltr'>fluctus</span> <span class='ocrx_word' id='word_1_54' title='bbox 934 996 1027 1064; x_wconf 89' lang='lat' dir='ltr'>atque</span> <span class='ocrx_word' id='word_1_55' title='bbox 1038 981 1179 1043; x_wconf 78' lang='lat' dir='ltr'>turbines</span> <span class='ocrx_word' id='word_1_56' title='bbox 1197 1002 1285 1042; x_wconf 90' lang='lat' dir='ltr'>ruere</span> <span class='ocrx_word' id='word_1_57' title='bbox 1298 1001 1336 1041; x_wconf 84' lang='lat' dir='ltr'>ex</span> 
     </span>
     <span class='ocr_line' id='line_1_8' title="bbox 297 1071 1335 1156; baseline -0.007 -19"><span class='ocrx_word' id='word_1_58' title='bbox 297 1078 389 1150; x_wconf 88' lang='lat' dir='ltr'>mari,</span> <span class='ocrx_word' id='word_1_59' title='bbox 405 1093 501 1156; x_wconf 90' lang='lat' dir='ltr'>quum</span> <span class='ocrx_word' id='word_1_60' title='bbox 514 1073 657 1131; x_wconf 86' lang='lat' dir='ltr'><strong>imminet</strong></span> <span class='ocrx_word' id='word_1_61' title='bbox 669 1085 755 1129; x_wconf 86' lang='lat' dir='ltr'>atrox</span> <span class='ocrx_word' id='word_1_62' title='bbox 768 1082 949 1152; x_wconf 83' lang='lat' dir='ltr'>tempestas,</span> <span class='ocrx_word' id='word_1_63' title='bbox 966 1092 1060 1153; x_wconf 90' lang='lat' dir='ltr'>quam</span> <span class='ocrx_word' id='word_1_64' title='bbox 1071 1071 1166 1132; x_wconf 82' lang='lat' dir='ltr'>febris</span> <span class='ocrx_word' id='word_1_65' title='bbox 1180 1073 1273 1131; x_wconf 88' lang='lat' dir='ltr'>unius</span> <span class='ocrx_word' id='word_1_66' title='bbox 1285 1072 1335 1130; x_wconf 92' lang='lat' dir='ltr'>in·</span> 
     </span>
     <span class='ocr_line' id='line_1_9' title="bbox 295 1156 1337 1244; baseline -0.009 -19"><span class='ocrx_word' id='word_1_67' title='bbox 295 1165 382 1225; x_wconf 83' lang='lat' dir='ltr'>fectae</span> <span class='ocrx_word' id='word_1_68' title='bbox 394 1158 519 1244; x_wconf 87' lang='lat' dir='ltr'>pecudis</span> <span class='ocrx_word' id='word_1_69' title='bbox 534 1161 565 1218; x_wconf 92' lang='lat' dir='ltr'>in</span> <span class='ocrx_word' id='word_1_70' title='bbox 580 1157 713 1241; x_wconf 88' lang='lat' dir='ltr'>reliquas</span> <span class='ocrx_word' id='word_1_71' title='bbox 726 1156 865 1232; x_wconf 89' lang='lat' dir='ltr'>advolat,</span> <span class='ocrx_word' id='word_1_72' title='bbox 878 1171 1047 1240; x_wconf 77' lang='lat' dir='ltr'>grassatur,</span> <span class='ocrx_word' id='word_1_73' title='bbox 1060 1161 1155 1220; x_wconf 86' lang='lat' dir='ltr'>saevit.</span> <span class='ocrx_word' id='word_1_74' title='bbox 1170 1158 1249 1218; x_wconf 82' lang='lat' dir='ltr'>Curi</span> <span class='ocrx_word' id='word_1_75' title='bbox 1261 1159 1337 1238; x_wconf 88' lang='lat' dir='ltr'>quia</span> 
     </span>
     <span class='ocr_line' id='line_1_10' title="bbox 296 1247 1337 1333; baseline -0.008 -21"><span class='ocrx_word' id='word_1_76' title='bbox 296 1272 360 1312; x_wconf 91' lang='lat' dir='ltr'>non</span> <span class='ocrx_word' id='word_1_77' title='bbox 375 1261 506 1333; x_wconf 92' lang='lat' dir='ltr'>pereunt</span> <span class='ocrx_word' id='word_1_78' title='bbox 520 1247 642 1327; x_wconf 87' lang='lat' dir='ltr'>singula</span> <span class='ocrx_word' id='word_1_79' title='bbox 655 1266 802 1327; x_wconf 77' lang='lat' dir='ltr'>corpora3</span> <span class='ocrx_word' id='word_1_80' title='bbox 822 1247 875 1307; x_wconf 89' lang='lat' dir='ltr'>sed</span> <span class='ocrx_word' id='word_1_81' title='bbox 890 1261 1015 1328; x_wconf 85' lang='lat' dir='ltr'>repente</span> <span class='ocrx_word' id='word_1_82' title='bbox 1030 1261 1121 1329; x_wconf 87' lang='lat' dir='ltr'>atque</span> <span class='ocrx_word' id='word_1_83' title='bbox 1135 1267 1199 1307; x_wconf 89' lang='lat' dir='ltr'>uno</span> <span class='ocrx_word' id='word_1_84' title='bbox 1214 1247 1337 1326; x_wconf 88' lang='lat' dir='ltr'>impetu</span> 
     </span>
     <span class='ocr_line' id='line_1_11' title="bbox 285 1333 1337 1418; baseline -0.008 -18"><span class='ocrx_word' id='word_1_85' title='bbox 285 1355 362 1400; x_wconf 82' lang='lat' dir='ltr'>-tota</span> <span class='ocrx_word' id='word_1_86' title='bbox 383 1339 487 1398; x_wconf 82' lang='lat' dir='ltr'>aestiva</span> <span class='ocrx_word' id='word_1_87' title='bbox 502 1337 673 1410; x_wconf 91' lang='lat' dir='ltr'>intereunt,</span> <span class='ocrx_word' id='word_1_88' title='bbox 694 1347 760 1394; x_wconf 87' lang='lat' dir='ltr'>tota</span> <span class='ocrx_word' id='word_1_89' title='bbox 781 1350 946 1410; x_wconf 82' lang='lat' dir='ltr'>corruunt3</span> <span class='ocrx_word' id='word_1_90' title='bbox 966 1337 1041 1418; x_wconf 86' lang='lat' dir='ltr'>quia</span> <span class='ocrx_word' id='word_1_91' title='bbox 1057 1334 1176 1396; x_wconf 88' lang='lat' dir='ltr'>cadunt</span> <span class='ocrx_word' id='word_1_92' title='bbox 1194 1333 1282 1412; x_wconf 85' lang='lat' dir='ltr'>agni,</span> <span class='ocrx_word' id='word_1_93' title='bbox 1301 1334 1337 1392; x_wconf 88' lang='lat' dir='ltr'>in</span> 
     </span>
     <span class='ocr_line' id='line_1_12' title="bbox 293 1421 1337 1510; baseline -0.007 -23"><span class='ocrx_word' id='word_1_94' title='bbox 293 1427 409 1510; x_wconf 84' lang='lat' dir='ltr'>quibus</span> <span class='ocrx_word' id='word_1_95' title='bbox 421 1427 479 1484; x_wconf 86' lang='lat' dir='ltr'>sita</span> <span class='ocrx_word' id='word_1_96' title='bbox 492 1437 539 1484; x_wconf 88' lang='lat' dir='ltr'>est</span> <span class='ocrx_word' id='word_1_97' title='bbox 550 1443 619 1506; x_wconf 86' lang='lat' dir='ltr'>spes</span> <span class='ocrx_word' id='word_1_98' title='bbox 630 1423 811 1506; x_wconf 73' lang='lat' dir='ltr'>reparandae</span> <span class='ocrx_word' id='word_1_99' title='bbox 825 1421 956 1498; x_wconf 82' lang='lat' dir='ltr'>sobolis3</span> <span class='ocrx_word' id='word_1_100' title='bbox 973 1425 1047 1505; x_wconf 80' lang='lat' dir='ltr'>quio</span> <span class='ocrx_word' id='word_1_101' title='bbox 1058 1422 1142 1484; x_wconf 89' lang='lat' dir='ltr'>cadit</span> <span class='ocrx_word' id='word_1_102' title='bbox 1153 1423 1276 1496; x_wconf 84' lang='lat' dir='ltr'>ovium,</span> <span class='ocrx_word' id='word_1_103' title='bbox 1290 1433 1337 1480; x_wconf 90' lang='lat' dir='ltr'>at·</span> 
     </span>
     <span class='ocr_line' id='line_1_13' title="bbox 296 1507 1337 1597; baseline -0.009 -23"><span class='ocrx_word' id='word_1_104' title='bbox 296 1535 358 1597; x_wconf 89' lang='lat' dir='ltr'>que</span> <span class='ocrx_word' id='word_1_105' title='bbox 370 1513 501 1573; x_wconf 88' lang='lat' dir='ltr'>arietum</span> <span class='ocrx_word' id='word_1_106' title='bbox 513 1532 600 1592; x_wconf 85' lang='lat' dir='ltr'>grex,</span> <span class='ocrx_word' id='word_1_107' title='bbox 613 1525 644 1572; x_wconf 90' lang='lat' dir='ltr'>et</span> <span class='ocrx_word' id='word_1_108' title='bbox 656 1533 731 1592; x_wconf 84' lang='lat' dir='ltr'>gens</span> <span class='ocrx_word' id='word_1_109' title='bbox 744 1524 820 1572; x_wconf 86' lang='lat' dir='ltr'>tota.</span> <span class='ocrx_word' id='word_1_110' title='bbox 832 1515 942 1573; x_wconf 84' lang='lat' dir='ltr'>AEstiva</span> <span class='ocrx_word' id='word_1_111' title='bbox 958 1525 1029 1572; x_wconf 87' lang='lat' dir='ltr'>sunt</span> <span class='ocrx_word' id='word_1_112' title='bbox 1042 1513 1169 1595; x_wconf 89' lang='lat' dir='ltr'>proprie</span> <span class='ocrx_word' id='word_1_113' title='bbox 1184 1509 1267 1585; x_wconf 87' lang='lat' dir='ltr'>loca,</span> <span class='ocrx_word' id='word_1_114' title='bbox 1280 1507 1337 1566; x_wconf 92' lang='lat' dir='ltr'>ubi</span> 
     </span>
     <span class='ocr_line' id='line_1_14' title="bbox 296 1598 1337 1685; baseline -0.007 -22"><span class='ocrx_word' id='word_1_115' title='bbox 296 1607 330 1664; x_wconf 92' lang='lat' dir='ltr'>in</span> <span class='ocrx_word' id='word_1_116' title='bbox 345 1619 449 1666; x_wconf 74' lang='lat' dir='ltr'>aestate</span> <span class='ocrx_word' id='word_1_117' title='bbox 461 1617 532 1662; x_wconf 87' lang='lat' dir='ltr'>sunt</span> <span class='ocrx_word' id='word_1_118' title='bbox 544 1621 665 1683; x_wconf 65' lang='lat' dir='ltr'>gregem</span> <span class='ocrx_word' id='word_1_119' title='bbox 679 1617 846 1662; x_wconf 88' lang='lat' dir='ltr'>sumuntur</span> <span class='ocrx_word' id='word_1_120' title='bbox 859 1599 911 1662; x_wconf 91' lang='lat' dir='ltr'>hic</span> <span class='ocrx_word' id='word_1_121' title='bbox 924 1624 983 1684; x_wconf 92' lang='lat' dir='ltr'>pro</span> <span class='ocrx_word' id='word_1_122' title='bbox 998 1605 1072 1685; x_wconf 88' lang='lat' dir='ltr'>ipsis</span> <span class='ocrx_word' id='word_1_123' title='bbox 1086 1598 1246 1683; x_wconf 78' lang='lat' dir='ltr'>gregibus,</span> <span class='ocrx_word' id='word_1_124' title='bbox 1258 1617 1337 1680; x_wconf 88' lang='lat' dir='ltr'>quos</span> 
     </span>
     <span class='ocr_line' id='line_1_15' title="bbox 296 1686 1244 1773; baseline -0.007 -21"><span class='ocrx_word' id='word_1_125' title='bbox 296 1691 390 1752; x_wconf 73' lang='lat' dir='ltr'>febris</span> <span class='ocrx_word' id='word_1_126' title='bbox 402 1701 505 1751; x_wconf 82' lang='lat' dir='ltr'>aestate</span> <span class='ocrx_word' id='word_1_127' title='bbox 517 1692 638 1770; x_wconf 85' lang='lat' dir='ltr'>potius,</span> <span class='ocrx_word' id='word_1_128' title='bbox 653 1711 748 1770; x_wconf 91' lang='lat' dir='ltr'>quarn</span> <span class='ocrx_word' id='word_1_129' title='bbox 762 1688 824 1750; x_wconf 90' lang='lat' dir='ltr'>alio</span> <span class='ocrx_word' id='word_1_130' title='bbox 838 1690 949 1772; x_wconf 88' lang='lat' dir='ltr'>quovis</span> <span class='ocrx_word' id='word_1_131' title='bbox 961 1705 1102 1773; x_wconf 90' lang='lat' dir='ltr'>ternpore</span> <span class='ocrx_word' id='word_1_132' title='bbox 1114 1686 1244 1748; x_wconf 87' lang='lat' dir='ltr'>invadit.</span> 
     </span>
    </p>

    <p class='ocr_par' dir='ltr' id='par_1_6' title="bbox 297 1773 1340 2121">
     <span class='ocr_line' id='line_1_16' title="bbox 335 1773 1337 1859; baseline -0.005 -24"><span class='ocrx_word' id='word_1_133' title='bbox 335 1776 404 1859; x_wconf 72' lang='lat'>474.</span> <span class='ocrx_word' id='word_1_134' title='bbox 417 1777 565 1855; x_wconf 89' lang='lat' dir='ltr'>Congerit</span> <span class='ocrx_word' id='word_1_135' title='bbox 577 1779 610 1836; x_wconf 93' lang='lat' dir='ltr'>in</span> <span class='ocrx_word' id='word_1_136' title='bbox 623 1792 841 1856; x_wconf 77' lang='lat' dir='ltr'>argumentum</span> <span class='ocrx_word' id='word_1_137' title='bbox 854 1777 930 1838; x_wconf 83' lang='lat' dir='ltr'>dirae</span> <span class='ocrx_word' id='word_1_138' title='bbox 944 1777 1057 1852; x_wconf 87' lang='lat' dir='ltr'>cladis,</span> <span class='ocrx_word' id='word_1_139' title='bbox 1072 1797 1135 1859; x_wconf 91' lang='lat' dir='ltr'>qua</span> <span class='ocrx_word' id='word_1_140' title='bbox 1148 1773 1250 1836; x_wconf 80' lang='lat' dir='ltr'><strong>solent</strong></span> <span class='ocrx_word' id='word_1_141' title='bbox 1263 1789 1337 1831; x_wconf 82' lang='lat' dir='ltr'>oves</span> 
     </span>
     <span class='ocr_line' id='line_1_17' title="bbox 297 1859 1337 1950; baseline -0.009 -24"><span class='ocrx_word' id='word_1_142' title='bbox 297 1867 411 1950; x_wconf 89' lang='lat' dir='ltr'>perire,</span> <span class='ocrx_word' id='word_1_143' title='bbox 428 1883 498 1944; x_wconf 82' lang='lat' dir='ltr'>quae</span> <span class='ocrx_word' id='word_1_144' title='bbox 516 1878 601 1944; x_wconf 88' lang='lat' dir='ltr'>gesta</span> <span class='ocrx_word' id='word_1_145' title='bbox 621 1865 655 1922; x_wconf 92' lang='lat' dir='ltr'>in</span> <span class='ocrx_word' id='word_1_146' title='bbox 673 1864 819 1946; x_wconf 83' lang='lat' dir='ltr'>Alpibus,</span> <span class='ocrx_word' id='word_1_147' title='bbox 840 1867 969 1942; x_wconf 87' lang='lat' dir='ltr'>Norico,</span> <span class='ocrx_word' id='word_1_148' title='bbox 988 1880 1018 1926; x_wconf 91' lang='lat' dir='ltr'>et</span> <span class='ocrx_word' id='word_1_149' title='bbox 1037 1869 1229 1927; x_wconf 83' lang='lat' dir='ltr'>Venetorum</span> <span class='ocrx_word' id='word_1_150' title='bbox 1247 1859 1337 1920; x_wconf 88' lang='lat' dir='ltr'>locis.</span> 
     </span>
     <span class='ocr_line' id='line_1_18' title="bbox 297 1950 1338 2034; baseline -0.003 -22"><span class='ocrx_word' id='word_1_151' title='bbox 297 1958 521 2034; x_wconf 77' lang='lat' dir='ltr'>Argumentum</span> <span class='ocrx_word' id='word_1_152' title='bbox 540 1953 674 2030; x_wconf 89' lang='lat' dir='ltr'>petitum</span> <span class='ocrx_word' id='word_1_153' title='bbox 692 1967 736 2011; x_wconf 89' lang='lat' dir='ltr'>est</span> <span class='ocrx_word' id='word_1_154' title='bbox 754 1975 772 2012; x_wconf 90' lang='lat' dir='ltr'>a</span> <span class='ocrx_word' id='word_1_155' title='bbox 791 1951 933 2013; x_wconf 86' lang='lat' dir='ltr'>sensibus</span> <span class='ocrx_word' id='word_1_156' title='bbox 952 1955 1091 2030; x_wconf 88' lang='lat' dir='ltr'>aurium,</span> <span class='ocrx_word' id='word_1_157' title='bbox 1110 1966 1140 2012; x_wconf 89' lang='lat' dir='ltr'>et</span> <span class='ocrx_word' id='word_1_158' title='bbox 1159 1950 1338 2022; x_wconf 87' lang='lat' dir='ltr'>oculorum,</span> 
     </span>
     <span class='ocr_line' id='line_1_19' title="bbox 297 2038 1340 2121; baseline -0.003 -22"><span class='ocrx_word' id='word_1_159' title='bbox 297 2040 381 2101; x_wconf 90' lang='lat' dir='ltr'>bunc</span> <span class='ocrx_word' id='word_1_160' title='bbox 400 2043 433 2100; x_wconf 91' lang='lat' dir='ltr'>in</span> <span class='ocrx_word' id='word_1_161' title='bbox 452 2038 600 2099; x_wconf 90' lang='lat' dir='ltr'>modum:</span> <span class='ocrx_word' id='word_1_162' title='bbox 621 2041 647 2098; x_wconf 88' lang='lat' dir='ltr'>si</span> <span class='ocrx_word' id='word_1_163' title='bbox 667 2041 735 2120; x_wconf 87' lang='lat' dir='ltr'>quis</span> <span class='ocrx_word' id='word_1_164' title='bbox 754 2040 888 2114; x_wconf 84' lang='lat' dir='ltr'>audivit,</span> <span class='ocrx_word' id='word_1_165' title='bbox 907 2055 1060 2121; x_wconf 80' lang='lat' dir='ltr'>quantum</span> <span class='ocrx_word' id='word_1_166' title='bbox 1078 2041 1155 2101; x_wconf 88' lang='lat' dir='ltr'>olim</span> <span class='ocrx_word' id='word_1_167' title='bbox 1174 2039 1340 2100; x_wconf 83' lang='lat' dir='ltr'>floruerint</span> 
     </span>
    </p>
   </div>
   <div class='ocr_carea' id='block_1_5' title="bbox 287 2204 1341 4183">
    <p class='ocr_par' dir='ltr' id='par_1_7' title="bbox 287 2204 1341 4183">
     <span class='ocr_line' id='line_1_20' title="bbox 332 2204 1338 2279; baseline -0.003 -19"><span class='ocrx_word' id='word_1_168' title='bbox 332 2207 393 2276; x_wconf 69' lang='lat'><strong>468.</strong></span> <span class='ocrx_word' id='word_1_169' title='bbox 406 2205 514 2278; x_wconf 70' lang='lat' dir='ltr'>Culpam</span> <span class='ocrx_word' id='word_1_170' title='bbox 520 2207 593 2278; x_wconf 83' lang='lat' dir='ltr'>ferro</span> <span class='ocrx_word' id='word_1_171' title='bbox 602 2225 736 2279; x_wconf 79' lang='lat' dir='ltr'>compesce.</span> <span class='ocrx_word' id='word_1_172' title='bbox 747 2210 795 2260; x_wconf 82' lang='lat' dir='ltr'>At·</span> <span class='ocrx_word' id='word_1_173' title='bbox 839 2210 873 2264; x_wconf 82' lang='lat' dir='ltr'>de</span> <span class='ocrx_word' id='word_1_174' title='bbox 889 2209 958 2262; x_wconf 81' lang='lat' dir='ltr'>febri</span> <span class='ocrx_word' id='word_1_175' title='bbox 976 2206 1116 2279; x_wconf 87' lang='lat' dir='ltr'>intelligit,</span> <span class='ocrx_word' id='word_1_176' title='bbox 1133 2219 1222 2258; x_wconf 87' lang='lat' dir='ltr'>tamen</span> <span class='ocrx_word' id='word_1_177' title='bbox 1237 2204 1338 2272; x_wconf 84' lang='lat' dir='ltr'>rerba,</span> 
     </span>
     <span class='ocr_line' id='line_1_21' title="bbox 298 2283 1341 2360; baseline -0.004 -21"><span class='ocrx_word' id='word_1_178' title='bbox 298 2289 344 2360; x_wconf 87' lang='lat' dir='ltr'>qni</span> <span class='ocrx_word' id='word_1_179' title='bbox 364 2285 463 2337; x_wconf 80' lang='lat' dir='ltr'>bebere</span> <span class='ocrx_word' id='word_1_180' title='bbox 483 2284 621 2351; x_wconf 85' lang='lat' dir='ltr'>morbum,</span> <span class='ocrx_word' id='word_1_181' title='bbox 641 2285 720 2356; x_wconf 89' lang='lat' dir='ltr'>culpa</span> <span class='ocrx_word' id='word_1_182' title='bbox 740 2305 793 2338; x_wconf 90' lang='lat' dir='ltr'>non</span> <span class='ocrx_word' id='word_1_183' title='bbox 833 2290 907 2360; x_wconf 73' lang='lat' dir='ltr'>ferro</span> <span class='ocrx_word' id='word_1_184' title='bbox 918 2304 1058 2358; x_wconf 83' lang='lat' dir='ltr'>comperce,</span> <span class='ocrx_word' id='word_1_185' title='bbox 1072 2303 1125 2336; x_wconf 90' lang='lat' dir='ltr'>non</span> <span class='ocrx_word' id='word_1_186' title='bbox 1136 2283 1169 2336; x_wconf 85' lang='lat' dir='ltr'>de</span> <span class='ocrx_word' id='word_1_187' title='bbox 1179 2301 1244 2335; x_wconf 85' lang='lat' dir='ltr'>nece</span> <span class='ocrx_word' id='word_1_188' title='bbox 1256 2285 1341 2335; x_wconf 87' lang='lat' dir='ltr'>inter-</span> 
     </span>
     <span class='ocr_line' id='line_1_22' title="bbox 297 2361 1340 2439; baseline -0.007 -17"><span class='ocrx_word' id='word_1_189' title='bbox 297 2366 407 2423; x_wconf 74' lang='lat' dir='ltr'>estzsed</span> <span class='ocrx_word' id='word_1_190' title='bbox 416 2365 468 2417; x_wconf 88' lang='lat' dir='ltr'>bno</span> <span class='ocrx_word' id='word_1_191' title='bbox 478 2365 557 2432; x_wconf 85' lang='lat' dir='ltr'>dioit,</span> <span class='ocrx_word' id='word_1_192' title='bbox 567 2365 715 2418; x_wconf 84' lang='lat' dir='ltr'>occidendo</span> <span class='ocrx_word' id='word_1_193' title='bbox 726 2385 794 2433; x_wconf 81' lang='lat' dir='ltr'>eam,</span> <span class='ocrx_word' id='word_1_194' title='bbox 839 2379 973 2439; x_wconf 86' lang='lat' dir='ltr'>pretstnr;</span> <span class='ocrx_word' id='word_1_195' title='bbox 991 2367 1037 2436; x_wconf 91' lang='lat' dir='ltr'>qui</span> <span class='ocrx_word' id='word_1_196' title='bbox 1058 2361 1171 2417; x_wconf 89' lang='lat' dir='ltr'>sanandi</span> <span class='ocrx_word' id='word_1_197' title='bbox 1186 2361 1281 2414; x_wconf 86' lang='lat' dir='ltr'>modus</span> <span class='ocrx_word' id='word_1_198' title='bbox 1298 2362 1340 2415; x_wconf 85' lang='lat' dir='ltr'>illi</span> 
     </span>
     <span class='ocr_line' id='line_1_23' title="bbox 298 2439 1339 2516; baseline -0.008 -16"><span class='ocrx_word' id='word_1_199' title='bbox 298 2461 370 2500; x_wconf 86' lang='lat' dir='ltr'>tunm</span> <span class='ocrx_word' id='word_1_200' title='bbox 392 2445 498 2516; x_wconf 85' lang='lat' dir='ltr'>eulpam</span> <span class='ocrx_word' id='word_1_201' title='bbox 520 2461 672 2516; x_wconf 79' lang='lat' dir='ltr'>compesce3</span> <span class='ocrx_word' id='word_1_202' title='bbox 691 2444 720 2496; x_wconf 90' lang='lat' dir='ltr'>id</span> <span class='ocrx_word' id='word_1_203' title='bbox 739 2458 794 2511; x_wconf 82' lang='lat' dir='ltr'>est,</span> <span class='ocrx_word' id='word_1_204' title='bbox 839 2448 945 2500; x_wconf 88' lang='lat' dir='ltr'>ridetur</span> <span class='ocrx_word' id='word_1_205' title='bbox 959 2445 1084 2498; x_wconf 86' lang='lat' dir='ltr'>heroicus</span> <span class='ocrx_word' id='word_1_206' title='bbox 1101 2445 1224 2504; x_wconf 88' lang='lat' dir='ltr'>nimium;</span> <span class='ocrx_word' id='word_1_207' title='bbox 1240 2441 1287 2494; x_wconf 82' lang='lat' dir='ltr'>sed</span> <span class='ocrx_word' id='word_1_208' title='bbox 1303 2439 1339 2492; x_wconf 89' lang='lat' dir='ltr'>de</span> 
     </span>
     <span class='ocr_line' id='line_1_24' title="bbox 297 2521 1339 2600; baseline -0.005 -23"><span class='ocrx_word' id='word_1_209' title='bbox 297 2529 352 2578; x_wconf 84' lang='lat' dir='ltr'>rita</span> <span class='ocrx_word' id='word_1_210' title='bbox 368 2527 482 2589; x_wconf 80' lang='lat' dir='ltr'>crimen,</span> <span class='ocrx_word' id='word_1_211' title='bbox 499 2526 526 2575; x_wconf 91' lang='lat' dir='ltr'>in</span> <span class='ocrx_word' id='word_1_212' title='bbox 544 2522 617 2594; x_wconf 89' lang='lat' dir='ltr'>quod</span> <span class='ocrx_word' id='word_1_213' title='bbox 632 2536 710 2594; x_wconf 89' lang='lat' dir='ltr'>potes</span> <span class='ocrx_word' id='word_1_214' title='bbox 727 2525 795 2575; x_wconf 87' lang='lat' dir='ltr'>inci·</span> <span class='ocrx_word' id='word_1_215' title='bbox 839 2529 974 2600; x_wconf 86' lang='lat' dir='ltr'>sanguinis</span> <span class='ocrx_word' id='word_1_216' title='bbox 983 2521 1276 2580; x_wconf 84' lang='lat' dir='ltr'>emissioneautuleeris</span> <span class='ocrx_word' id='word_1_217' title='bbox 1285 2537 1339 2574; x_wconf 84' lang='lat' dir='ltr'>res·</span> 
     </span>
     <span class='ocr_line' id='line_1_25' title="bbox 298 2601 1338 2674; baseline -0.012 -9"><span class='ocrx_word' id='word_1_218' title='bbox 298 2605 374 2664; x_wconf 68' lang='lat' dir='ltr'>dem</span> <span class='ocrx_word' id='word_1_219' title='bbox 394 2605 430 2669; x_wconf 66' lang='lat'>⁸5,</span> <span class='ocrx_word' id='word_1_220' title='bbox 447 2601 510 2653; x_wconf 77' lang='lat' dir='ltr'>dum</span> <span class='ocrx_word' id='word_1_221' title='bbox 528 2605 574 2653; x_wconf 78' lang='lat' dir='ltr'>uni</span> <span class='ocrx_word' id='word_1_222' title='bbox 593 2604 695 2672; x_wconf 80' lang='lat' dir='ltr'>parcis,</span> <span class='ocrx_word' id='word_1_223' title='bbox 714 2602 795 2654; x_wconf 83' lang='lat' dir='ltr'>fuerit</span> <span class='ocrx_word' id='word_1_224' title='bbox 840 2610 970 2660; x_wconf 88' lang='lat' dir='ltr'>eissione:</span> <span class='ocrx_word' id='word_1_225' title='bbox 988 2608 1032 2658; x_wconf 89' lang='lat' dir='ltr'>bic</span> <span class='ocrx_word' id='word_1_226' title='bbox 1049 2605 1142 2658; x_wconf 79' lang='lat' dir='ltr'>saltem</span> <span class='ocrx_word' id='word_1_227' title='bbox 1159 2605 1263 2674; x_wconf 77' lang='lat' dir='ltr'>ineptiae</span> <span class='ocrx_word' id='word_1_228' title='bbox 1277 2601 1338 2654; x_wconf 84' lang='lat' dir='ltr'>cni·</span> 
     </span>
     <span class='ocr_line' id='line_1_26' title="bbox 298 2683 1199 2758; baseline -0.004 -23"><span class='ocrx_word' id='word_1_229' title='bbox 298 2695 369 2735; x_wconf 81' lang='lat' dir='ltr'>totus</span> <span class='ocrx_word' id='word_1_230' title='bbox 376 2699 440 2753; x_wconf 82' lang='lat' dir='ltr'>grex</span> <span class='ocrx_word' id='word_1_231' title='bbox 449 2684 504 2750; x_wconf 85' lang='lat' dir='ltr'>ejus</span> <span class='ocrx_word' id='word_1_232' title='bbox 515 2683 673 2752; x_wconf 84' lang='lat' dir='ltr'>contagione</span> <span class='ocrx_word' id='word_1_233' title='bbox 681 2698 794 2752; x_wconf 85' lang='lat' dir='ltr'>corrup-</span> <span class='ocrx_word' id='word_1_234' title='bbox 838 2706 901 2758; x_wconf 87' lang='lat' dir='ltr'>pum</span> <span class='ocrx_word' id='word_1_235' title='bbox 916 2704 970 2738; x_wconf 91' lang='lat' dir='ltr'>non</span> <span class='ocrx_word' id='word_1_236' title='bbox 985 2685 1101 2738; x_wconf 80' lang='lat' dir='ltr'>admisit.</span> <span class='ocrx_word' id='word_1_237' title='bbox 1117 2685 1144 2738; x_wconf 83' lang='lat' dir='ltr'>V</span> <span class='ocrx_word' id='word_1_238' title='bbox 1143 2719 1150 2733; x_wconf 87' lang='lat'><strong>·</strong></span> <span class='ocrx_word' id='word_1_239' title='bbox 1169 2684 1199 2734; x_wconf 89' lang='lat' dir='ltr'>G.</span> 
     </span>
     <span class='ocr_line' id='line_1_27' title="bbox 297 2758 1338 2836; baseline 0.002 -23"><span class='ocrx_word' id='word_1_240' title='bbox 297 2776 350 2814; x_wconf 82' lang='lat' dir='ltr'>tus.</span> <span class='ocrx_word' id='word_1_241' title='bbox 366 2762 434 2813; x_wconf 87' lang='lat' dir='ltr'>Sero.</span> <span class='ocrx_word' id='word_1_242' title='bbox 448 2789 483 2798; x_wconf 89' lang='lat'><em>-</em></span> <span class='ocrx_word' id='word_1_243' title='bbox 493 2758 678 2824; x_wconf 74' lang='lat' dir='ltr'>ortmostdus,</span> <span class='ocrx_word' id='word_1_244' title='bbox 691 2761 793 2826; x_wconf 86' lang='lat' dir='ltr'>Cerda‚</span> <span class='ocrx_word' id='word_1_245' title='bbox 874 2767 933 2836; x_wconf 76' lang='grc'>469.</span> <span class='ocrx_word' id='word_1_246' title='bbox 947 2767 1087 2816; x_wconf 75' lang='lat' dir='ltr'>incautum</span> <span class='ocrx_word' id='word_1_247' title='bbox 1102 2762 1198 2834; x_wconf 70' lang='lat' dir='ltr'>volgus.</span> <span class='ocrx_word' id='word_1_248' title='bbox 1213 2760 1294 2826; x_wconf 89' lang='lat' dir='ltr'>Quod</span> <span class='ocrx_word' id='word_1_249' title='bbox 1308 2779 1338 2815; x_wconf 84' lang='lat' dir='ltr'>se</span> 
     </span>
     <span class='ocr_line' id='line_1_28' title="bbox 298 2838 1338 2913; baseline -0.002 -21"><span class='ocrx_word' id='word_1_250' title='bbox 298 2855 618 2910; x_wconf 82' lang='lat' dir='ltr'>eorumqnesuecessorrs</span> <span class='ocrx_word' id='word_1_251' title='bbox 628 2838 702 2890; x_wconf 87' lang='lat' dir='ltr'>nulio</span> <span class='ocrx_word' id='word_1_252' title='bbox 712 2839 793 2891; x_wconf 90' lang='lat' dir='ltr'>modo</span> <span class='ocrx_word' id='word_1_253' title='bbox 839 2845 956 2896; x_wconf 88' lang='lat' dir='ltr'>morbosi</span> <span class='ocrx_word' id='word_1_254' title='bbox 979 2844 1084 2913; x_wconf 83' lang='lat' dir='ltr'>pecoris</span> <span class='ocrx_word' id='word_1_255' title='bbox 1108 2841 1268 2912; x_wconf 81' lang='lat' dir='ltr'>contagione</span> <span class='ocrx_word' id='word_1_256' title='bbox 1291 2840 1338 2891; x_wconf 86' lang='lat' dir='ltr'>sb-</span> 
     </span>
     <span class='ocr_line' id='line_1_29' title="bbox 287 2915 1338 2988; baseline -0.005 -13"><span class='ocrx_word' id='word_1_257' title='bbox 287 2921 421 2975; x_wconf 81' lang='lat' dir='ltr'>·viderunt</span> <span class='ocrx_word' id='word_1_258' title='bbox 434 2916 572 2988; x_wconf 80' lang='lat' dir='ltr'>Virgilium</span> <span class='ocrx_word' id='word_1_259' title='bbox 581 2915 795 2970; x_wconf 85' lang='lat' dir='ltr'>biesibitransi-</span> <span class='ocrx_word' id='word_1_260' title='bbox 839 2924 935 2974; x_wconf 86' lang='lat' dir='ltr'>stinere</span> <span class='ocrx_word' id='word_1_261' title='bbox 959 2938 1012 2972; x_wconf 92' lang='lat' dir='ltr'>non</span> <span class='ocrx_word' id='word_1_262' title='bbox 1032 2921 1114 2970; x_wconf 87' lang='lat' dir='ltr'>norit.</span> <span class='ocrx_word' id='word_1_263' title='bbox 1134 2919 1204 2970; x_wconf 81' lang='lat' dir='ltr'>Sera.</span> <span class='ocrx_word' id='word_1_264' title='bbox 1220 2947 1254 2960; x_wconf 86' lang='lat'>-·</span> <span class='ocrx_word' id='word_1_265' title='bbox 1271 2918 1338 2970; x_wconf 77' lang='lat' dir='ltr'>Dim</span> 
     </span>
     <span class='ocr_line' id='line_1_30' title="bbox 297 2995 1338 3074; baseline -0.005 -19"><span class='ocrx_word' id='word_1_266' title='bbox 297 2995 795 3066; x_wconf 76' lang='lat' dir='ltr'>turnieeisseadunirerroepestisdes·</span> <span class='ocrx_word' id='word_1_267' title='bbox 837 3001 965 3074; x_wconf 66' lang='lat' dir='ltr'>contagio.</span> <span class='ocrx_word' id='word_1_268' title='bbox 990 3000 1040 3050; x_wconf 83' lang='lat' dir='ltr'>Pro</span> <span class='ocrx_word' id='word_1_269' title='bbox 1064 3017 1096 3050; x_wconf 87' lang='lat' dir='ltr'>eo</span> <span class='ocrx_word' id='word_1_270' title='bbox 1120 2996 1191 3048; x_wconf 82' lang='lat' dir='ltr'>mala</span> <span class='ocrx_word' id='word_1_271' title='bbox 1216 2997 1338 3069; x_wconf 70' lang='lat' dir='ltr'>contagia</span> 
     </span>
     <span class='ocr_line' id='line_1_31' title="bbox 297 3077 1337 3152; baseline -0.009 -16"><span class='ocrx_word' id='word_1_272' title='bbox 297 3077 795 3152; x_wconf 81' lang='lat' dir='ltr'>eriptionent,quumomnisrevocent</span> <span class='ocrx_word' id='word_1_273' title='bbox 838 3080 893 3134; x_wconf 79' lang='lat' dir='ltr'>Eoi.</span> <span class='ocrx_word' id='word_1_274' title='bbox 913 3083 939 3146; x_wconf 88' lang='lat'>1,</span> <span class='ocrx_word' id='word_1_275' title='bbox 961 3085 1008 3145; x_wconf 85' lang='lat'>51,</span> <span class='ocrx_word' id='word_1_276' title='bbox 1028 3079 1074 3131; x_wconf 92' lang='lat' dir='ltr'>ubi</span> <span class='ocrx_word' id='word_1_277' title='bbox 1095 3077 1195 3130; x_wconf 84' lang='lat' dir='ltr'>dietum</span> <span class='ocrx_word' id='word_1_278' title='bbox 1214 3078 1337 3128; x_wconf 85' lang='lat' dir='ltr'>usitatius</span> 
     </span>
     <span class='ocr_line' id='line_1_32' title="bbox 298 3155 1335 3234; baseline -0.006 -20"><span class='ocrx_word' id='word_1_279' title='bbox 298 3160 333 3214; x_wconf 88' lang='lat' dir='ltr'>ad</span> <span class='ocrx_word' id='word_1_280' title='bbox 343 3159 453 3224; x_wconf 84' lang='lat' dir='ltr'>febrim,</span> <span class='ocrx_word' id='word_1_281' title='bbox 466 3167 645 3227; x_wconf 72' lang='lat' dir='ltr'>censerintque</span> <span class='ocrx_word' id='word_1_282' title='bbox 654 3158 710 3226; x_wconf 83' lang='lat' dir='ltr'>ejus</span> <span class='ocrx_word' id='word_1_283' title='bbox 723 3157 794 3208; x_wconf 91' lang='lat' dir='ltr'>indi·</span> <span class='ocrx_word' id='word_1_284' title='bbox 839 3155 1335 3234; x_wconf 74' lang='lat' dir='ltr'>dicicontaqium:undeHorsr&#39;Epod</span> 
     </span>
     <span class='ocr_line' id='line_1_33' title="bbox 298 3234 1336 3309; baseline -0.007 -17"><span class='ocrx_word' id='word_1_285' title='bbox 298 3242 341 3292; x_wconf 89' lang='lat' dir='ltr'>eia</span> <span class='ocrx_word' id='word_1_286' title='bbox 358 3238 402 3291; x_wconf 89' lang='lat' dir='ltr'>bic</span> <span class='ocrx_word' id='word_1_287' title='bbox 422 3237 578 3288; x_wconf 86' lang='lat' dir='ltr'>enumerari.</span> <span class='ocrx_word' id='word_1_288' title='bbox 599 3237 632 3286; x_wconf 86' lang='lat' dir='ltr'>Hi</span> <span class='ocrx_word' id='word_1_289' title='bbox 649 3234 795 3308; x_wconf 72' lang='lat' dir='ltr'>predicant</span> <span class='ocrx_word' id='word_1_290' title='bbox 838 3240 1000 3306; x_wconf 76' lang='lat' dir='ltr'>XV1,nulla</span> <span class='ocrx_word' id='word_1_291' title='bbox 1012 3250 1106 3292; x_wconf 74' lang='lat' dir='ltr'>nocent</span> <span class='ocrx_word' id='word_1_292' title='bbox 1112 3237 1197 3309; x_wconf 80' lang='lat' dir='ltr'>pecori</span> <span class='ocrx_word' id='word_1_293' title='bbox 1206 3237 1336 3307; x_wconf 69' lang='lat' dir='ltr'>contagia,-</span> 
     </span>
     <span class='ocr_line' id='line_1_34' title="bbox 296 3315 1336 3392; baseline -0.003 -22"><span class='ocrx_word' id='word_1_294' title='bbox 296 3318 400 3372; x_wconf 77' lang='lat' dir='ltr'>febrem</span> <span class='ocrx_word' id='word_1_295' title='bbox 418 3317 554 3388; x_wconf 82' lang='lat' dir='ltr'>sanguinis</span> <span class='ocrx_word' id='word_1_296' title='bbox 575 3317 715 3368; x_wconf 84' lang='lat' dir='ltr'>emissione</span> <span class='ocrx_word' id='word_1_297' title='bbox 736 3333 794 3368; x_wconf 84' lang='lat' dir='ltr'>esre</span> <span class='ocrx_word' id='word_1_298' title='bbox 838 3333 865 3372; x_wconf 88' lang='lat' dir='ltr'>et</span> <span class='ocrx_word' id='word_1_299' title='bbox 883 3339 916 3372; x_wconf 90' lang='lat' dir='ltr'>ne</span> <span class='ocrx_word' id='word_1_300' title='bbox 938 3333 1077 3392; x_wconf 83' lang='lat' dir='ltr'>proserpat</span> <span class='ocrx_word' id='word_1_301' title='bbox 1098 3318 1155 3369; x_wconf 84' lang='lat' dir='ltr'>lues</span> <span class='ocrx_word' id='word_1_302' title='bbox 1174 3315 1208 3367; x_wconf 89' lang='lat' dir='ltr'>ad</span> <span class='ocrx_word' id='word_1_303' title='bbox 1228 3333 1336 3387; x_wconf 83' lang='lat' dir='ltr'>gregem</span> 
     </span>
     <span class='ocr_line' id='line_1_35' title="bbox 295 3394 1335 3462; baseline -0.006 -10"><span class='ocrx_word' id='word_1_304' title='bbox 295 3396 458 3462; x_wconf 75' lang='lat' dir='ltr'>curandam,</span> <span class='ocrx_word' id='word_1_305' title='bbox 475 3407 501 3448; x_wconf 89' lang='lat' dir='ltr'>et</span> <span class='ocrx_word' id='word_1_306' title='bbox 517 3394 689 3448; x_wconf 86' lang='lat' dir='ltr'>nibilominus</span> <span class='ocrx_word' id='word_1_307' title='bbox 706 3397 795 3449; x_wconf 83' lang='lat' dir='ltr'>existi·</span> <span class='ocrx_word' id='word_1_308' title='bbox 826 3401 1004 3460; x_wconf 79' lang='lat' dir='ltr'>universum,</span> <span class='ocrx_word' id='word_1_309' title='bbox 1024 3397 1171 3451; x_wconf 85' lang='lat' dir='ltr'>cavendum</span> <span class='ocrx_word' id='word_1_310' title='bbox 1193 3413 1266 3460; x_wconf 83' lang='lat' dir='ltr'>esse,</span> <span class='ocrx_word' id='word_1_311' title='bbox 1287 3395 1335 3448; x_wconf 85' lang='lat' dir='ltr'>iiio</span> 
     </span>
     <span class='ocr_line' id='line_1_36' title="bbox 298 3475 1286 3549; baseline -0.006 -19"><span class='ocrx_word' id='word_1_312' title='bbox 298 3490 372 3530; x_wconf 87' lang='lat' dir='ltr'>mant</span> <span class='ocrx_word' id='word_1_313' title='bbox 388 3495 463 3540; x_wconf 85' lang='lat' dir='ltr'>earn,</span> <span class='ocrx_word' id='word_1_314' title='bbox 478 3475 633 3544; x_wconf 81' lang='lat' dir='ltr'>priusquam</span> <span class='ocrx_word' id='word_1_315' title='bbox 648 3477 794 3547; x_wconf 85' lang='lat' dir='ltr'>irrumpat,</span> <span class='ocrx_word' id='word_1_316' title='bbox 838 3478 898 3529; x_wconf 88' lang='lat' dir='ltr'>loco</span> <span class='ocrx_word' id='word_1_317' title='bbox 911 3481 1059 3549; x_wconf 79' lang='lat' dir='ltr'>expositum</span> <span class='ocrx_word' id='word_1_318' title='bbox 1071 3477 1186 3529; x_wconf 88' lang='lat' dir='ltr'>memini.</span> <span class='ocrx_word' id='word_1_319' title='bbox 1199 3475 1286 3526; x_wconf 84' lang='lat' dir='ltr'>Emm.</span> 
     </span>
     <span class='ocr_line' id='line_1_37' title="bbox 297 3553 1336 3626; baseline -0.003 -19"><span class='ocrx_word' id='word_1_320' title='bbox 297 3575 363 3608; x_wconf 85' lang='lat' dir='ltr'>nece</span> <span class='ocrx_word' id='word_1_321' title='bbox 381 3553 605 3606; x_wconf 77' lang='lat' dir='ltr'>antevertendum.</span> <span class='ocrx_word' id='word_1_322' title='bbox 622 3553 647 3604; x_wconf 90' lang='grc' dir='ltr'><strong>Ο</strong></span> <span class='ocrx_word' id='word_1_323' title='bbox 664 3555 795 3605; x_wconf 76' lang='lat' dir='ltr'>insulsiu-</span> <span class='ocrx_word' id='word_1_324' title='bbox 873 3557 934 3626; x_wconf 68' lang='lat'><em>47²·</em></span> <span class='ocrx_word' id='word_1_325' title='bbox 956 3555 1022 3606; x_wconf 84' lang='lat' dir='ltr'>Tota</span> <span class='ocrx_word' id='word_1_326' title='bbox 1042 3555 1135 3608; x_wconf 76' lang='lat' dir='ltr'>estivo.</span> <span class='ocrx_word' id='word_1_327' title='bbox 1155 3555 1226 3605; x_wconf 86' lang='lat' dir='ltr'>Loca</span> <span class='ocrx_word' id='word_1_328' title='bbox 1244 3555 1336 3624; x_wconf 82' lang='lat' dir='ltr'>posuit</span> 
     </span>
     <span class='ocr_line' id='line_1_38' title="bbox 299 3630 1336 3704; baseline 0 -22"><span class='ocrx_word' id='word_1_329' title='bbox 299 3636 364 3686; x_wconf 88' lang='lat' dir='ltr'>rem!</span> <span class='ocrx_word' id='word_1_330' title='bbox 384 3633 556 3701; x_wconf 85' lang='lat' dir='ltr'>prognostica</span> <span class='ocrx_word' id='word_1_331' title='bbox 577 3632 684 3680; x_wconf 90' lang='lat' dir='ltr'>omnino</span> <span class='ocrx_word' id='word_1_332' title='bbox 702 3630 736 3681; x_wconf 82' lang='lat' dir='ltr'>ab</span> <span class='ocrx_word' id='word_1_333' title='bbox 753 3631 794 3684; x_wconf 87' lang='lat' dir='ltr'>his</span> <span class='ocrx_word' id='word_1_334' title='bbox 838 3652 888 3704; x_wconf 88' lang='lat' dir='ltr'>pro</span> <span class='ocrx_word' id='word_1_335' title='bbox 897 3634 1063 3686; x_wconf 79' lang='lat' dir='ltr'>animalibus.</span> <span class='ocrx_word' id='word_1_336' title='bbox 1070 3635 1169 3686; x_wconf 82' lang='lat' dir='ltr'>AEstivo</span> <span class='ocrx_word' id='word_1_337' title='bbox 1178 3645 1265 3684; x_wconf 87' lang='lat' dir='ltr'>autem</span> <span class='ocrx_word' id='word_1_338' title='bbox 1273 3643 1336 3684; x_wconf 85' lang='lat' dir='ltr'>sunt</span> 
     </span>
     <span class='ocr_line' id='line_1_39' title="bbox 297 3707 1336 3786; baseline 0.002 -26"><span class='ocrx_word' id='word_1_339' title='bbox 297 3711 403 3765; x_wconf 79' lang='lat' dir='ltr'>diversa</span> <span class='ocrx_word' id='word_1_340' title='bbox 411 3707 483 3778; x_wconf 87' lang='lat' dir='ltr'>apud</span> <span class='ocrx_word' id='word_1_341' title='bbox 492 3709 651 3771; x_wconf 82' lang='lat' dir='ltr'>Varronem,</span> <span class='ocrx_word' id='word_1_342' title='bbox 662 3708 795 3764; x_wconf 84' lang='lat' dir='ltr'>Columel-</span> <span class='ocrx_word' id='word_1_343' title='bbox 839 3713 899 3766; x_wconf 84' lang='lat' dir='ltr'>loca</span> <span class='ocrx_word' id='word_1_344' title='bbox 910 3714 1049 3780; x_wconf 83' lang='lat' dir='ltr'>umbrosa,</span> <span class='ocrx_word' id='word_1_345' title='bbox 1059 3715 1086 3766; x_wconf 92' lang='lat' dir='ltr'>in</span> <span class='ocrx_word' id='word_1_346' title='bbox 1096 3714 1192 3786; x_wconf 88' lang='lat' dir='ltr'>quibus</span> <span class='ocrx_word' id='word_1_347' title='bbox 1203 3730 1250 3782; x_wconf 88' lang='lat' dir='ltr'>per</span> <span class='ocrx_word' id='word_1_348' title='bbox 1259 3724 1336 3762; x_wconf 79' lang='lat' dir='ltr'>esta-</span> 
     </span>
     <span class='ocr_line' id='line_1_40' title="bbox 297 3788 1333 3863; baseline -0.008 -14"><span class='ocrx_word' id='word_1_349' title='bbox 297 3796 366 3857; x_wconf 90' lang='lat' dir='ltr'>lam,</span> <span class='ocrx_word' id='word_1_350' title='bbox 376 3788 518 3860; x_wconf 76' lang='lat' dir='ltr'>Didymurn</span> <span class='ocrx_word' id='word_1_351' title='bbox 530 3790 713 3850; x_wconf 86' lang='lat' dir='ltr'>nominantur;</span> <span class='ocrx_word' id='word_1_352' title='bbox 725 3791 796 3844; x_wconf 75' lang='lat' dir='ltr'>scili-</span> <span class='ocrx_word' id='word_1_353' title='bbox 838 3805 892 3845; x_wconf 86' lang='lat' dir='ltr'>tem</span> <span class='ocrx_word' id='word_1_354' title='bbox 908 3811 1007 3863; x_wconf 89' lang='lat' dir='ltr'>peoora</span> <span class='ocrx_word' id='word_1_355' title='bbox 1022 3797 1107 3846; x_wconf 81' lang='lat' dir='ltr'>vitent</span> <span class='ocrx_word' id='word_1_356' title='bbox 1123 3793 1191 3845; x_wconf 85' lang='lat' dir='ltr'>Solis</span> <span class='ocrx_word' id='word_1_357' title='bbox 1208 3791 1333 3844; x_wconf 87' lang='lat' dir='ltr'>calorem.</span> 
     </span>
     <span class='ocr_line' id='line_1_41' title="bbox 297 3865 1336 3944; baseline -0.004 -19"><span class='ocrx_word' id='word_1_358' title='bbox 297 3886 353 3939; x_wconf 86' lang='lat' dir='ltr'>cet,</span> <span class='ocrx_word' id='word_1_359' title='bbox 371 3888 401 3922; x_wconf 83' lang='lat' dir='ltr'>os</span> <span class='ocrx_word' id='word_1_360' title='bbox 417 3868 509 3930; x_wconf 84' lang='lat' dir='ltr'>hians,</span> <span class='ocrx_word' id='word_1_361' title='bbox 525 3865 613 3918; x_wconf 77' lang='lat' dir='ltr'>sativa</span> <span class='ocrx_word' id='word_1_362' title='bbox 629 3865 726 3934; x_wconf 75' lang='lat' dir='ltr'>fimus,</span> <span class='ocrx_word' id='word_1_363' title='bbox 743 3870 793 3922; x_wconf 86' lang='lat' dir='ltr'>ba·</span> <span class='ocrx_word' id='word_1_364' title='bbox 825 3871 950 3939; x_wconf 56' lang='lat' dir='ltr'>‘Statium</span> <span class='ocrx_word' id='word_1_365' title='bbox 962 3876 999 3925; x_wconf 84' lang='lat' dir='ltr'>Et</span> <span class='ocrx_word' id='word_1_366' title='bbox 1010 3874 1120 3926; x_wconf 81' lang='lat' dir='ltr'>umbrosi</span> <span class='ocrx_word' id='word_1_367' title='bbox 1132 3881 1238 3944; x_wconf 80' lang='lat' dir='ltr'>patuere</span> <span class='ocrx_word' id='word_1_368' title='bbox 1249 3871 1336 3924; x_wconf 73' lang='lat' dir='ltr'>estiva</span> 
     </span>
     <span class='ocr_line' id='line_1_42' title="bbox 298 3946 1016 4023; baseline -0.006 -17"><span class='ocrx_word' id='word_1_369' title='bbox 298 3955 360 4006; x_wconf 84' lang='lat' dir='ltr'>litus</span> <span class='ocrx_word' id='word_1_370' title='bbox 372 3950 488 4003; x_wconf 83' lang='lat' dir='ltr'>brevitas</span> <span class='ocrx_word' id='word_1_371' title='bbox 501 3961 526 3998; x_wconf 89' lang='lat' dir='ltr'>et</span> <span class='ocrx_word' id='word_1_372' title='bbox 541 3946 685 4017; x_wconf 72' lang='lat' dir='ltr'>rapiditate,</span> <span class='ocrx_word' id='word_1_373' title='bbox 699 3949 794 4001; x_wconf 84' lang='lat' dir='ltr'>oeulo—</span> <span class='ocrx_word' id='word_1_374' title='bbox 838 3953 932 4023; x_wconf 72' lang='lat' dir='ltr'>Lycei.</span> <span class='ocrx_word' id='word_1_375' title='bbox 944 3953 1016 4005; x_wconf 86' lang='lat' dir='ltr'>Serv.</span> 
     </span>
     <span class='ocr_line' id='line_1_43' title="bbox 299 4027 1336 4106; baseline -0.013 -16"><span class='ocrx_word' id='word_1_376' title='bbox 299 4055 358 4091; x_wconf 83' lang='lat' dir='ltr'>rum</span> <span class='ocrx_word' id='word_1_377' title='bbox 374 4035 510 4106; x_wconf 74' lang='lat' dir='ltr'>lacrymae,</span> <span class='ocrx_word' id='word_1_378' title='bbox 526 4031 658 4101; x_wconf 71' lang='lat' dir='ltr'>tonusque</span> <span class='ocrx_word' id='word_1_379' title='bbox 673 4033 793 4102; x_wconf 87' lang='lat' dir='ltr'>eorporis</span> <span class='ocrx_word' id='word_1_380' title='bbox 874 4030 934 4100; x_wconf 77' lang='grc'>474.</span> <span class='ocrx_word' id='word_1_381' title='bbox 952 4031 1114 4093; x_wconf 76' lang='lat' dir='ltr'>Terruerint,</span> <span class='ocrx_word' id='word_1_382' title='bbox 1128 4028 1209 4080; x_wconf 80' lang='lat' dir='ltr'>aerias</span> <span class='ocrx_word' id='word_1_383' title='bbox 1222 4027 1297 4097; x_wconf 78' lang='lat' dir='ltr'>Alpis</span> <span class='ocrx_word' id='word_1_384' title='bbox 1309 4038 1336 4078; x_wconf 86' lang='lat' dir='ltr'>et</span> 
     </span>
     <span class='ocr_line' id='line_1_44' title="bbox 299 4105 1332 4183; baseline -0.011 -14"><span class='ocrx_word' id='word_1_385' title='bbox 299 4109 794 4183; x_wconf 72' lang='lat' dir='ltr'>incendiumssenmamquibaecetiam</span> <span class='ocrx_word' id='word_1_386' title='bbox 838 4111 935 4169; x_wconf 80' lang='lat' dir='ltr'>Norica</span> <span class='ocrx_word' id='word_1_387' title='bbox 948 4111 969 4166; x_wconf 80' lang='lat' dir='ltr'>ri</span> <span class='ocrx_word' id='word_1_388' title='bbox 983 4111 1048 4183; x_wconf 72' lang='lat' dir='ltr'>quir.</span> <span class='ocrx_word' id='word_1_389' title='bbox 1064 4112 1160 4164; x_wconf 81' lang='lat' dir='ltr'>Sensus</span> <span class='ocrx_word' id='word_1_390' title='bbox 1176 4105 1220 4161; x_wconf 84' lang='lat' dir='ltr'>bio</span> <span class='ocrx_word' id='word_1_391' title='bbox 1236 4117 1293 4159; x_wconf 83' lang='lat' dir='ltr'>est:</span> <span class='ocrx_word' id='word_1_392' title='bbox 1310 4111 1332 4158; x_wconf 85' lang='lat' dir='ltr'>si</span> 
     </span>
    </p>
   </div>
   <div class='ocr_carea' id='block_1_6' title="bbox 0 0 1504 4670">
    <p class='ocr_par' dir='ltr' id='par_1_8' title="bbox 0 0 1504 4670">
     <span class='ocr_line' id='line_1_45' title="bbox 0 0 1504 4670; baseline 0 0"><span class='ocrx_word' id='word_1_393' title='bbox 0 0 1504 4670; x_wconf 95' lang='lat' dir='ltr'> </span> 
     </span>
    </p>
   </div>
  </div>
 </body>
</html>
