2986 4694
625 385 773 486 ClRl'S.
1044 469 1046 473 Ι
1165 395 1223 459 113

224 510 657 604 Haeoloquitttr3mollique
669 529 707 577 ut
718 535 754 578 se
765 511 887 578 velerit
896 516 1034 599 amictu,
1184 533 1229 581 250

180 619 380 708 Frigidulam
393 620 512 710 injecta
524 617 707 696 circumdat
718 635 810 684 reste
822 619 981 709 puellam,

178 725 261 808 Quae
271 727 362 816 prius
375 727 409 792 in
421 729 513 792 tenui
524 742 662 792 steterat
672 727 839 791 succincto
851 747 984 792 corona.

179 830 296 898 Dulcia
308 831 430 898 deinde
442 833 534 921 genis
547 832 734 897 rorantibus
747 830 859 897 oscula
872 833 991 920 figens,

179 938 394 1028 Persequitur
404 941 533 1005 misorae
543 959 676 1006 mussas
687 940 861 1028 exquirere
874 939 974 1020 tnhis3

178 1044 248 1109 Nec
260 1060 371 1111 temen
382 1061 459 1110 ente
470 1043 553 1110 ullos
566 1047 690 1133 patitur
701 1045 764 1111 sihi
777 1043 918 1110 reddere
931 1066 1043 1127 voces,
1186 1063 1229 1112 255

180 1151 406 1217 Marmoreum
420 1151 774 1240 tremebundn·pedom
787 1173 887 1241 quom
900 1153 1028 1218 rettulit
1039 1155 1133 1219 intro.

182 1257 241 1324 llla
252 1277 378 1340 autem,
396 1258 508 1342 uQuid
521 1281 611 1324 nuno
623 1281 691 1338 me,
706 1259 828 1350 inquit,
842 1261 1021 1340 nutricula,
1035 1263 1190 1354 torques?

179 1363 268 1447 Quid
281 1383 409 1430 tantum
422 1387 581 1453 properas
594 1381 725 1430 nostros
738 1367 876 1430 neusse
882 1367 1031 1434 furores?

180 1473 255 1536 Non
268 1493 330 1559 ego
342 1487 503 1535 consueto
515 1470 709 1536 mortalibus
722 1493 802 1536 uror
812 1493 941 1552 amore,

179 1577 248 1641 Nec
260 1575 342 1640 mihi
355 1593 511 1641 notorum
523 1574 706 1643 deflectunt
717 1577 843 1642 lumina
857 1577 979 1658 voltus,
1186 1591 1231 1640 ²60

177 1745 310 1806 conjicere,
324 1761 337 1790 s
351 1744 455 1808 equales,
468 1742 491 1790 h.
505 1763 526 1792 e.
543 1743 645 1809 squalor.
658 1746 693 1791 De
709 1748 807 1794 veritate
825 1758 903 1794 tamen
916 1749 1036 1810 scripturn
1052 1749 1082 1793 its
1100 1763 1148 1794 nou
1161 1750 1234 1812 msqis

176 1815 356 1861 commovetur
367 1814 423 1860 edit.
435 1814 499 1877 apud
508 1815 621 1862 inensem
633 1813 648 1859 l.
661 1831 681 1860 c.
692 1813 866 1874 hehebstrilt'u,
874 1831 916 1862 ms.
925 1817 1023 1865 llelmtt.
1036 1827 1058 1863 et
1066 1822 1155 1874 sconia,
1167 1818 1232 1882 quod

176 1884 207 1931 sd
220 1889 315 1932 scortum
327 1884 418 1932 alludit.
437 1887 484 1933 Nec
499 1897 576 1936 terneo
593 1903 622 1934 eo
636 1886 810 1934 deveniendum
826 1901 875 1935 erst
894 1902 984 1951 poetic,
1004 1903 1030 1936 ut
1047 1889 1110 1936 cales
1122 1889 1163 1936 tsli
1175 1906 1232 1936 voce

176 1965 299 2011 utentum
316 1969 408 2018 poterat
424 1959 486 2002 eninr
499 1957 619 2004 scrihere:
636 1955 677 2002 toli
694 1956 806 2004 urescere
820 1967 905 2021 peste,
917 1957 959 2004 tali
975 1957 1097 2023 &crescere
1114 1960 1171 2005 tube.
1191 1961 1235 2006 Vir

178 2025 262 2073 doctus
274 2027 341 2072 illisu.
353 2027 419 2074 Ohss.
430 2029 476 2083 tv,
488 2044 512 2090 p.
526 2027 572 2074 313
580 2027 687 2074 tenuhst
695 2044 751 2074 curo
760 2027 798 2074 vel
808 2033 885 2084 sestius
896 2043 954 2075 sum
963 2045 1060 2093 queque
1071 2031 1149 2076 licius.
1161 2041 1184 2076 ct
1195 2031 1233 2075 lo.

179 2096 302 2146 Sohrsdsr.
313 2100 345 2146 Es
355 2098 391 2145 his
400 2115 457 2146 vcro
465 2099 599 2162 corruptele
611 2101 653 2147 ists
664 2101 741 2145 enasci
752 2101 789 2146 cis
798 2103 884 2162 potuit.
893 2101 980 2147 Verum
993 2103 1089 2147 omnino
1098 2114 1160 2146 totus
1169 2100 1236 2147 locus

178 2169 235 2216 inde
247 2185 261 2216 s
274 2169 316 2226 sdr
330 2185 343 2215 1
354 2171 443 2216 seriore
454 2184 527 2217 manu
540 2173 612 2216 venit.
621 2192 653 2208 ι·
663 2173 714 2217 15ο.
726 2172 768 2216 Vir
781 2169 864 2217 doctus
879 2171 987 2218 intldise.
999 2171 1066 2218 Olus.
1082 2171 1135 2217 Vol.
1151 2172 1195 2226 lV,
1209 2183 1234 2232 p·

177 2239 221 2288 323
235 2242 339 2288 tentsbst
349 2257 355 2288 :
367 2250 393 2287 ut
406 2257 430 2288 sc
440 2241 551 2298 sisebutis,
564 2242 603 2290 vel
617 2240 681 2289 molli
691 2252 716 2288 ut
727 2258 751 2290 se
764 2241 892 2288 devolavit:
908 2257 961 2288 nem
973 2245 1089 2290 nutricem
1104 2243 1235 2288 detesctunt

177 2312 346 2360 suis1humecis
361 2325 454 2375 tegmen
470 2313 556 2376 puellm
573 2315 689 2376 injeci-e.
708 2315 787 2361 lleote.
805 2315 890 2360 Annon
906 2329 963 2361 sero
978 2317 1013 2360 sic
1024 2316 1103 2359 nutris
1120 2317 1169 2376 ipss
1186 2325 1236 2359 erat

177 2381 271 2430 velsts't'
281 2386 357 2446 Ergo:
370 2398 396 2431 ut
409 2385 449 2432 ills
463 2399 514 2432 esst
527 2398 591 2433 veste
603 2389 701 2440 smicts,
714 2385 817 2448 puellam
833 2385 963 2431 circumdat
977 2401 1012 2432 es.
1028 2387 1053 2431 Sl
1070 2384 1129 2447 quid
1138 2397 1236 2432 moten-

178 2452 250 2510 dunt
262 2453 337 2516 legans
353 2454 437 2501 uitem
449 2454 543 2502 veliti-ut.
557 2455 605 2502 Sed
620 2455 702 2502 uelauit
718 2455 814 2502 delendi
825 2467 918 2518 potest,
932 2455 998 2518 quud
1008 2457 1117 2518 presenti
1129 2464 1236 2516 tempore

176 2524 265 2580 utimr,
281 2523 413 2570 cucurtdct.
428 2527 452 2570 si
467 2525 622 2572 circumdolat
637 2528 733 2582 luisset,
747 2527 880 2572 nsceusrio
893 2524 1008 2572 wlaverut
1021 2525 1194 2588 requirebatur.
1205 2549 1236 2560 -

177 2595 229 2640 251.
247 2594 330 2640 mtrem
348 2604 408 2641 veste
424 2599 516 2642 Arcem.
536 2595 631 2658 legeret.
640 2621 672 2634 -
683 2597 736 2643 151.
754 2595 811 2654 Quo
823 2597 890 2658 prius
904 2599 927 2641 irs
941 2598 1005 2642 tenui
1016 2603 1110 2641 steterat
1122 2597 1237 2641 sueoimts

175 2679 266 2711 corona.
279 2665 394 2729 Equidem
409 2678 483 2712 totum
495 2681 586 2714 versum
597 2667 714 2714 subletum
727 2665 796 2712 velint
811 2678 922 2730 tanquam
934 2677 1037 2713 assuttun
1049 2667 1124 2728 inepti
1134 2664 1237 2711 hominis

176 2735 417 2798 interpretamentum.
434 2737 544 2783 Coruum
560 2753 589 2784 ec
600 2733 699 2790 srsosiss
714 2751 758 2800 pro
769 2736 876 2799 strophio
890 2736 976 2783 dictsm
991 2750 1041 2782 esse
1057 2750 1125 2798 posse
1138 2734 1237 2796 putsbst

179 2804 298 2868 Scaliger,
317 2823 370 2854 mos
386 2810 497 2854 cinctutis
512 2805 627 2872 strophio,
644 2823 693 2854 oon
707 2809 761 2854 sstis
778 2806 877 2854 latinum
894 2821 943 2854 csse
962 2805 1058 2862 videns,
1075 2813 1190 2852 crocotcm
1208 2819 1237 2850 es

180 2877 275 2940 ingenio
290 2880 423 2927 substituit:
437 2883 477 2928 Est
488 2896 544 2927 ssnc
559 2897 585 2928 en
598 2880 720 2926 muliebris
731 2881 816 2936 vestis,
832 2878 874 2925 sed
889 2877 953 2941 palla
967 2880 1068 2941 pretiose
1084 2889 1107 2923 et
1123 2878 1237 2940 opipara,

180 2966 226 3014 qun
236 2953 260 3006 in
274 2950 379 3015 publico,
391 2955 483 3016 quoties
492 2953 628 3016 prodirent,
641 2967 688 2999 uste
697 2965 751 2998 sunt
760 2950 853 3014 puellm,
865 2953 903 2997 ris
913 2953 936 2996 in
947 2950 1058 3007 thslsmo,
1069 2965 1141 3012 quum
1152 2963 1165 2992 e
1175 2947 1238 2993 lecto

181 3035 310 3084 surgerent.
325 3023 405 3069 Manet
420 3023 507 3072 deinde
524 3023 562 3072 sel
575 3026 608 3071 sic
624 3023 664 3069 illa
679 3023 815 3070 scabrities:
833 3025 856 3067 t'u
872 3025 935 3068 tenui
948 3026 1063 3068 succincto
1078 3029 1167 3066 croc-ota
1175 3038 1183 3073 ‚·
1196 3019 1238 3064 etsi

178 3092 247 3153 jungi
262 3109 328 3154 posse
340 3093 426 3140 video:
441 3096 515 3142 stabat
529 3099 553 3141 in
566 3097 632 3142 tenni
646 3107 754 3150 cruente,
771 3095 896 3140 succincta.
907 3094 1021 3140 Defendit
1036 3106 1113 3139 tamen
1125 3089 1238 3150 Scaligeri

181 3175 278 3206 acumen
293 3161 417 3208 Ruhnken.
430 3163 459 3209 sd
472 3166 557 3212 Vellei.
572 3182 625 3228 paq.
642 3165 694 3226 347.
712 3167 837 3211 Contarcn.
852 3165 906 3209 Ver.
920 3165 984 3210 Lect-
997 3164 1012 3211 8
1025 3163 1163 3223 distinguit:
1180 3159 1240 3217 Quoe

179 3233 244 3292 prius
255 3235 278 3276 in
293 3237 354 3278 tersui
365 3242 471 3291 steterut,
485 3239 598 3282 succt'ncto
610 3251 708 3291 corona,
723 3236 748 3282 h.
762 3234 882 3298 strophio,
900 3239 923 3280 in
936 3238 999 3282 tenui
1010 3241 1078 3279 veste.
1096 3232 1143 3278 Sed
1154 3242 1239 3292 parurn

181 3301 227 3347 hoo
239 3317 287 3348 rem
304 3304 406 3365 expedit.
419 3310 483 3367 prius
500 3315 525 3350 ut
538 3307 592 3352 edd.
608 3317 663 3352 vett.
678 3319 733 3353 sntc
745 3305 861 3352 Aldinsm.
871 3329 903 3341 -
913 3305 966 3361 254.
980 3306 1129 3368 Prosequitur
1144 3300 1237 3349 Aldins.

179 3371 283 3420 Alterum
299 3375 487 3434 hemistichium,
504 3393 596 3424 caussas
612 3380 730 3441 exquirere
744 3377 810 3434 tult's,
826 3380 911 3423 iterum
928 3377 1093 3439 inquinatum:
1109 3375 1158 3421 sive
1173 3371 1239 3418 enim

179 3457 273 3490 caussas
285 3443 352 3500 tales,
362 3461 403 3492 seu
414 3461 467 3492 cunt
479 3447 573 3492 Barthio
583 3451 670 3494 misero
680 3446 731 3493 tulis
738 3449 839 3509 junqss,
849 3458 976 3509 utrumque
986 3445 1106 3490 inficetum
1116 3455 1158 3490 est.
1169 3441 1238 3487 lisud

181 3514 253 3562 dubie
266 3517 309 3562 luit
323 3517 395 3564 ubis.-
406 3532 430 3565 et
445 3522 477 3565 sie
490 3520 560 3566 rideo
571 3521 646 3566 virum
659 3519 755 3565 doctum
767 3521 792 3564 in
804 3519 869 3564 Misc.
883 3518 950 3564 Olus.
965 3516 1019 3564 Vol.
1034 3518 1078 3572 IV,
1092 3533 1115 3578 p.
1131 3515 1176 3562 325
1191 3513 1237 3559 du·

182 3586 238 3633 dutn
248 3589 391 3650 conjecisse3
403 3591 483 3653 sicque
494 3591 573 3635 Heius.
585 3591 708 3651 Repetitur
721 3601 798 3634 temen
811 3586 867 3633 tubis
876 3589 946 3634 nimis
959 3603 986 3634 er
996 3590 1131 3650 propinquo
1140 3601 1172 3630 rs.
1183 3581 1238 3644 ²49·

181 3657 237 3705 Mos
246 3661 399 3706 Marmoreum
407 3662 487 3723 ped-m
495 3662 524 3708 cf.
537 3663 578 3708 Ge.
591 3663 637 3718 tv,
651 3661 704 3707 513.
715 3685 746 3696 -
755 3661 807 3722 ²⁵7·
820 3660 881 3719 Quid
889 3677 923 3705 mr
936 3663 1007 3724 inquit
1016 3659 1085 3704 Aldd.
1097 3659 1177 3704 lleins.
1191 3671 1237 3703 om·

185 3729 247 3788 Quid
258 3732 294 3778 io!
308 3747 357 3788 me,
370 3735 447 3797 inquit.
461 3733 528 3779 Ovid.
541 3733 614 3793 Quid,
626 3737 661 3790 io,
667 3733 732 3797 fretu
745 3731 810 3796 lonyu
823 3741 933 3796 pererrat.

218 3873 279 3927 150.
290 3878 378 3948 thue
392 3877 558 3950 ipsasriliret
571 3877 680 3945 Carme,
763 3875 821 3931 156,
845 3877 993 3950 interrogat
1017 3895 1075 3928 eom
1101 3873 1234 3943 simulque

185 3957 281 4008 amicto
295 3951 350 4009 ernl
361 3959 434 4011 molli
447 3975 527 4012 veste.
540 3961 610 4011 Nota
624 3963 680 4012 for·
727 3962 795 4010 intra
804 3959 956 4011 culrioulurn
966 3957 1084 4010 reducitz
1094 3959 1127 4006 ri.
1139 3971 1198 4006 111.

184 4053 227 4110 nro
239 4036 360 4103 dicendi,
373 4057 422 4110 pro
436 4043 578 4110 quonium,
596 4059 683 4112 quan·
769 4039 827 4092 160.
838 4039 968 4088 Natorum
980 4035 1081 4099 vultus,
1094 4053 1149 4094 uon
1163 4033 1232 4096 noti,

184 4111 337 4186 doquidem.
503 4175 505 4180 ,
729 4120 821 4184 smioi,
844 4111 986 4189 deflectunt
1005 4113 1116 4166 lumina.
1137 4115 1181 4164 Ait
1202 4131 1233 4166 se
