2918 4682
300 361 363 428 522
625 357 1006 426 COMMENTARIA

337 488 387 568 69.
401 488 486 548 Dicit
504 489 536 547 in
555 483 616 546 boc
634 486 763 567 negotio
783 505 864 567 saepe
883 505 1042 547 occurrere
1060 505 1173 548 vaccas
1188 485 1386 551 inhabiles

295 573 361 657 jam
371 575 506 650 foeturoe,
519 597 653 659 quarum
662 594 793 658 corpora
801 574 1011 656 permutanda
1020 590 1115 636 erunt
1126 596 1204 638 cusa
1216 581 1386 660 vegetio·

298 663 397 726 ribus.
410 664 484 726 ldeo
496 667 668 741 concludit,
686 683 810 746 semper
822 663 1039 740 reficiendam,
1059 679 1089 726 st
1103 667 1383 728 restaurandam

298 751 452 829 sobolem,
465 757 543 837 quin
554 753 805 833 anticipandam,
816 765 846 813 et
855 752 1125 834 praeveniendam,
1135 775 1174 815 ac
1184 755 1292 816 velut
1308 777 1381 816 sor-

298 841 356 901 tito
374 861 471 904 novos
491 857 595 904 muros
611 843 782 926 quotannis
799 841 968 902 mittendos
985 843 1018 901 in
1038 859 1224 905 armentum
1246 865 1378 906 vaoea·

298 947 385 1001 rum3
400 928 460 992 boc
474 933 558 992 enirn
570 931 631 992 nisi
645 930 714 1006 liat,
726 929 850 990 soboles
861 926 923 989 ibit
936 949 1073 1011 pessum.

339 1038 387 1100 72.
400 1021 474 1080 Post
489 1021 642 1083 delectum
655 1039 830 1095 vaccarum,
842 1020 956 1079 transit
965 1017 1003 1078 ad
1013 1017 1170 1080 delectum
1181 1041 1375 1101 equorum.

299 1103 346 1166 lta
361 1129 434 1170 vero
447 1111 491 1170 ait
500 1131 567 1171 rem
578 1107 854 1183 considerandam,
865 1121 902 1168 ut
913 1108 1018 1167 statim
1031 1129 1048 1167 a
1062 1105 1175 1190 primis
1188 1111 1301 1170 annis
1317 1107 1375 1169 ad-

298 1191 447 1258 hibeatur
462 1220 538 1262 cura
552 1201 687 1260 maxima
705 1219 779 1259 cum
794 1197 857 1259 illis
869 1197 981 1279 pullis,
998 1199 1053 1279 qui
1068 1195 1220 1257 servandi
1244 1197 1292 1257 ad
1312 1197 1371 1257 ad-

300 1288 462 1349 missuram
482 1311 648 1372 equarum:
670 1286 797 1370 quarfflo
816 1307 853 1348 ex
872 1284 1056 1370 parentibus
1072 1289 1204 1369 optimis
1226 1288 1370 1348 exsistet

300 1375 421 1437 soboles
433 1380 552 1460 optima
564 1401 571 1437 ι
591 1378 753 1440 submittere
764 1375 816 1437 bic
830 1388 888 1450 est,
903 1373 1057 1435 destinare
1071 1375 1110 1434 ad
1125 1374 1366 1436 admissuram.

340 1464 389 1544 75.
402 1466 541 1548 decingit
555 1487 588 1526 se
602 1467 641 1527 ad
656 1463 828 1526 narrandas
841 1477 934 1524 notas
947 1463 1033 1524 illius
1044 1464 1133 1544 equi,
1145 1465 1202 1545 qui
1218 1481 1295 1524 esse
1312 1463 1366 1524 de·

268 1595 272 1602 -
299 1550 373 1612 beat
391 1553 605 1632 admissarius,
626 1575 703 1639 quas
722 1575 796 1616 sane
814 1567 905 1614 notas
925 1573 1022 1634 equus
1041 1549 1160 1634 prabet
1179 1573 1244 1633 per
1264 1553 1364 1613 initia

302 1644 410 1704 artatis.
419 1645 672 1706 Considerandus
682 1665 755 1706 vero
766 1643 860 1719 ordo,
870 1663 963 1724 quem
972 1643 1006 1701 in
1017 1662 1050 1702 re
1058 1639 1119 1701 bac
1130 1654 1241 1702 teneat
1249 1657 1361 1724 poeta.

301 1727 410 1813 ltaque
425 1737 662 1813 generositatem
677 1735 856 1816 incipientis
868 1729 948 1815 pulli
963 1729 1084 1812 colligit
1096 1730 1135 1790 ab
1147 1730 1303 1807 lncessu,
1319 1729 1360 1792 ab

301 1817 455 1896 Audacia,
467 1842 485 1880 a
497 1823 625 1898 Forma,
639 1845 657 1882 a
670 1822 797 1897 Colore,
817 1817 857 1881 ab
872 1819 1001 1881 ardore.
1021 1819 1161 1880 lucessus
1175 1839 1247 1880 esse
1262 1818 1360 1880 debet

301 1907 410 1982 altior,
429 1921 549 1970 etcum
568 1908 658 1971 molli
678 1911 829 1992 quadam,
850 1929 884 1970 ac
899 1907 984 1970 facili
1001 1923 1128 1968 crurum
1144 1907 1356 1988 repositione.

299 1996 437 2056 Audacia
449 1999 522 2058 inde
530 1997 703 2080 colligitur,
713 1999 798 2079 quod
809 2001 931 2082 primus
941 1997 1086 2058 omnium
1095 1999 1180 2056 nam
1189 2011 1352 2078 capessat,

301 2085 414 2145 fluvios
426 2090 631 2166 transmittat,
644 2104 675 2150 st
687 2103 816 2172 pontem
827 2087 932 2164 illam,
945 2105 1041 2170 quem
1055 2104 1220 2170 nunquam
1232 2087 1351 2168 ῒθίὶεὶίί

301 2252 407 2322 dicens,
420 2257 545 2315 advenire
555 2262 695 2331 morbum,
712 2279 801 2314 senec-
845 2259 938 2332 preire
945 2258 1142 2332 vestigiaSero.
1153 2281 1187 2296 —-
1199 2256 1249 2307 llis
1258 2253 1351 2309 affinia

300 2340 398 2406 mem,
409 2351 530 2393 mortens.
543 2343 612 2396 Serv.
844 2339 891 2392 illa
899 2340 1013 2392 Varron.
1023 2339 1144 2390 llellust.
1154 2337 1181 2386 ll
1187 2352 1222 2406 ,7
1235 2356 1242 2386 :
1259 2359 1271 2382 ι
1280 2335 1349 2407 Equi

333 2429 380 2485 7⁰·
400 2419 507 2491 Semper
524 2423 592 2473 mira
613 2420 693 2496 refice.
713 2421 799 2474 Vacat
845 2417 934 2471 «boni
953 2418 1035 2470 furari
1054 2417 1130 2488 sigua
1148 2415 1266 2478 sunt,si
1286 2433 1348 2468 cun

301 2495 389 2548 mim.-
404 2510 468 2551 sans
478 2497 543 2552 dicit
560 2513 620 2554 ante
636 2501 798 2553 subvenien·
844 2495 1019 2571 «gregalibus
1032 2497 1060 2546 in
1075 2489 1178 2566 pabulo
1190 2492 1347 2555 contendit,

302 2572 366 2624 dara
379 2591 452 2640 csse,
464 2589 496 2628 ut
512 2591 799 2651 antequampereant,
843 2593 859 2625 'a
871 2579 899 2630 in
912 2575 1063 2643 currendo,
1077 2573 1162 2627 aliare
1173 2591 1218 2638 re,
1234 2589 1288 2645 qao
1297 2593 1346 2647 po·

302 2666 460 2722 reparentur
480 2669 607 2710 ammata.
624 2659 693 2711 sev.
706 2685 741 2698 -—
752 2660 801 2710 lle·
846 2658 923 2710 atior
937 2659 972 2710 sit
983 2677 989 2706 =
1002 2657 1039 2721 si,
1050 2669 1134 2726 qaum
1151 2647 1248 2705 flumen
1259 2665 1345 2706 aare

229 2783 231 2790 ,
301 2731 394 2802 tultus.
410 2733 447 2784 Ει
460 2729 553 2790 Graeco
571 2739 662 2803 fonte,
675 2755 738 2790 nam
751 2739 801 2790 bs·
847 2735 991 2788 «hundam
1000 2747 1040 2789 est
1049 2735 1136 2808 gregi,
1146 2734 1173 2785 'rc
1184 2733 1276 2804 primia
1282 2749 1343 2804 pro·

302 2812 449 2864 tirtorerbo
458 2816 566 2887 requiro,
575 2818 802 2888 omninorespon·
848 2833 860 2862 a
870 2813 1037 2888 gredimr,ac
1044 2829 1097 2864 ncn
1107 2821 1241 2883 respectat
1247 2811 1320 2863 alios.
1329 2835 1339 2858 ι

301 2887 472 2944 detGructraa
480 2895 672 2962 (emineticmsi
681 2895 800 2969 simplex.
845 2895 878 2946 tit
887 2891 1041 2947 Columella
1051 2893 1101 2956 Vl,
1116 2907 1167 2962 29:
1183 2891 1270 2942 ·0um
1277 2909 1340 2942 vero

338 2985 381 3040 72.
391 2973 438 3025 Est
451 2973 519 3026 idern
533 2975 639 3028 dilectus
650 2977 752 3049 equino.
765 2979 802 3029 Ut
848 2987 948 3028 «natur
961 2986 1001 3027 est
1009 2971 1100 3046 pullas
1109 3009 1117 3038 ,
1127 2969 1267 3022 confestim
1279 2967 1339 3022 licet

302 3045 421 3104 babeam
433 3065 529 3107 matres
540 3055 664 3127 optimas.
678 3057 746 3108 Sem.
848 3053 990 3107 «indolem
1003 3053 1148 3116 estimare,
1165 3046 1300 3114 sibilatis,
1316 3051 1336 3101 si

338 3131 379 3199 73-
400 3133 434 3184 Ῐπ
456 3147 526 3207 spem
547 3145 639 3188 nubem
658 3135 802 3188 submittere
848 3131 1034 3206 aintrepidus;
1049 3132 1170 3201 sineque
1182 3139 1335 3200 conspecta,

301 3212 392 3283 gentis.
403 3209 434 3264 ld
442 3227 499 3282 est,
511 3217 619 3287 quosvis
630 3213 800 3269 admissarios
847 3230 997 3284 uncaeque
1011 3213 1050 3264 rei
1067 3209 1160 3263 auditu
1176 3219 1297 3270 terretur;
1314 3209 1334 3260 si

302 3285 368 3340 fiet-i.
381 3290 511 3346 ¹Notandn
528 3310 592 3348 sane
607 3297 738 3368 exquisita
753 3313 801 3347 aa·
847 3305 931 3347 sante
945 3309 1051 3366 gregem
1065 3289 1214 3361 procurrit3
1231 3287 1252 3338 si
1263 3285 1334 3338 lasei-

302 3368 401 3433 rietas;
416 3389 478 3425 nam
491 3376 518 3424 in
529 3373 617 3427 bobus
629 3387 727 3428 matres
739 3387 801 3427 ante
847 3375 930 3439 avis,
947 3385 976 3425 et
991 3371 1145 3434 alacritate,
1166 3365 1291 3419 interdurn
1309 3379 1333 3417 et

303 3445 467 3521 descripsit:
490 3454 518 3504 ln
537 3455 612 3524 equis
634 3454 802 3507 admissarius
845 3471 950 3506 ¹scursa
958 3447 1182 3520 cenansaqcales
1190 3457 1333 3518 suupera13

300 3539 365 3580 ante
374 3543 572 3584 commemorat.
583 3533 653 3585 Sero.
849 3557 862 3581 ι
871 3535 893 3586 si
908 3534 1007 3584 fossam
1019 3531 1076 3582 sine
1088 3527 1254 3582 cunctatione
1266 3538 1330 3577 tran·

340 3605 381 3672 76.
392 3606 479 3661 Altius
490 3610 638 3682 inpreditur.
652 3609 720 3661 Cum
733 3613 804 3664 canl·
849 3611 939 3676 «silit,
956 3621 1067 3682 pontem
1087 3607 1236 3678 flumenque
1254 3619 1328 3657 trans-

302 3683 404 3736 tatione
415 3685 529 3756 qaadarn
541 3687 648 3740 incedit.
657 3689 803 3744 s.-1trot-
848 3689 968 3744 «cendit.
981 3689 1042 3742 llec
1054 3699 1132 3742 erum
1143 3685 1246 3739 bonesti
1255 3685 1327 3737 anni

303 3761 353 3828 tta,
367 3779 417 3834 pro
431 3763 545 3818 mobilia.
558 3766 710 3838 Xenophon
717 3771 802 3822 utitur
848 3771 1038 3823 «commenta.
1051 3793 1062 3817 ι
1077 3768 1159 3836 Quod
1170 3767 1203 3820 de
1217 3767 1281 3818 fossa
1292 3777 1326 3818 at·

303 3841 386 3894 verbo
394 3837 570 3910 «lapidarias
578 3844 611 3898 de
619 3865 714 3919 gruum
722 3849 801 3902 turba
845 3853 903 3924 tigit
915 3849 1079 3917 Columella,
1090 3850 1165 3922 prior
1175 3845 1325 3918 llenopbon,

304 3921 389 3975 duit:
408 3945 420 3970 a
433 3923 535 3997 Perque
550 3925 642 3979 labam
661 3943 759 4002 repant
773 3943 800 3982 et
843 3928 947 4000 σι’φρους
958 3932 1085 3998 ὑιηὸᾆνι
1099 3927 1186 3981 Cende.

306 4026 318 4050 ι
327 4002 420 4056 mollia
429 4021 503 4057 omre
516 4017 649 4078 reponam.
664 4031 675 4055 ι
691 4009 723 4064 V.
736 4009 770 4062 G.
881 4009 1324 4085 78.19notcpouti.Perquemnan·

341 4099 382 4153 77.
397 4081 500 4138 Primus
517 4096 541 4138 rt
557 4086 594 4140 ire
611 4087 688 4140 cum.
708 4089 800 4143 blattis
845 4107 927 4166 qum
935 4083 1322 4146 cannensem-routh
