2970 4714
242 347 285 412 88
610 345 920 412 PROOEMIUM

240 471 380 560 recepti,
404 468 555 535 nonnulli
576 471 652 535 satis
673 472 793 559 arguti,
816 471 871 536 alii
893 494 932 536 ex
953 469 1114 538 similibus
1134 487 1290 538 veterum

239 593 414 666 poetarum
429 576 510 642 locis
522 579 652 644 retracti
664 578 716 644 vel
729 577 930 661 adumbrati3
946 599 1011 668 qua
1026 578 1069 643 de
1082 600 1118 644 re
1133 597 1232 668 supra
1244 577 1290 642 ad

240 683 387 748 Culicem
409 682 533 748 dictuin
556 699 614 748 eet.
636 685 781 750 Accessit
799 684 861 749 alia
882 683 1061 764 calamitas,
1082 701 1120 749 nt
1140 683 1289 750 carmina

238 788 294 853 illa
310 811 371 876 per
388 788 483 877 plura
501 789 618 855 saecula
634 793 746 879 ignota
760 807 793 855 et
807 791 934 881 sepulta
946 791 1107 881 jacerent,
1128 807 1162 854 et
1179 789 1287 853 utrix

239 919 344 962 unum
354 898 552 962 velaltcrum
561 899 729 988 exemplar
734 897 776 964 ad
785 917 929 964 nostram
940 915 1069 964 aetateni
1080 897 1286 988 pervenirem

241 1002 332 1091 quod
355 1027 430 1069 cum
453 1003 601 1070 obscuris
620 1004 891 1094 fugientibusque
907 1005 1010 1070 literis
1027 1003 1141 1070 oculos
1159 1001 1287 1066 librarii

239 1110 799 1200 recentioris,autetiamoperarum
810 1111 1132 1202 typographicamm,
1142 1109 1283 1188 falleret,
1373 1199 1382 1208 .

238 1217 440 1305 corruptelas
453 1217 595 1282 inlinitas
610 1218 725 1282 inferri
740 1239 875 1284 necesse
889 1219 962 1284 fuit.

282 1323 479 1414 Conspirant
498 1322 608 1414 itaque
625 1325 658 1388 in
676 1325 872 1414 corruptelis
890 1323 1052 1390 editiones
1067 1323 1138 1388 lere
1152 1341 1284 1399 omnes,

237 1453 300 1495 nec
311 1454 328 1495 a
340 1430 430 1496 libris
441 1431 584 1519 scriptis,
597 1431 654 1519 qui
666 1447 699 1494 et
708 1453 847 1496 numero
857 1431 1056 1519 paucissimi,
1068 1446 1111 1508 et,
1123 1443 1284 1517 quantum

235 1536 395 1625 intelligo,
405 1557 521 1602 omnes
529 1537 823 1615 recentioressunt,
832 1537 989 1600 auxilium
998 1534 1179 1624 exspectari
1186 1553 1285 1620 posse

236 1641 377 1706 videtur.
398 1644 466 1707 Nic.
489 1641 643 1706 Heinsius
663 1641 696 1704 in
720 1641 858 1730 epistola
876 1640 919 1706 ad
937 1641 1111 1706 Octavium
1129 1639 1286 1704 Falcone-

237 1751 325 1812 rium
338 1749 472 1826 latetur,
489 1748 571 1812 Ciris
582 1747 748 1835 exemplar
758 1747 820 1812 sibi
830 1747 961 1812 nullum
971 1745 1125 1812 evolvere
1136 1744 1284 1822 licuisse,

236 1869 313 1917 ante
329 1869 434 1920 artem
451 1853 720 1943 typographicam
735 1854 905 1918 inventam
924 1851 1136 1941 descriptum.
1155 1848 1286 1915 Evolvit

237 1973 347 2022 tamen
367 1958 422 2024 ille
440 1977 555 2047 postca
574 1982 633 2025 ms.
652 1959 887 2040 Basileensem,
905 1975 961 2024 aut
975 1959 1155 2023 variantem
1169 1954 1285 2020 lectio·

236 2087 314 2127 nem
337 2088 375 2129 ex
397 2049 601 2154 concerpit,
622 2082 767 2132 attamen
789 2082 821 2130 et
842 2066 897 2130 ille
919 2066 982 2130 fuit
1003 2064 1211 2140 chartaceus,
1233 2075 1283 2138 et,

238 2187 398 2259 quantum
415 2170 577 2260 intelligo,
593 2173 626 2236 in
638 2170 1002 2260 corruptelasvulgares
1012 2169 1137 2260 ubique
1148 2188 1286 2232 consen-

237 2277 285 2342 tit.
307 2276 420 2342 Ahfuit
437 2277 519 2344 Ciris
536 2299 555 2342 a
571 2280 677 2369 prima
694 2277 821 2366 Virgilii
842 2274 1001 2357 editions,
1020 2276 1081 2342 etsi
1099 2297 1137 2340 ea
1156 2273 1285 2336 minora

236 2384 363 2473 Virgilii
384 2383 547 2472 poematia
564 2385 809 2473 complectitur,
829 2383 965 2450 accessit
983 2405 1063 2448 vero
1085 2383 1119 2446 in
1137 2382 1286 2444 Romana

238 2489 359 2554 altera:
376 2488 441 2553 vid.
456 2492 641 2554 Recensum
656 2489 732 2554 edd.
749 2488 783 2554 h.
801 2513 829 2554 a.
847 2489 976 2554 Omissa
993 2487 1072 2553 hinc
1086 2485 1128 2552 ab
1142 2485 1228 2563 aliis,
1244 2481 1286 2548 ab

238 2593 308 2658 aliis
324 2591 458 2656 addita:
474 2593 515 2657 cf.
536 2595 710 2658 Fontanin.
727 2595 811 2660 Hist.
830 2593 878 2658 lit.
900 2593 1042 2683 Aquilai.
1059 2616 1092 2680 p.
1113 2593 1164 2672 4ο.
1184 2591 1285 2654 Enan

237 2720 309 2761 rare
320 2720 391 2761 eam
403 2697 709 2785 primusaggressus
721 2715 770 2764 est
779 2700 944 2764 Domitius
955 2697 1149 2764 Calderinus
1160 2696 1193 2760 in
1205 2693 1283 2760 edit.

237 2805 320 2866 Ven.
340 2803 421 2884 1483
434 2826 495 2890 per
507 2804 684 2891 Baptistam
694 2802 737 2867 de
747 2806 872 2882 Tortis,
884 2805 963 2869 hinc
977 2804 1073 2893 1489,
1089 2805 1185 2891 1491,
1203 2802 1284 2888 1491

238 2926 271 2973 11
283 2909 324 2972 11.
338 2909 452 2973 Paullo
465 2908 595 2974 doctior
605 2911 846 2975 commentator
857 2913 1015 2978 successit
1025 2912 1042 2975 1
1047 2909 1133 2974 uliue
1146 2911 1286 2994 Pompo·

237 3014 312 3078 nius
322 3013 476 3094 Sabinus,
490 3015 773 3081 commentariisa.
790 3017 871 3098 1486
882 3016 1032 3106 vulgatis,
1044 3031 1077 3080 et
1092 3013 1184 3100 1519,
1203 3013 1285 3094 1544

236 3119 382 3210 hincque
400 3121 433 3185 in
449 3117 525 3185 cdd.
540 3121 685 3186 Henrico
701 3123 838 3212 petrinis
850 3123 998 3213 repetitis
1013 3144 1019 3184 :
1035 3136 1107 3185 tum
1118 3117 1286 3205 copiosior

237 3244 479 3293 commentator
487 3227 663 3292 Ascensius
673 3250 702 3293 1.
720 3229 815 3307 1500,
834 3227 914 3296 1505
927 3244 960 3292 11
968 3227 1010 3292 al.
1020 3223 1173 3291 Tandem
1186 3222 1284 3286 etiam

237 3334 346 3401 critica
361 3357 476 3400 manus
488 3335 639 3415 accessit,
654 3355 760 3425 eaque
772 3334 833 3399 viri
845 3335 966 3400 summi
979 3335 999 3397 J
1002 3330 1117 3421 osephi
1130 3327 1284 3414 Scaligeri

236 3442 271 3503 in
292 3438 483 3528 Appendice
502 3440 682 3528 Virgiliana
706 3438 811 3529 Lugd.
840 3440 938 3529 15733
962 3437 1081 3502 multas
1102 3434 1157 3499 1111
1174 3431 1285 3497 attulit

238 3541 485 3608 emendationes
496 3545 681 3631 praeclaros,
697 3547 775 3612 alias
786 3545 990 3622 durissimas,
1007 3540 1182 3606 nonnullas
1192 3559 1285 3626 pror·
1331 3563 1333 3568 ·

237 3671 293 3714 1111
308 3669 374 3710 non
391 3646 553 3713 ferendas.
570 3651 744 3716 Lectiones
759 3652 830 3741 ejus
845 3667 878 3715 et
892 3647 1180 3738 interpretationes
1195 3665 1285 3707 recc-

236 3757 286 3845 pit
301 3775 414 3818 omnes
427 3752 679 3834 Taubmannus‚
696 3758 746 3819 vir
760 3756 891 3836 doctus,
908 3756 980 3844 qui,
998 3750 1090 3844 quod
1104 3771 1203 3838 supra
1213 3747 1284 3839 jam

238 3859 392 3936 diximus,
408 3857 598 3924 exsiliorum
609 3857 736 3949 judicio
750 3878 838 3926 totus
850 3858 1031 3949 pendebat,
1048 3878 1109 3922 suo
1123 3855 1282 3945 parcenti

236 3966 366 4044 solitus,
384 3963 470 4032 edita
485 3963 553 4029 Ciri
565 3986 594 4029 1.
614 3965 705 4032 1618.
723 3967 786 4030 Vix
797 3949 848 4031 bis
861 3982 953 4031 terve
965 3961 1135 4032 Batthiuut
1147 3981 1288 4047 compa-¹
