2986 4694
545 319 861 418 olrannum?
1154 361 1212 448 173

172 481 287 546 Victor
297 477 403 558 adest,
416 477 528 566 magui
540 499 697 566 maguum
709 474 811 542 decus
823 497 900 542 ecce
912 477 1081 569 triumphi.

216 587 345 666 Victor,
360 607 425 676 qua
436 601 548 663 terrae,
563 606 694 674 quaque
706 598 821 671 patent
832 583 948 664 maria,

176 691 317 757 Horrida
330 691 507 757 barbaricae
519 705 655 779 portans
667 689 805 777 insignia
817 711 950 778 pugnae,

216 801 357 887 Magnus
369 815 406 863 ut
416 791 582 876 OEuidee,
596 813 700 886 utque
713 794 876 884 superbus
889 797 989 886 Eryx3

173 905 241 969 Nec
253 906 362 969 minus
374 903 499 970 idcirco
511 919 641 968 nostros
654 923 847 990 expromere
860 918 974 966 cautus

216 1011 392 1090 Maximus,
406 1025 440 1075 et
451 1007 580 1075 sanctos
593 1007 712 1095 digitus
724 1008 808 1071 inire
820 1005 950 1072 choros.

173 1117 245 1181 Hoc
257 1117 367 1207 itaque
380 1117 516 1181 insuetis
524 1115 632 1205 jactor
643 1114 759 1200 magis,
773 1113 913 1200 optime,
927 1112 1032 1178 curis:

216 1220 305 1302 Quid
318 1219 361 1285 de
374 1237 407 1286 te
419 1221 545 1310 possim
557 1217 716 1299 scribere,
732 1216 854 1308 quidve
865 1217 935 1282 tibi.

171 1327 335 1415 Namque,
349 1323 478 1390 fatebor
489 1325 593 1403 enim,
607 1345 682 1412 quas
694 1324 833 1387 maxima
846 1321 1040 1388 deterrendi

215 1430 355 1509 Debuit,
368 1427 525 1494 hortandi
537 1429 676 1492 maxima
688 1449 801 1492 caussa
813 1427 887 1492 fuit.

172 1538 278 1600 Pauca
290 1550 346 1600 tua
358 1535 392 1599 iu
405 1551 532 1599 nostras
544 1550 707 1600 venerunt
719 1531 1018 1612 ominaomina,

215 1641 367 1706 Carmina
382 1663 458 1706 cum
470 1642 597 1730 lingua,
610 1659 682 1706 tum
694 1641 761 1705 sale
773 1641 943 1730 Cecropio.

170 1841 307 1894 Lusitania
321 1840 388 1911 (ass.
404 1843 434 1909 dt
450 1859 508 1916 sqq.
524 1841 672 1913 tumst),
718 1841 772 1895 dits
784 1861 865 1914 quum
874 1856 953 1896 antea
963 1841 1110 1916 legeretur:
1124 1842 1217 1896 AEnei-

171 1933 218 1972 aut
229 1921 256 1972 iu
269 1919 376 1975 alterius
390 1922 525 1995 triumpho
538 1925 607 1976 inter
618 1924 672 1994 pri·
717 1922 776 1992 desf,
790 1923 914 1974 AEnt'des.
929 1923 1004 1974 Voss.
1020 1920 1079 1974 cod.
1093 1923 1214 1976 Eonides.

169 2015 227 2051 mos
249 1999 329 2052 duces
348 1999 481 2054 laureatos
505 2004 671 2068 incessisset,
716 2002 860 2069 Quomodo
871 2001 1013 2055 Diomedes
1024 2001 1058 2054 ad
1068 2002 1217 2075 triumpha-

172 2079 282 2150 autipse
290 2081 459 2133 exParthinis
467 2080 669 2152 triumphasset:
716 2080 768 2133 lem
787 2099 914 2154 pompam
933 2079 1121 2134 declarandam
1138 2095 1216 2154 aptus

171 2158 244 2228 quod
256 2161 281 2212 ei
298 2176 321 2211 a.
340 2161 372 2212 U.
386 2179 408 2212 e.
425 2161 476 2230 715
488 2160 529 2231 (a.
542 2162 603 2212 Vita
611 2161 672 2212 Vir·
716 2164 750 2212 sit
760 2199 768 2228 ‚
780 2180 834 2214 nou
847 2162 929 2233 magis
939 2160 1068 2234 intelligo,
1076 2180 1155 2232 quam
1169 2180 1217 2215 au·

169 2237 226 2308 gilii
242 2256 270 2309 p.
290 2257 350 2290 ann.
369 2239 422 2312 dig.
440 2239 467 2290 b.
486 2240 527 2311 a.)
545 2239 666 2312 adeoque
712 2240 746 2293 de
765 2241 839 2312 Eryx
858 2241 912 2293 buc
933 2241 1021 2293 veniat
1040 2263 1045 2292 :
1067 2259 1146 2313 quem
1162 2241 1214 2296 hoe

168 2333 223 2368 non
233 2320 284 2370 nisi
295 2319 389 2390 viginti
402 2319 443 2370 vel
458 2319 531 2390 quod
546 2337 668 2372 excurre-
712 2339 794 2371 uuum
804 2319 964 2386 nobilitavit,
974 2320 1144 2392 quod‚quum
1154 2320 1216 2373 bos·

164 2396 215 2447 bat
234 2415 316 2449 annos
334 2409 417 2464 nato,
434 2401 552 2470 contigit.
574 2401 667 2470 ltaque
714 2401 782 2470 pites
799 2411 880 2450 casta
901 2412 1076 2472 provocaret,
1096 2400 1129 2452 ab
1147 2402 1215 2452 ller-

169 2473 203 2527 de
215 2477 374 2548 Aquitanico
385 2477 538 2548 triumpho,
551 2480 578 2528 in
591 2495 671 2548 φοιιι
715 2478 775 2531 bulo
790 2479 894 2530 occisus
906 2491 955 2533 ost.
966 2480 1015 2529 Pro
1027 2477 1133 2532 OEnide
1144 2479 1215 2530 Atei·

168 2555 268 2609 Tibulli
277 2557 302 2624 l,
314 2555 353 2607 El.
366 2557 413 2607 Vll
422 2558 585 2628 scriptam,
595 2557 669 2608 nallo
715 2558 757 2610 des
768 2558 837 2611 bene
847 2559 971 2610 substitui
984 2571 1088 2629 posset:
1099 2575 1177 2630 quom
1187 2563 1215 2611 in

168 2634 249 2686 modo
266 2633 309 2687 hic
329 2637 441 2708 eogitari
458 2649 554 2708 potest.
575 2637 616 2688 Ab
628 2637 669 2689 his
715 2637 794 2689 simili
814 2637 894 2690 laude
909 2636 1036 2708 Virgilius
1058 2637 1215 2688 nominabat

167 2713 669 2782 omnibus,attolebat,dissensitetia
715 2717 773 2768 AEn.
786 2717 838 2784 Vl,
854 2717 904 2770 80²
922 2733 999 2786 sqq,
1015 2713 1062 2768 ted
1077 2733 1137 2768 cum
1149 2717 1216 2768 llae-

168 2797 303 2846 eontraria
314 2797 362 2846 ivit
371 2795 478 2848 doctiss.
490 2795 666 2860 Wernsdorl,
714 2793 781 2846 cbo:
795 2794 851 2846 Nee
862 2792 1032 2846 vemAleides
1045 2804 1147 2846 tantum
1161 2805 1178 2847 t.

169 2876 214 2942 qui
228 2876 254 2924 in
268 2875 339 2926 Poet.
355 2877 411 2926 bat.
428 2878 491 2928 min.
504 2875 553 2926 To.
569 2878 605 2928 lll
619 2879 667 2928 ite·
748 2891 772 2944 7.
787 2873 811 2926 8.
825 2874 880 2925 Neo
893 2875 979 2926 minus
998 2872 1068 2925 idem
1085 2875 1213 2926 maximae

169 2969 227 3002 nam
238 2951 290 3003 boe
303 2969 409 3012 carmen
421 2957 582 3008 retractavit.
711 2957 800 3024 poeta.
814 2953 846 3002 Et
855 2953 883 3004 in
892 2953 943 3005 laac
952 2950 1032 3006 laude
1044 2971 1114 3004 nunc
1126 2973 1215 3007 mora·

208 3046 229 3079 r.
244 3031 309 3095 Quae
319 3031 431 3102 pulcher
442 3033 540 3104 Apollo
553 3051 669 3106 cognos-
714 3043 757 3084 tur
769 3034 795 3083 iu
808 3049 883 3103 seqq.
900 3034 957 3084 lloo
971 3033 1055 3102 magis
1068 3034 1159 3102 itaque
1175 3036 1216 3084 in-

170 3117 246 3172 re‘re,
260 3111 356 3178 quibus
373 3109 465 3163 adesse
477 3129 531 3163 non
544 3114 666 3184 refugiat.
715 3111 794 3164 solito
816 3129 890 3164 more
912 3111 1040 3163 sollicitus
1057 3129 1132 3175 sum,
1150 3113 1214 3184 quid

205 3187 230 3239 3.
248 3189 340 3259 moqni
356 3189 492 3260 triumphi.
509 3192 667 3244 Delmatici:
714 3193 772 3262 ipss
791 3191 825 3242 ad
839 3203 865 3242 te
885 3191 1007 3241 scribam.
1029 3191 1126 3242 Fateor
1144 3193 1213 3242 enim

170 3278 199 3317 ut
209 3266 316 3337 quidem
327 3267 451 3320 arbitror.
462 3287 487 3320 a.
498 3271 589 3342 paullo
600 3283 669 3324 nate.
714 3269 783 3328 ltoc,
796 3269 869 3340 quod
881 3289 923 3322 me
935 3267 1071 3320 dehortari
1084 3269 1213 3336 debebat,

169 3345 246 3399 decus
263 3345 392 3418 triumplu‘
400 3385 409 3412 ,
426 3349 461 3415 is,
474 3349 520 3419 qui
531 3351 559 3400 in
572 3367 672 3420 pompa
716 3351 738 3400 ti
751 3351 907 3420 cogitarem,
920 3367 961 3400 me
977 3346 1012 3400 ad
1023 3359 1076 3400 tam
1090 3367 1215 3422 magnum

169 3424 324 3496 triumphali
340 3429 459 3478 omniura
478 3431 590 3480 maxime
605 3447 672 3481 con·
716 3439 824 3498 poetam
843 3426 976 3491 seribere,
996 3425 1049 3479 hoe
1068 3429 1156 3499 ipsum
1172 3449 1214 3484 me

168 3507 278 3576 spicatas
291 3519 338 3557 est.
350 3497 441 3559 Posset
452 3506 505 3559 diei
515 3507 548 3560 de
561 3525 610 3573 eo,
624 3512 671 3580 qui
716 3505 800 3556 multo
813 3506 896 3576 magis
908 3506 1037 3570 excitare,
1051 3519 1079 3556 ut
1089 3507 1213 3561 scribam.

170 3585 315 3638 seeundum
326 3585 670 3658 triumphatoremmaxima
754 3585 793 3638 13.
809 3587 900 3637 Pauca
916 3595 961 3636 tata
979 3587 1007 3637 in
1026 3597 1124 3640 nostras
1139 3607 1216 3642 vene

171 3684 259 3718 rerum
276 3678 410 3738 gestarum
426 3667 506 3719 laude
525 3668 668 3722 inclaruit:
715 3667 908 3719 runtoarmt'na
920 3665 1038 3719 chartas:
1052 3667 1184 3742 descripta
1197 3691 1214 3726 a

172 3745 219 3798 sed
237 3745 325 3799 nullus
341 3767 391 3820 per
406 3747 455 3801 hos
476 3765 560 3800 annos
579 3752 671 3802 trium-
715 3759 836 3802 metuat.
851 3749 874 3799 lt
887 3749 956 3800 euim
967 3747 1013 3800 illo
1026 3761 1145 3822 tempore
1156 3771 1213 3806 moa

169 3825 239 3896 plaut
252 3829 381 3892 occurrit,
398 3829 441 3879 cui
457 3827 570 3882 Messala
588 3831 669 3883 inter·
716 3841 788 3893 erat,
801 3842 831 3879 ut
843 3828 955 3880 studiosi
967 3831 1100 3897 carmina,
1117 3849 1174 3903 quae
1186 3837 1214 3886 in

170 3923 228 3956 esse
246 3909 370 3977 potuerit.
387 3937 421 3946 -
436 3908 460 3974 4.
476 3907 634 3982 Victorque
650 3919 668 3962 t.
715 3909 853 3982 publicum
866 3910 989 3975 exibant,
1005 3912 1032 3961 in
1047 3927 1109 3962 auos
1125 3915 1214 3985 pugil·

173 3983 257 4056 simpl.
270 3998 341 4040 terra
353 3989 473 4058 marique
483 3989 578 4040 victor.
714 3991 783 4043 lares
797 3991 935 4042 referrent.
949 3991 984 4042 oi.
997 3991 1138 4042 burmann.
1152 3990 1177 4043 b.
1194 3993 1211 4044 l.

207 4063 232 4114 6.
248 4064 370 4122 Ollnt‘des.
381 4068 419 4120 lta
432 4069 465 4120 N.
476 4067 599 4122 Heinsius
614 4069 670 4122 etli-
753 4071 791 4136 rl.
819 4070 1018 4122 &seminatam
1042 4067 1135 4137 linqua
1158 4081 1214 4120 tam
