2918 4682
283 371 346 455 472
612 362 991 427 conmeantum

320 491 388 551 238.
402 489 497 548 Ponit
508 499 620 559 artem,
634 506 696 565 qua
709 484 961 565 deprehendatur
973 485 1064 544 tellus
1076 486 1171 561 salsa,
1187 488 1250 546 atit
1265 507 1361 568 quu-

280 581 327 637 vis
346 577 408 636 alio
427 573 522 634 modo
535 595 656 646 atnara,
672 589 708 632 ut
720 573 899 632 nullatcnus
913 573 1048 649 agricole
1065 572 1112 632 illi
1126 574 1357 634 commendet

277 667 397 747 frugem
417 687 490 726 nam
510 667 640 723 omnino
655 677 702 722 est
720 662 829 722 infelix
844 663 1000 742 frugibus,
1019 676 1053 720 ut
1070 685 1141 743 quae
1158 665 1266 722 nullis
1287 685 1356 722 un·
1429 657 1430 752 l

279 777 375 836 quam
386 757 494 814 aratris
505 767 710 826 mansuescat,
723 755 820 812 imme
833 773 903 832 quae
914 755 1031 832 ingrate
1043 770 1186 833 acceptas
1198 775 1350 834 genero·

279 864 327 902 sas
337 845 424 918 vites,
432 843 534 903 reddit
549 842 745 909 deterrimae
757 862 848 921 poma
860 843 944 900 item.
953 839 1010 900 Sed
1024 862 1093 918 quae
1107 841 1240 901 demum
1251 845 1348 902 ratio

280 929 319 989 ad
343 929 402 990 hoc
425 933 595 1012 specimen,
620 944 650 989 et
674 929 908 1009 probationem?
931 931 1089 988 Praemitto
1110 932 1346 1009 cognitionem

279 1041 402 1082 vocum.
423 1019 511 1103 Quali
529 1034 601 1080 sunt
617 1040 689 1078 vasa
708 1020 857 1092 viminea,
879 1018 1039 1102 hispanice
1054 1033 1160 1078 restes:
1176 1019 1271 1092 cola,
1294 1022 1345 1076 vi-

278 1112 383 1170 minea
405 1112 478 1170 item
498 1131 586 1183 vasa,
605 1108 689 1168 dicta
710 1131 726 1166 a
749 1106 900 1182 colande,
918 1108 1094 1168 subduntur
1117 1109 1174 1166 ista
1202 1106 1342 1188 praelis:

278 1214 351 1256 sunt
362 1219 434 1258 vero
445 1197 540 1280 prata
551 1197 662 1270 trabes,
673 1197 787 1276 quibus
800 1218 870 1271 ura,
883 1211 937 1256 aut
947 1197 1031 1256 oliva
1042 1199 1209 1276 premitur;
1223 1215 1341 1276 pressa

279 1285 364 1344 cadit
383 1289 414 1344 in
436 1285 522 1359 cela,
541 1307 558 1344 e
576 1285 689 1364 quibus
704 1283 838 1358 colatur,
857 1285 1058 1367 liquaturque
1073 1284 1112 1342 ad
1130 1284 1340 1342 destinatum

275 1374 392 1434 lecum.
414 1373 521 1434 Solent
539 1375 597 1433 ista
619 1373 745 1434 vascula
767 1376 877 1454 reponi
897 1373 1090 1447 adsumam,
1109 1388 1145 1434 ut
1163 1387 1341 1433 serventur

276 1463 416 1522 innoxia.
439 1463 521 1541 Ergo
539 1482 611 1541 ager
628 1461 695 1534 ille,
716 1463 769 1541 qui
784 1460 884 1521 malus
898 1476 930 1522 et
944 1461 1044 1522 salsus
1059 1476 1118 1535 est,
1137 1459 1339 1541 conjiciatur

277 1553 311 1610 in
324 1552 435 1632 qualos
448 1564 502 1610 aut
514 1550 595 1620 cola,
616 1550 752 1624 Gallice,
769 1554 899 1632 paniers,
914 1573 953 1612 ou
965 1555 1117 1632 passoires,
1131 1565 1160 1610 et
1175 1572 1242 1608 una
1255 1571 1337 1609 cum

276 1640 332 1699 illo
343 1662 431 1722 aquae
439 1639 616 1698 fontaneae
624 1641 741 1713 dulces3
749 1639 909 1700 calcentur
919 1643 975 1699 ista
988 1640 1026 1700 ad
1040 1640 1178 1722 plenum,
1189 1638 1338 1708 affatim,

276 1729 344 1804 diu,
354 1749 471 1810 presse3
482 1725 656 1786 luctabitur
666 1749 747 1809 aqna
759 1750 829 1788 cum
842 1743 922 1788 terra
935 1749 1075 1810 quaerens
1085 1730 1219 1800 exitum,
1234 1741 1337 1807 gusta

278 1818 379 1892 illam,
392 1839 428 1878 ac
441 1817 625 1878 tuncsalscd
631 1820 712 1877 inem
726 1817 956 1900 deprehendes:
970 1841 1059 1892 nam,
1072 1840 1170 1900 quum
1184 1819 1335 1899 primurn

278 1905 428 1980 tentabis,
441 1927 494 1966 ora
511 1907 671 1986 torquebis
684 1910 783 1969 tristia
799 1930 861 1991 proe
877 1909 933 1968 illo
948 1910 1100 1968 amareris
1113 1927 1218 1966 sensu.

275 2076 376 2127 dieunt
390 2079 459 2128 tauri
473 2077 563 2147 plures
580 2090 606 2130 et
618 2081 730 2148 juvenes
748 2092 775 2130 et
821 2093 963 2132 seruentur
974 2081 1099 2138 innoxia3
1116 2091 1145 2128 ut
1158 2077 1288 2146 Georgie.
1302 2074 1333 2136 l,

273 2155 394 2217 robosti;
406 2155 457 2208 lros
469 2157 533 2209 elim
544 2159 669 2231 plebanos
683 2159 776 2230 appel·
824 2160 888 2230 175,
906 2161 939 2212 de
954 2160 1135 2212 instrumentis
1150 2157 1328 2228 agricultura

273 2235 373 2289 labant.
820 2240 936 2292 dictum:
956 2244 990 2292 Et
1001 2258 1119 2310 suspensa
1126 2237 1196 2308 fecis
1208 2235 1331 2306 eaploret

309 2319 368 2388 239.
386 2321 510 2394 Fruqihus
525 2321 628 2393 ieftdix.
648 2320 722 2372 Philo
742 2320 775 2373 de

273 2401 366 2453 mundi
376 2402 500 2472 epilicie,
511 2401 641 2473 quidquid
653 2415 693 2452 est
701 2401 775 2464 ιίιμν-

270 2475 321 2548 pir,
333 2481 427 2534 salsum
439 2520 447 2546 ,
459 2485 568 2534 vocavit
580 2480 651 2532 αἴτιοι
665 2483 774 2546 aperlae,

271 2581 374 2612 causam
395 2561 606 2632 infecunditatis.
626 2562 722 2613 Cerdo.
740 2591 774 2600 ·-

272 2642 328 2692 Nee
344 2642 496 2692 mansuescit
510 2642 616 2692 amnde.
632 2643 701 2692 Dum
714 2659 774 2692 ara·

272 2730 331 2777 tur,
345 2717 408 2769 alibi
422 2717 455 2770 de
467 2719 608 2770 arboribus
621 2721 673 2784 ita,
684 2722 773 2770 Exue·

271 2799 324 2848 rint
334 2797 470 2848 silvestrem
485 2798 613 2848 animam.
628 2800 699 2850 Serv.

308 2876 367 2942 ²4¹·
382 2877 525 2947 Speeimcn.
544 2877 657 2947 Dignam
678 2878 772 2947 proba-

271 2958 379 3008 tionem.
399 2987 433 2996 —
454 2957 537 3028 Spisso
561 2958 665 3008 vimine.
690 2959 771 3028 Spissi

269 3039 383 3090 viminis.
398 3067 431 3076 -
448 3037 559 3107 Quales,
579 3037 691 3110 Celoque
705 3055 772 3110 pra»—

270 3117 364 3170 lenrm.
384 3117 504 3185 Quales,
524 3137 572 3188 per
595 3135 662 3188 quos
681 3119 771 3170 virtum

269 3195 362 3250 defluit
373 3219 379 3258 ;
396 3199 442 3268 qni
454 3211 479 3248 et
492 3199 543 3268 ipsi
556 3196 696 3249 acolondo
706 3199 771 3250 dicti

268 3291 338 3329 sunt.
364 3279 447 3330 Pracla
470 3292 558 3331 autem
579 3279 668 3330 trabes
692 3293 770 3344 sum,

269 3359 367 3429 quibus
381 3378 434 3412 ura
443 3363 498 3430 jam
511 3361 614 3413 calcata
631 3363 768 3431 premitur.

267 3440 336 3491 Seru.
347 3469 382 3480 —-
391 3441 495 3509 Quales.
510 3441 590 3508 Quali
604 3459 667 3493 unsa
681 3454 770 3494 sunta

268 3519 352 3572 denso
365 3522 463 3571 vimine
476 3533 616 3584 contexta,
630 3521 771 3591 quibusvi-

266 3617 331 3650 nutn
345 3599 498 3667 percolatur
510 3601 593 3650 acinis
610 3619 630 3649 r‹
639 3603 770 3652 manenti-

267 3677 333 3741 bus,
354 3677 459 3746 liquore
484 3677 631 3738 defluente3
650 3681 769 3748 quamuis

264 3753 318 3808 hoe
337 3773 434 3808 nomen
456 3758 578 3808 canistris
600 3756 724 3809 omnibus
743 3771 769 3809 et

264 3833 377 3888 calathis
390 3836 496 3888 videtur
505 3838 656 3888 convenire.

301 3917 360 3983 arla.
385 3916 455 3968 Cela.
466 3918 545 3977 ,Vasa
562 3917 658 3988 quibus
676 3920 768 3971 vinum

265 3996 434 4067 percolatur,
454 3995 496 4048 vel
512 4013 621 4064 saccus,
637 3998 692 4050 sive
711 3999 768 4050 cili-

265 4077 336 4127 cium
352 4077 493 4127 vinarium.
513 4076 578 4143 Qua
596 4076 673 4143 cola,
693 4091 722 4129 ut
741 4092 767 4132 et

265 4155 339 4226 quali
351 4155 551 4228 suspenduntur
562 4158 723 4226 adsumam,
737 4173 766 4211 ut

821 2321 908 2372 rebem
915 2321 1018 2392 fumus.

865 2401 923 2466 244.
953 2399 1125 2452 Electabinir.
1152 2397 1218 2448 Curn
1248 2413 1327 2446 mora

819 2479 983 2549 egredietur,
994 2492 1019 2530 et
1031 2480 1127 2532 sensim
1138 2477 1210 2529 uelut
1220 2474 1328 2526 luctan-

818 2556 854 2610 de
871 2561 941 2611 viam
956 2559 1006 2611 sibi
1025 2561 1121 2622 faciet,
1138 2576 1170 2608 ac
1187 2553 1325 2606 transibit.

855 2639 916 2709 247.
930 2641 1049 2690 Amator.
1063 2636 1234 2694 dmoritudo;
1245 2649 1271 2686 et
1282 2647 1324 2685 est

817 2737 905 2770 sermo
918 2721 1049 2770 Lucretii:
1064 2732 1089 2769 et
1099 2735 1163 2770 vera
1172 2717 1252 2768 lectio
1264 2717 1324 2786 ipsa

817 2813 874 2850 eat:
890 2819 951 2851 nam
966 2798 1042 2850 multi
1054 2799 1153 2850 Amano
1170 2795 1277 2866 loquum
1290 2808 1322 2844 ut

817 2880 868 2944 sit,
885 2897 958 2931 sensa
979 2897 1076 2930 amam.
1096 2877 1169 2929 Serv.
1189 2905 1224 2916 -
1238 2875 1321 2926 Sensu

817 2960 943 3031 torquebit
951 2977 1061 3010 amarer.
1073 2959 1201 3025 Quamvis
1213 2955 1320 3007 servios

817 3052 843 3090 et
863 3039 966 3109 aliquot
985 3037 1046 3100 alii,
1063 3056 1154 3088 ueram
1169 3035 1239 3088 hane
1261 3053 1319 3088 esse

816 3118 958 3170 lectionem
972 3129 1108 3180 asserant,
1123 3130 1148 3168 et
1164 3136 1180 3167 a
1194 3116 1317 3168 Lucretio

817 3213 966 3271 sumptam,
978 3199 1025 3250 lib.
1041 3197 1170 3262 1V‚225:
1186 3201 1249 3250 Cum
1266 3197 1317 3248 tai-

816 3299 876 3332 mur
885 3281 983 3333 misceri
992 3279 1133 3344 absirrthia,
1150 3279 1233 3350 tonpit
1245 3297 1316 3328 ama-

816 3379 871 3424 nor,
897 3359 1079 3430 accedantque
1101 3358 1225 3409 codicum
1246 3375 1313 3408 nen-

815 3440 949 3492 nullorum
963 3454 1130 3510 perveterum
1149 3439 1312 3502 testimonia,

815 3519 952 3592 multaque
963 3522 989 3571 in
999 3517 1069 3572 hanc
1079 3519 1221 3570 lectionem
1233 3517 1311 3568 tatus

815 3599 916 3652 Gellius
929 3600 1107 3672 congesserim
1118 3597 1260 3668 displicere
1272 3609 1310 3647 ta-

814 3699 875 3734 men
884 3697 939 3730 nen
951 3691 1053 3749 potest,
1064 3677 1173 3748 quodie
1184 3677 1311 3746 antiquis·

815 3763 881 3811 simo
891 3755 1310 3828 codicellemauenmerolegitur.

813 3839 899 3910 Sapor
910 3841 980 3890 enim
995 3841 1101 3909 utrique.
1117 3837 1200 3890 verbe
1214 3853 1312 3905 suppe-

813 3921 892 3970 situm
901 3937 957 3972 esse
966 3931 1062 3989 potest.
1071 3921 1100 3970 ln
1108 3913 1309 3988 Langobardice

813 4001 892 4050 etiam
916 4017 1005 4050 amaro
1024 4001 1153 4068 scriptum
1172 4007 1243 4058 erat,
1265 3993 1309 4046 sed

812 4080 883 4130 enim
896 4079 995 4132 rlitera
1009 4077 1094 4130 altera
1105 4093 1184 4128 manu
1202 4087 1226 4126 et
1241 4086 1309 4124 atra-

811 4173 901 4212 mento
916 4161 1040 4230 apposita
1052 4171 1107 4220 est;
1123 4156 1194 4212 idem
1209 4155 1307 4208 facturr
