2964 4690
260 362 325 432 ιιι
495 323 501 336 ”
587 355 966 430 uouunumnm

259 507 389 571 parrum
407 505 480 549 narn
492 503 541 548 me
553 499 621 548 tum
634 506 733 547 annus
745 483 881 568 coeperat
895 488 1001 548 tertius
1014 485 1166 565 decimus,
1185 489 1217 550 iu
1230 507 1293 573 qus

257 577 322 657 jam
334 587 422 638 aetate
433 575 650 656 contingebam
659 591 763 634 ramos
775 595 792 632 a
805 587 903 634 terra:
916 572 1012 656 proh,
1023 594 1074 635 me
1085 577 1247 652 miserum,
1260 589 1295 637 ut

261 662 339 724 ridi!
360 675 395 722 ut
410 663 501 744 perii!
522 675 558 721 ut
574 661 686 722 errari!
706 662 796 744 quasi
809 660 910 722 dicat:
925 662 1019 724 miser
1036 682 1121 739 sum,
1142 664 1197 745 qui
1214 662 1295 736 ridi,

261 753 316 832 qui
328 751 420 831 peril,
433 749 486 832 qni
499 749 608 828 erravi.

301 835 350 914 43.
369 839 439 899 Jam
455 858 525 900 sero
540 837 665 898 tandem
682 838 745 898 scio
759 837 881 898 Amoris
897 848 1055 913 naturam,
1072 852 1104 899 et
1118 857 1233 920 genus:
1250 857 1299 898 ex·

264 925 359 1008 plicat
375 925 459 1008 quod
474 924 535 986 hoc
553 944 664 1006 genus,
680 924 831 1004 objiciens
846 923 921 986 huic
939 926 1006 986 Deo
1021 928 1176 986 contraria
1192 927 1299 986 omnia

264 1015 342 1091 illis,
360 1034 428 1096 quae
444 1016 509 1096 ipse
527 1013 638 1075 habet:
657 1013 758 1074 editus
776 1025 824 1074 est
836 1035 873 1074 ex
890 1015 1021 1088 Venere3
1039 1014 1181 1074 attribuit
1197 1013 1243 1072 illi
1256 1017 1302 1073 ls-

267 1123 404 1175 marum,
417 1117 471 1164 ant
482 1101 656 1185 Rhodopen
669 1117 790 1163 montes
800 1101 939 1164 Thracia
949 1124 957 1162 z
969 1117 1107 1186 gestatus
1115 1115 1160 1162 est
1169 1104 1201 1162 in
1212 1100 1302 1162 molli

261 1205 355 1258 utero
369 1189 435 1274 ejus
446 1195 532 1268 Dea,
547 1191 600 1252 dat
614 1191 662 1252 illi
676 1190 768 1252 duras
780 1205 879 1267 cotes,
891 1189 1006 1274 quibus
1015 1207 1180 1273 conceptus
1189 1191 1302 1250 fuerit:

268 1293 357 1340 natus
369 1280 456 1340 estin
469 1281 569 1342 media
582 1281 714 1354 Gracia3
727 1280 803 1340 dicit
815 1296 923 1341 natum
937 1283 1017 1341 inter
1025 1281 1241 1360 Garamantas,
1254 1299 1304 1339 ex·
1381 1325 1385 1336 .

267 1381 384 1428 tremos
396 1366 503 1429 Africae
515 1365 658 1451 populos.
669 1371 766 1449 Ergot
778 1382 885 1427 uterus
894 1364 952 1428 tibi
960 1412 968 1444 ,
977 1388 997 1428 o
1007 1369 1114 1443 Amor,
1125 1379 1207 1428 cotes
1217 1377 1303 1440 sunt;

268 1468 411 1538 parentes
423 1457 558 1518 Ismarus
568 1467 598 1516 et
609 1454 775 1538 Rhodope,
787 1453 966 1516 natalitium
976 1454 1094 1530 solum,
1104 1455 1305 1514 Garamantes

269 1545 414 1617 extremi3
435 1543 508 1604 inde
526 1559 587 1620 est,
605 1556 641 1604 ut
658 1543 798 1627 puerhic
810 1545 850 1604 sit
862 1563 927 1604 non
939 1542 1071 1604 humani
1087 1543 1222 1625 generis,
1240 1560 1306 1601 non

271 1629 402 1692 humani
416 1634 590 1714 sanguinis,
603 1633 655 1694 sed
670 1647 752 1694 totus
764 1653 883 1694 saxeus.

310 1716 423 1800 deic
431 1733 665 1802 repraesentatur
671 1720 834 1802 multiplex
843 1719 1202 1802 affectusDamonis,qui
1210 1735 1309 1798 quum

272 1809 305 1866 in
319 1808 420 1889 primo
434 1829 539 1883 versu,
560 1823 589 1868 et
600 1808 728 1870 alterius
740 1807 940 1869 hemistichio
953 1807 1102 1882 affirmet,
1121 1806 1307 1888 Cupidinem

273 1893 369 1954 fuisse
381 1898 563 1977 magistrum
575 1896 693 1958 Medeae
707 1896 747 1958 ad
760 1895 978 1979 parricidium,
992 1917 1055 1978 quo
1069 1897 1214 1978 proprios
1228 1894 1309 1954 filios

274 1984 441 2062 interfecit,
456 2007 529 2048 mox
543 1989 576 2046 in
591 1986 687 2047 altero
701 1985 899 2046 hemistichia
911 1987 1052 2045 subsistit
1062 1986 1312 2061 dubitabundus,

275 2091 311 2131 ac
326 2084 455 2132 matrem
467 2073 604 2157 appellat
612 2073 783 2149 crudelem,
794 2077 883 2155 quasi
893 2072 971 2133 illud
982 2071 1079 2131 scelus
1088 2085 1195 2131 natum
1206 2070 1314 2131 fuisset

276 2158 316 2217 ab
334 2158 462 2221 immani
479 2175 591 2222 natura
607 2161 742 2222 Medeae:
759 2159 872 2221 deiude
889 2162 922 2219 in
937 2161 1031 2220 tertio
1045 2177 1134 2217 versu
1147 2159 1313 2239 utriusque

278 2247 404 2329 culpam
421 2254 590 2328 examinat,
610 2252 804 2333 interrogans
820 2269 853 2310 se
869 2251 903 2308 in
919 2247 1005 2316 hunc
1019 2245 1168 2307 modum:
1187 2243 1315 2308 Crudelis

280 2341 486 2422 matermapis,
500 2361 541 2400 un
552 2359 624 2422 puer
637 2339 782 2422 improbus
797 2336 866 2398 itte?
878 2335 1016 2398 Tandem
1030 2335 1064 2394 in
1076 2346 1187 2416 quarto
1200 2347 1318 2394 senten·

279 2425 356 2484 tiam
368 2427 513 2503 absolvit,
523 2444 555 2489 et
563 2443 732 2511 utrumque
742 2428 943 2500 condemnat,
954 2423 1134 2506 relinquens
1144 2424 1177 2483 iu
1188 2424 1316 2497 incerto,

280 2533 423 2594 paresne,
437 2537 477 2576 an
490 2519 624 2600 impares
638 2518 704 2578 siut
714 2516 833 2600 culpae:
847 2514 891 2577 ait
902 2515 986 2576 enim
998 2537 1006 2573 ι
1018 2510 1168 2594 Improbat
1178 2507 1227 2570 itte
1234 2529 1319 2591 puer,

280 2599 404 2660 erudelis
418 2615 448 2663 tu
461 2624 574 2686 quoque
587 2618 687 2665 mater.
1202 2619 1205 2628 '

282 2774 325 2829 tal
334 2775 430 2847 puella
439 2791 550 2833 matrem
559 2781 707 2854 intelligere
716 2799 779 2854 pos·
857 2782 901 2850 44.
911 2780 1029 2834 Extremi
1040 2780 1214 2830 Garamantes.
1224 2771 1320 2845 Populi

283 2873 384 2910 summ·
823 2861 934 2927 Africa,
954 2861 1030 2928 saevi,
1052 2859 1128 2928 quasi
1148 2872 1164 2907 s
1185 2854 1320 2905 consortio

320 2936 364 3008 39.
382 2938 458 2991 Alter
470 2942 502 2994 ab
515 2941 651 2996 undecimo
669 2953 723 2995 tum
740 2961 781 2996 me
824 2938 1151 2998 humanitatisremotiflt,
1157 2935 1335 3004 Extremique·

278 3019 338 3090 jam
354 3032 455 3092 ceperat
469 3040 560 3074 nunus.
579 3021 610 3073 ld
626 3036 679 3087 est,
697 3024 783 3076 tertius
827 3020 962 3072 homiuum
983 3017 1095 3080 Morini,
1114 3015 1266 3084 Rhenusque
1286 3011 1323 3062 bi·

285 3097 404 3151 decimus.
417 3099 492 3154 Alter
504 3102 574 3152 euim
586 3100 620 3154 de
629 3101 735 3154 duobus
745 3102 783 3154 di·
826 3101 917 3154 comis.
1046 3097 1048 3104 ’
1190 3089 1193 3100 ’

286 3180 378 3231 umus.
397 3179 429 3230 Et
446 3181 503 3232 vult
519 3180 666 3253 siguificare
680 3183 736 3252 jam
754 3200 783 3234 se
863 3181 906 3250 47.
920 3181 1006 3232 Soeuus
1019 3193 1095 3228 amor
1103 3171 1191 3226 docuit
1203 3181 1322 3222 natorum

286 3259 404 3311 vicinum
417 3261 500 3314 luisse
512 3259 660 3332 pubertati,
670 3259 784 3332 quodde
827 3261 953 3334 sanquine
968 3267 1092 3319 matrem,
1110 3265 1156 3304 etc.
1176 3251 1259 3318 Quasi
1274 3267 1324 3300 no-

288 3337 450 3392 duodecimo
471 3359 541 3393 suno
563 3339 709 3411 procedere
729 3357 784 3390 non
829 3339 890 3393 vain
908 3351 991 3390 artem
1008 3335 1151 3387 insinuavit
1169 3345 1195 3382 et
1214 3328 1326 3392 infudit,

288 3431 385 3486 potest.
399 3419 469 3472 Rene
481 3437 542 3472 oum
555 3422 632 3472 annis
641 3419 729 3490 jungit
741 3417 787 3468 ha·
831 3434 859 3472 et
869 3419 1002 3483 fabulam,
1021 3412 1143 3466 omnibus
1155 3424 1261 3475 notam,
1278 3426 1327 3480 per

289 3494 375 3548 bitum
382 3500 511 3568 corporis.
521 3499 589 3550 Nam
598 3512 624 3551 st
636 3500 730 3568 injure
740 3515 800 3570 pu·¹
829 3499 970 3551 transitum
983 3495 1076 3567 tetigit.
1089 3493 1155 3559 Quis
1167 3493 1237 3544 enim
1248 3491 1326 3561 igno·

289 3572 380 3638 bertas
389 3593 421 3627 ex
434 3590 547 3648 utroque
559 3577 703 3648 colligitur.
715 3579 785 3630 Seru.
831 3591 873 3631 rat
887 3576 1010 3629 Medeam
1027 3574 1061 3628 sb
1074 3575 1172 3626 latone
1189 3583 1327 3642 contemp·

326 3652 370 3719 43.
378 3655 527 3719 Nuucscr'o,
539 3655 727 3727 quidsitamor.
738 3652 787 3706 Vel
831 3671 898 3720 tam,
911 3672 973 3706 suot
983 3653 1051 3705 lilios
1063 3652 1224 3724 peremisse?
1234 3650 1303 3703 Serv.

292 3734 431 3803 quasijsm
439 3736 559 3804 juvenis,
572 3733 703 3805 velqussi
716 3753 788 3806 spre-
866 3735 909 3802 tt.
933 3731 1045 3786 cmdetis
1068 3743 1096 3783 tu
1118 3747 1220 3803 quoque
1239 3739 1328 3779 mter.

293 3823 344 3863 tus.
357 3809 470 3863 Gravior
484 3815 555 3866 enim
567 3831 641 3884 amoc
653 3813 682 3864 fit
698 3833 729 3866 ax
741 3813 789 3866 da·
833 3815 923 3867 Utitur
931 3825 1018 3865 autom
1029 3813 1131 3882 optima
1137 3809 1329 3862 moderatione.

294 3893 442 3963 spectione,
450 3892 492 3946 vol
499 3911 531 3946 ox
538 3891 732 3964 desperatione.
741 3895 791 3946 Te·
834 3895 901 3946 Nam
912 3911 962 3946 nac
971 3905 1057 3944 totum
1069 3891 1153 3942 amori
1162 3891 1289 3960 imputat,
1298 3905 1330 3946 ns

287 3973 624 4045 -rentius,1'erii:quauto
639 3975 723 4027 miuus
737 3975 791 4046 spei
834 3971 962 4026 defendat
980 3968 1159 4040 pacrieidam:
1180 3986 1230 4020 nec
1246 3979 1332 4018 totum

294 4062 428 4132 ett,vtuuto
440 4053 600 4126 maqisamo.
700 4093 711 4117 ,
836 4053 927 4118 matri,
944 4067 977 4103 ne
990 4065 1108 4102 amorem
1120 4051 1216 4102 eximat
1228 4047 1331 4120 culpe:
