2998 4670
364 385 415 451 ιιι
439 381 823 450 annnoroonuu
847 381 940 448 nin.
965 385 1037 462 ιιι.
1154 385 1217 452 553
1272 361 1275 368 '

172 509 260 586 ⁴mire
277 507 484 591 ampliticans.
502 507 646 568 Flumina
664 508 708 565 ita
725 507 939 587 astringuntur
955 507 1040 587 gelu,
1058 522 1095 569 ut
1111 528 1167 590 per
1183 527 1219 568 ea

185 601 392 659 transmittere
406 618 533 671 currus,
552 612 584 656 et
599 609 676 656 rotae
694 598 833 676 possint:
853 611 893 655 aes
908 617 972 677 prae
988 599 1087 658 nimio
1105 597 1220 680 frigore

181 687 309 763 dissilit,
328 700 449 768 crepat,
467 686 640 766 rumpitur,
658 704 677 743 a
695 703 726 744 se
743 683 903 744 avellitur:
923 699 1022 746 vestes
1038 685 1220 746 mortalium

181 793 219 834 eo
235 777 337 855 rigore
350 784 564 856 penetrantur,
583 787 619 832 ut
633 774 684 832 vix
702 771 783 831 flecti
800 784 931 853 queant,
950 774 1001 832 vix
1018 775 1131 833 servire
1149 774 1220 834 usui

181 859 345 924 humano:
365 865 440 924 vina
463 860 570 922 calidae
591 873 709 920 naturae
736 863 780 919 ita
808 862 977 940 rigescunt,
1001 874 1036 919 ut
1059 861 1220 921 securibus

181 949 284 1032 frangi
300 951 452 1014 debeant:
467 952 600 1026 lacunae,
617 965 705 1032 parte
718 953 811 1010 etiam
824 949 939 1024 infera,
953 969 1018 1009 non
1033 961 1156 1010 tantum
1171 973 1221 1010 su·

122 1087 126 1092 .
181 1061 272 1121 pera,
284 1041 387 1105 solido
399 1041 471 1121 gelu
482 1042 722 1122 obstupescunt:
736 1037 917 1098 mortalium
929 1039 1025 1100 barba
1041 1040 1135 1098 stiriis
1148 1037 1221 1098 bor-

181 1141 244 1202 ret,
256 1132 366 1211 quovis
380 1129 512 1190 humore
527 1129 633 1188 statim
649 1147 681 1186 se
693 1124 901 1208 congelantes.

222 1215 289 1297 367.
312 1219 380 1277 Non
400 1219 474 1276 satis
490 1235 614 1274 summo
632 1216 696 1273 vati
714 1217 873 1296 superiora
894 1212 933 1272 ad
953 1209 1222 1296 amplificandum.

178 1303 261 1363 Ecce
275 1303 391 1363 malum
407 1301 493 1365 aliud
508 1305 619 1382 ingens
634 1322 650 1362 e
665 1301 759 1364 caelo:
778 1304 880 1383 ningit
894 1304 939 1362 ita
952 1303 1091 1384 copiose,
1107 1314 1141 1360 ut
1154 1321 1223 1360 mo·

181 1389 304 1449 riantur
314 1390 461 1471 pecudes,
483 1409 579 1470 quum
593 1405 749 1473 nequeant
763 1393 885 1450 vincere
900 1389 1031 1466 molem,
1052 1403 1083 1450 et
1097 1390 1223 1470 copiam

182 1479 313 1538 nivium.
338 1483 416 1540 Nam
434 1480 544 1556 boves,
570 1481 692 1540 etiarnsi
715 1482 836 1561 magnis
857 1479 1041 1562 corporibus
1066 1477 1224 1538 vallantur

130 1637 134 1642 Ι
180 1565 268 1637 nive,
279 1585 420 1647 nequeas
432 1581 564 1649 possunt
574 1585 788 1628 commovere:
804 1571 901 1640 cervi,
916 1569 969 1648 qui
984 1566 1125 1649 alioquin
1140 1564 1225 1623 relo-

182 1651 313 1729 nissimi,
336 1667 459 1736 torpent
472 1656 594 1715 nivium
606 1655 705 1732 mole,
724 1669 754 1716 et
768 1658 819 1716 vix
834 1671 954 1719 exstant
968 1657 1125 1716 cornibus.
1145 1649 1223 1712 inde

183 1845 330 1922 influmine
343 1862 439 1904 musto.
453 1853 535 1924 Aquae
547 1853 683 1926 congelas-
711 1855 891 1928 ‘telligamus3
907 1857 944 1908 ita
956 1856 1024 1906 enirn
1038 1851 1120 1926 palari
1132 1849 1226 1902 dicun·

182 1938 245 1978 erint
271 1927 389 1984 fluentes.
417 1933 574 1987 Notandum
599 1952 681 2000 sane,
727 1949 778 1988 tur.
789 1939 859 1989 Sem.

182 2009 244 2076 quis
258 2026 339 2079 quum
354 2011 407 2064 lroec
420 2025 503 2066 cnuto
513 2014 625 2068 dicimus
637 2016 683 2067 loe-
763 2017 823 2068 366.
835 2016 963 2088 Suriaque
972 2013 1086 2086 impexis.
1097 2011 1188 2074 Stiria,
1199 2004 1228 2058 id

182 2089 282 2140 minino
292 2109 405 2162 genere,
417 2092 532 2165 lapidis,
545 2109 591 2148 aut
602 2095 681 2168 ligni,
727 2108 783 2160 est,
797 2109 873 2168 gutta
886 2117 892 2145 ε
909 2094 971 2147 inde
983 2093 1012 2144 lit
1024 2093 1226 2152 diminutivum,

183 2179 229 2219 aut
258 2170 318 2240 gelu
344 2185 448 2242 partem
476 2175 680 2246 significamus:
727 2172 1093 2226 usdicamusssitta.1udeeu
1105 2169 1227 2230 distillat,

184 2264 265 2317 quum
276 2268 340 2302 vero
352 2245 463 2306 cnutum
474 2253 601 2318 dicimus,
614 2255 681 2306 edu·-
726 2265 752 2303 et
769 2251 939 2302 stillicidium.
957 2251 1054 2303 Sensus
1074 2263 1163 2302 autom
1180 2249 1228 2299 du·

183 2325 247 2378 lium
256 2327 367 2398 aliquod
379 2329 566 2400 significamus,
577 2345 681 2401 partem
726 2329 786 2399 plex
803 2343 863 2380 est:
882 2348 943 2380 narn
959 2340 1004 2380 aut
1024 2327 1076 2378 hoc
1093 2327 1173 2390 dicit,
1193 2325 1227 2378 de

183 2406 274 2474 panis,
284 2406 325 2457 rel
339 2407 475 2476 placentas.
490 2412 549 2479 lpse
559 2411 586 2460 iu
601 2411 680 2480 septi·
724 2407 835 2478 impexis
851 2409 942 2459 barbis
959 2404 1094 2478 paudum
1106 2405 1227 2476 pendens

184 2499 228 2534 mo
243 2483 345 2537 AEneid.
362 2509 368 2538 ι
385 2487 474 2538 Orbem
486 2487 581 2557 fatalis
595 2489 679 2540 crusti.
724 2499 800 2559 gutta
813 2486 941 2540 duratur:
957 2499 1004 2538 aut
1015 2499 1086 2538 certe
1101 2484 1135 2537 de
1151 2485 1227 2536 tectis

182 2564 307 2632 Horatius
327 2585 333 2614 :
357 2567 430 2618 Durat
452 2567 566 2620 crintula
593 2565 682 2620 blandi
725 2581 752 2618 et
771 2567 911 2619 arboribus
927 2579 1002 2639 gutta
1017 2565 1129 2619 horrida
1147 2561 1228 2616 indu·

185 2645 311 2696 Doctores.
322 2646 458 2698 luvenalis
468 2669 473 2698 ι
483 2647 685 2720 Noscolupbum
729 2649 782 2699 ruit
792 2650 820 2700 in
833 2648 941 2700 modum
953 2647 1185 2713 barberum,Serv.

185 2725 323 2778 incutimus
339 2725 462 2780 lambenti
475 2729 588 2782 crustum
606 2747 683 2782 seruo.
765 2730 825 2799 367.
847 2729 909 2780 Non
931 2729 1017 2780 secius.
1039 2728 1100 2780 Non
1124 2727 1228 2799 segnius

223 2805 282 2858 363.
305 2809 420 2881 AEraque
444 2808 574 2862 dissiliunt
598 2809 684 2882 maipa.
731 2829 811 2882 φιαιιι
829 2809 1010 2862 inchoaverat.
1026 2810 1096 2862 Seru.
1110 2808 1227 2860 —Aene

185 2885 286 2936 Passim
301 2901 411 2958 crepunt
426 2909 432 2938 ι
451 2908 513 2942 narn
530 2902 584 2942 tam
602 2889 684 2940 nimio
732 2893 798 2944 Toto
812 2911 884 2956 aere,
899 2891 928 2944 id
942 2903 998 2955 est,
1011 2910 1027 2942 a
1041 2892 1118 2942 terris
1135 2888 1169 2941 ad
1184 2907 1231 2939 cn·

186 2967 299 3036 frigore,
309 2984 388 3036 quam
399 2968 488 3022 calore
498 2989 550 3022 sera
561 2989 686 3042 rumpun-
729 2971 794 3024 lum.
811 2971 928 3044 Philurp.
939 3001 974 3012 -—
987 2971 1108 3041 Niupuit.
1127 2969 1157 3018 ln
1174 2967 1230 3036 qui-

186 3053 237 3094 tur.
255 3045 380 3096 Persius:
399 3047 487 3098 studit
505 3049 618 3119 infantes
635 3061 685 3103 sta·
730 3051 842 3104 busdam
861 3052 967 3123 ninpitr
988 3052 1015 3101 in
1035 3044 1230 3116 antiquioribus

186 3131 249 3174 mas.
271 3151 306 3162 -
324 3123 350 3175 V
348 3134 457 3195 estesque
477 3126 610 3197 ripemunt.
630 3127 686 3178 Du·
731 3129 998 3200 omnibus‚ninpuit=
1009 3125 1081 3178 unde
1092 3123 1232 3197 ninguidus

186 3213 294 3268 rantur,
316 3213 345 3254 ut
362 3203 450 3273 frangi
472 3206 583 3274 potins,
605 3222 684 3275 quam
730 3209 868 3271 Lucretio,
883 3203 1130 3270 etaliisvetaribus,
1142 3205 1231 3274 Capro

186 3279 272 3332 scindi
285 3295 363 3351 poste
375 3279 523 3332 videantur.
536 3281 604 3332 Seru.
731 3285 900 3338 reclamante.
913 3284 981 3334 Pier.

221 3359 281 3425 364.
300 3359 455 3432 Coeduntque
465 3361 589 3412 mcunbus
601 3360 685 3412 bumi-
766 3365 826 3416 368.
844 3363 956 3415 Pruinis.
975 3362 1092 3414 Abusive
1105 3362 1229 3414 nivibus:

185 3441 220 3490 da
237 3441 305 3492 uitta.
323 3440 409 3493 litiani
424 3441 516 3492 vinum
531 3441 687 3494 naturaliter
731 3463 793 3496 unm
805 3445 900 3515 pruina
916 3455 954 3496 est
968 3444 1090 3494 matutini
1103 3443 1231 3513 temporis

187 3518 303 3572 calidum
318 3519 372 3572 illic
384 3520 496 3591 gelatur.
513 3521 686 3592 intelligimus
731 3527 823 3598 frigus.
842 3526 910 3577 Sem.
925 3553 961 3563 -
974 3523 1070 3576 Strabo
1083 3563 1091 3590 ‚
1109 3523 1155 3575 lib.
1175 3525 1230 3594 Xl,

189 3611 275 3652 autern
286 3602 475 3670 peregrinum
490 3618 553 3652 uam
565 3600 620 3652 illic
632 3619 686 3654 non
731 3625 795 3678 pag.
816 3606 883 3670 ⁵28,
899 3605 937 3656 ait
955 3605 983 3655 in
1004 3604 1113 3658 Danicis
1137 3604 1230 3656 insulis¹

188 3680 320 3744 nascitur,
330 3680 399 3731 sicut
410 3680 492 3750 paulo
504 3693 564 3752 post
574 3681 631 3752 ipse
640 3680 687 3734 do·
732 3703 795 3738 oves
810 3687 837 3737 in
850 3702 932 3736 unum
946 3697 1120 3756 congregatas
1138 3686 1174 3736 ita
1189 3687 1232 3736 ni-

189 3773 247 3829 cet,
257 3761 362 3822 dioens;
375 3763 511 3813 Fenueuto
522 3773 601 3835 atque
609 3763 687 3818 acidis
732 3765 809 3816 vibus
822 3767 890 3836 tegi,
906 3777 937 3815 ut
950 3782 1005 3814 nou
1016 3765 1067 3815 nisi
1078 3763 1164 3816 halitu
1178 3783 1232 3816 ma-

189 3840 325 3892 imitontur
336 3840 402 3892 uitae
414 3841 497 3892 soritis
513 3841 581 3894 Saue
593 3842 687 3894 volunt
731 3845 832 3896 uifesta
846 3844 919 3896 liant.
935 3844 966 3898 V.
982 3845 1013 3896 G.

189 3917 307 3990 physici,
318 3913 412 3972 viuum*
426 3937 479 3972 non
496 3920 596 3992 peleth
616 3922 687 3976 unde
767 3923 1152 3996 369.Confertoaqminecervi.
1162 3921 1230 3974 Cou-

188 3997 242 4050 lroc
258 3998 318 4052 loco
335 4011 380 4052 aut
396 3999 547 4073 Hyperbolus
563 4015 622 4054 est:
642 4016 688 4054 aut
729 4005 841 4073 juncto,
854 4001 946 4054 denso.
956 4002 1032 4054 Cervi
1041 4002 1111 4052 enim
1121 4019 1231 4072 congre·

189 4078 252 4150 quia
261 4077 328 4133 dixit
336 4079 466 4148 Humida,
478 4099 551 4155 aque
559 4083 639 4138 mista
647 4085 687 4138 in·
733 4082 840 4154 gatione
849 4081 1027 4153 gratulantur.
1037 4081 1105 4132 Seru.
