<?xml version="1.0" encoding="UTF-8"?>
<!DOCTYPE html PUBLIC "-//W3C//DTD XHTML 1.0 Transitional//EN"
    "http://www.w3.org/TR/xhtml1/DTD/xhtml1-transitional.dtd">
<html xmlns="http://www.w3.org/1999/xhtml" xml:lang="en" lang="en">
 <head>
  <title>
</title>
<meta http-equiv="Content-Type" content="text/html;charset=utf-8" />
  <meta name='ocr-system' content='tesseract 3.04.00' />
  <meta name='ocr-capabilities' content='ocr_page ocr_carea ocr_par ocr_line ocrx_word'/>
</head>
<body>
  <div class='ocr_page' id='page_1' title='image "./pvirgiliusmaroq04barbgoog_0437.png"; bbox 0 0 2918 4682; ppageno 0'>
   <div class='ocr_carea' id='block_1_1' title="bbox 362 375 1292 478">
    <p class='ocr_par' dir='ltr' id='par_1_1' title="bbox 362 375 1292 478">
     <span class='ocr_line' id='line_1_1' title="bbox 362 375 1292 478; baseline -0.004 -30"><span class='ocrx_word' id='word_1_1' title='bbox 362 383 414 448; x_wconf 83' lang='lat' dir='ltr'><strong>ru</strong></span> <span class='ocrx_word' id='word_1_2' title='bbox 437 375 827 446; x_wconf 78' lang='lat' dir='ltr'><strong>ononoroonou</strong></span> <span class='ocrx_word' id='word_1_3' title='bbox 850 377 942 442; x_wconf 79' lang='lat' dir='ltr'><strong>cra.</strong></span> <span class='ocrx_word' id='word_1_4' title='bbox 968 381 1018 444; x_wconf 87' lang='lat'><strong>11.</strong></span> <span class='ocrx_word' id='word_1_5' title='bbox 1149 389 1212 478; x_wconf 71' lang='lat'><strong>4⁴7</strong></span> <span class='ocrx_word' id='word_1_6' title='bbox 1289 453 1292 460; x_wconf 62' lang='grc'><em>,</em></span> 
     </span>
    </p>
   </div>
   <div class='ocr_carea' id='block_1_2' title="bbox 163 497 1216 593">
    <p class='ocr_par' dir='ltr' id='par_1_2' title="bbox 163 497 1216 593">
     <span class='ocr_line' id='line_1_2' title="bbox 163 497 1216 593; baseline 0.002 -27"><span class='ocrx_word' id='word_1_7' title='bbox 163 569 176 586; x_wconf 8' lang='grc' dir='ltr'><strong>ἵ,</strong></span> <span class='ocrx_word' id='word_1_8' title='bbox 211 507 259 588; x_wconf 77' lang='lat'><strong>39.</strong></span> <span class='ocrx_word' id='word_1_9' title='bbox 271 507 347 568; x_wconf 87' lang='lat' dir='ltr'><strong>Post</strong></span> <span class='ocrx_word' id='word_1_10' title='bbox 362 508 544 566; x_wconf 76' lang='lat' dir='ltr'><strong>invocatum</strong></span> <span class='ocrx_word' id='word_1_11' title='bbox 556 497 669 562; x_wconf 80' lang='lat' dir='ltr'><strong>Bacchi</strong></span> <span class='ocrx_word' id='word_1_12' title='bbox 684 501 823 575; x_wconf 86' lang='lat' dir='ltr'><strong>Numen,</strong></span> <span class='ocrx_word' id='word_1_13' title='bbox 843 517 917 582; x_wconf 87' lang='lat' dir='ltr'><strong>post</strong></span> <span class='ocrx_word' id='word_1_14' title='bbox 928 499 1088 565; x_wconf 79' lang='lat' dir='ltr'><strong>materiam</strong></span> <span class='ocrx_word' id='word_1_15' title='bbox 1101 529 1216 593; x_wconf 85' lang='lat' dir='ltr'><strong>propo-</strong></span> 
     </span>
    </p>
   </div>
   <div class='ocr_carea' id='block_1_3' title="bbox 167 586 1218 1834">
    <p class='ocr_par' dir='ltr' id='par_1_3' title="bbox 167 586 1217 1294">
     <span class='ocr_line' id='line_1_3' title="bbox 171 586 1216 680; baseline 0.006 -26"><span class='ocrx_word' id='word_1_16' title='bbox 171 594 263 654; x_wconf 86' lang='lat' dir='ltr'><strong>sitam</strong></span> <span class='ocrx_word' id='word_1_17' title='bbox 278 596 404 654; x_wconf 86' lang='lat' dir='ltr'><strong>invocat</strong></span> <span class='ocrx_word' id='word_1_18' title='bbox 419 589 560 652; x_wconf 80' lang='lat' dir='ltr'><strong>favorem</strong></span> <span class='ocrx_word' id='word_1_19' title='bbox 574 589 769 663; x_wconf 72' lang='lat' dir='ltr'><strong>Maecenatis,</strong></span> <span class='ocrx_word' id='word_1_20' title='bbox 784 603 815 648; x_wconf 91' lang='lat' dir='ltr'><strong>et</strong></span> <span class='ocrx_word' id='word_1_21' title='bbox 830 586 920 648; x_wconf 78' lang='lat' dir='ltr'><strong>iiluna</strong></span> <span class='ocrx_word' id='word_1_22' title='bbox 934 605 1056 672; x_wconf 87' lang='lat' dir='ltr'><strong>captat:</strong></span> <span class='ocrx_word' id='word_1_23' title='bbox 1073 594 1216 680; x_wconf 82' lang='lat' dir='ltr'><strong>invocat,</strong></span> 
     </span>
     <span class='ocr_line' id='line_1_4' title="bbox 170 677 1217 765; baseline 0.001 -21"><span class='ocrx_word' id='word_1_24' title='bbox 170 703 267 764; x_wconf 76' lang='lat' dir='ltr'><strong>quum</strong></span> <span class='ocrx_word' id='word_1_25' title='bbox 278 685 374 765; x_wconf 80' lang='lat' dir='ltr'><strong>petit,</strong></span> <span class='ocrx_word' id='word_1_26' title='bbox 395 697 429 742; x_wconf 93' lang='lat' dir='ltr'><strong>ut</strong></span> <span class='ocrx_word' id='word_1_27' title='bbox 443 679 540 756; x_wconf 63' lang='lat' dir='ltr'><strong>adut,</strong></span> <span class='ocrx_word' id='word_1_28' title='bbox 560 693 597 740; x_wconf 88' lang='lat' dir='ltr'><strong>ut</strong></span> <span class='ocrx_word' id='word_1_29' title='bbox 610 698 716 740; x_wconf 84' lang='lat' dir='ltr'><strong>secum</strong></span> <span class='ocrx_word' id='word_1_30' title='bbox 732 693 891 760; x_wconf 71' lang='lat' dir='ltr'><strong>percurrat</strong></span> <span class='ocrx_word' id='word_1_31' title='bbox 904 677 990 740; x_wconf 90' lang='lat' dir='ltr'><strong>hunc</strong></span> <span class='ocrx_word' id='word_1_32' title='bbox 1004 679 1158 762; x_wconf 78' lang='lat' dir='ltr'><strong>laborem,</strong></span> <span class='ocrx_word' id='word_1_33' title='bbox 1180 703 1217 752; x_wconf 83' lang='lat' dir='ltr'><strong>ut</strong></span> 
     </span>
     <span class='ocr_line' id='line_1_5' title="bbox 169 762 1216 856; baseline 0.004 -22"><span class='ocrx_word' id='word_1_34' title='bbox 169 770 303 854; x_wconf 71' lang='lat' dir='ltr'><strong>explicet</strong></span> <span class='ocrx_word' id='word_1_35' title='bbox 315 772 384 833; x_wconf 82' lang='lat' dir='ltr'><strong>vela</strong></span> <span class='ocrx_word' id='word_1_36' title='bbox 397 762 532 832; x_wconf 81' lang='lat' dir='ltr'><strong>favoris:</strong></span> <span class='ocrx_word' id='word_1_37' title='bbox 546 781 670 850; x_wconf 81' lang='lat' dir='ltr'><strong>captat,</strong></span> <span class='ocrx_word' id='word_1_38' title='bbox 681 787 780 848; x_wconf 88' lang='lat' dir='ltr'><strong>quum</strong></span> <span class='ocrx_word' id='word_1_39' title='bbox 792 783 884 828; x_wconf 86' lang='lat' dir='ltr'><strong>vocat</strong></span> <span class='ocrx_word' id='word_1_40' title='bbox 897 765 986 828; x_wconf 89' lang='lat' dir='ltr'><strong>illum</strong></span> <span class='ocrx_word' id='word_1_41' title='bbox 1000 769 1092 833; x_wconf 89' lang='lat' dir='ltr'><strong>decus</strong></span> <span class='ocrx_word' id='word_1_42' title='bbox 1107 795 1216 856; x_wconf 88' lang='lat' dir='ltr'><strong>suum,</strong></span> 
     </span>
     <span class='ocr_line' id='line_1_6' title="bbox 168 855 1217 944; baseline -0.003 -21"><span class='ocrx_word' id='word_1_43' title='bbox 168 875 201 924; x_wconf 87' lang='lat' dir='ltr'><strong>et</strong></span> <span class='ocrx_word' id='word_1_44' title='bbox 210 861 303 927; x_wconf 69' lang='lat' dir='ltr'><strong>famas</strong></span> <span class='ocrx_word' id='word_1_45' title='bbox 314 883 377 924; x_wconf 82' lang='lat' dir='ltr'><strong>suae</strong></span> <span class='ocrx_word' id='word_1_46' title='bbox 390 859 689 944; x_wconf 73' lang='lat' dir='ltr'><strong>partemmarintam</strong></span> <span class='ocrx_word' id='word_1_47' title='bbox 701 879 709 916; x_wconf 74' lang='grc' dir='ltr'><strong>ι</strong></span> <span class='ocrx_word' id='word_1_48' title='bbox 723 877 787 939; x_wconf 90' lang='lat' dir='ltr'><strong>quo</strong></span> <span class='ocrx_word' id='word_1_49' title='bbox 798 855 969 938; x_wconf 73' lang='lat' dir='ltr'><strong>significat,</strong></span> <span class='ocrx_word' id='word_1_50' title='bbox 981 879 1026 935; x_wconf 87' lang='lat' dir='ltr'><strong>se,</strong></span> <span class='ocrx_word' id='word_1_51' title='bbox 1039 863 1217 929; x_wconf 67' lang='lat' dir='ltr'><strong>Maecenatis</strong></span> 
     </span>
     <span class='ocr_line' id='line_1_7' title="bbox 167 946 1217 1031; baseline 0.007 -23"><span class='ocrx_word' id='word_1_52' title='bbox 167 947 297 1025; x_wconf 64' lang='lat' dir='ltr'><strong>favore„</strong></span> <span class='ocrx_word' id='word_1_53' title='bbox 310 971 425 1031; x_wconf 78' lang='lat' dir='ltr'><strong>magua</strong></span> <span class='ocrx_word' id='word_1_54' title='bbox 444 970 480 1010; x_wconf 79' lang='lat' dir='ltr'><strong>ex</strong></span> <span class='ocrx_word' id='word_1_55' title='bbox 500 960 588 1030; x_wconf 87' lang='lat' dir='ltr'><strong>parte</strong></span> <span class='ocrx_word' id='word_1_56' title='bbox 606 947 721 1006; x_wconf 83' lang='lat' dir='ltr'><strong>versari</strong></span> <span class='ocrx_word' id='word_1_57' title='bbox 740 946 772 1003; x_wconf 92' lang='lat' dir='ltr'><strong>in</strong></span> <span class='ocrx_word' id='word_1_58' title='bbox 792 963 847 1006; x_wconf 84' lang='lat' dir='ltr'><strong>ore</strong></span> <span class='ocrx_word' id='word_1_59' title='bbox 866 946 1020 1006; x_wconf 88' lang='lat' dir='ltr'><strong>omnium.</strong></span> <span class='ocrx_word' id='word_1_60' title='bbox 1038 950 1074 1008; x_wconf 89' lang='lat' dir='ltr'><strong>ln</strong></span> <span class='ocrx_word' id='word_1_61' title='bbox 1090 950 1153 1012; x_wconf 84' lang='lat' dir='ltr'><strong>illis</strong></span> <span class='ocrx_word' id='word_1_62' title='bbox 1165 954 1217 1015; x_wconf 81' lang='lat' dir='ltr'><strong>de-</strong></span> 
     </span>
     <span class='ocr_line' id='line_1_8' title="bbox 168 1033 1217 1126; baseline 0 -24"><span class='ocrx_word' id='word_1_63' title='bbox 168 1059 254 1102; x_wconf 79' lang='lat' dir='ltr'><strong>curre</strong></span> <span class='ocrx_word' id='word_1_64' title='bbox 266 1037 407 1116; x_wconf 73' lang='lat' dir='ltr'><strong>latrarem,¹</strong></span> <span class='ocrx_word' id='word_1_65' title='bbox 420 1040 563 1100; x_wconf 85' lang='lat' dir='ltr'><strong>existimo</strong></span> <span class='ocrx_word' id='word_1_66' title='bbox 578 1033 796 1117; x_wconf 75' lang='lat' dir='ltr'><strong>metaphoram</strong></span> <span class='ocrx_word' id='word_1_67' title='bbox 811 1037 892 1095; x_wconf 85' lang='lat' dir='ltr'><strong>sumi</strong></span> <span class='ocrx_word' id='word_1_68' title='bbox 908 1055 925 1095; x_wconf 84' lang='lat' dir='ltr'><strong>a</strong></span> <span class='ocrx_word' id='word_1_69' title='bbox 940 1035 1044 1096; x_wconf 84' lang='lat' dir='ltr'><strong>circo:</strong></span> <span class='ocrx_word' id='word_1_70' title='bbox 1058 1053 1159 1120; x_wconf 83' lang='lat' dir='ltr'><strong>patens</strong></span> <span class='ocrx_word' id='word_1_71' title='bbox 1168 1065 1217 1126; x_wconf 86' lang='lat' dir='ltr'><strong>pe·</strong></span> 
     </span>
     <span class='ocr_line' id='line_1_9' title="bbox 170 1124 1217 1212; baseline 0.003 -22"><span class='ocrx_word' id='word_1_72' title='bbox 170 1125 253 1209; x_wconf 73' lang='lat' dir='ltr'><strong>laqus</strong></span> <span class='ocrx_word' id='word_1_73' title='bbox 271 1144 331 1205; x_wconf 86' lang='lat' dir='ltr'><strong>est,</strong></span> <span class='ocrx_word' id='word_1_74' title='bbox 352 1149 433 1212; x_wconf 79' lang='lat' dir='ltr'><strong>opus</strong></span> <span class='ocrx_word' id='word_1_75' title='bbox 449 1127 511 1188; x_wconf 80' lang='lat' dir='ltr'><strong>hoo</strong></span> <span class='ocrx_word' id='word_1_76' title='bbox 530 1126 767 1206; x_wconf 69' lang='lat' dir='ltr'><strong>Georgicorum.</strong></span> <span class='ocrx_word' id='word_1_77' title='bbox 787 1124 994 1206; x_wconf 75' lang='lat' dir='ltr'><strong>itaquevult,</strong></span> <span class='ocrx_word' id='word_1_78' title='bbox 1012 1141 1048 1186; x_wconf 89' lang='lat' dir='ltr'><strong>ut</strong></span> <span class='ocrx_word' id='word_1_79' title='bbox 1066 1131 1217 1194; x_wconf 71' lang='lat' dir='ltr'><strong>Murenae</strong></span> 
     </span>
     <span class='ocr_line' id='line_1_10' title="bbox 169 1215 718 1294; baseline -0.013 -13"><span class='ocrx_word' id='word_1_80' title='bbox 169 1235 234 1282; x_wconf 77' lang='lat' dir='ltr'><strong>una</strong></span> <span class='ocrx_word' id='word_1_81' title='bbox 248 1237 352 1280; x_wconf 78' lang='lat' dir='ltr'><strong>tecum</strong></span> <span class='ocrx_word' id='word_1_82' title='bbox 368 1230 490 1290; x_wconf 88' lang='lat' dir='ltr'><strong>currat,</strong></span> <span class='ocrx_word' id='word_1_83' title='bbox 503 1237 567 1278; x_wconf 79' lang='lat' dir='ltr'><strong>una</strong></span> <span class='ocrx_word' id='word_1_84' title='bbox 583 1215 718 1294; x_wconf 75' lang='lat' dir='ltr'><strong>naviget.</strong></span> 
     </span>
    </p>

    <p class='ocr_par' dir='ltr' id='par_1_4' title="bbox 168 1301 1218 1834">
     <span class='ocr_line' id='line_1_11' title="bbox 207 1301 1217 1384; baseline 0.005 -18"><span class='ocrx_word' id='word_1_85' title='bbox 207 1303 256 1380; x_wconf 66' lang='lat'><strong>4²·</strong></span> <span class='ocrx_word' id='word_1_86' title='bbox 275 1306 439 1368; x_wconf 83' lang='lat' dir='ltr'><strong>Pertcribit</strong></span> <span class='ocrx_word' id='word_1_87' title='bbox 453 1305 513 1364; x_wconf 82' lang='lat' dir='ltr'><strong>eibi</strong></span> <span class='ocrx_word' id='word_1_88' title='bbox 531 1303 678 1378; x_wconf 89' lang='lat' dir='ltr'><strong>modum,</strong></span> <span class='ocrx_word' id='word_1_89' title='bbox 693 1321 788 1384; x_wconf 89' lang='lat' dir='ltr'><strong>quem</strong></span> <span class='ocrx_word' id='word_1_90' title='bbox 805 1301 970 1364; x_wconf 82' lang='lat' dir='ltr'><strong>habiturus</strong></span> <span class='ocrx_word' id='word_1_91' title='bbox 984 1305 1017 1363; x_wconf 92' lang='lat' dir='ltr'><strong>in</strong></span> <span class='ocrx_word' id='word_1_92' title='bbox 1032 1309 1217 1372; x_wconf 75' lang='lat' dir='ltr'><strong>tractatione</strong></span> 
     </span>
     <span class='ocr_line' id='line_1_12' title="bbox 168 1383 1218 1473; baseline 0.006 -21"><span class='ocrx_word' id='word_1_93' title='bbox 168 1393 335 1458; x_wconf 83' lang='lat' dir='ltr'><strong>arborum:</strong></span> <span class='ocrx_word' id='word_1_94' title='bbox 350 1415 422 1456; x_wconf 88' lang='lat' dir='ltr'><strong>nam</strong></span> <span class='ocrx_word' id='word_1_95' title='bbox 436 1394 545 1454; x_wconf 83' lang='lat' dir='ltr'><strong>omnia</strong></span> <span class='ocrx_word' id='word_1_96' title='bbox 559 1392 680 1466; x_wconf 87' lang='lat' dir='ltr'><strong>dicere,</strong></span> <span class='ocrx_word' id='word_1_97' title='bbox 693 1391 766 1472; x_wconf 83' lang='lat' dir='ltr'><strong>quia</strong></span> <span class='ocrx_word' id='word_1_98' title='bbox 780 1411 876 1451; x_wconf 86' lang='lat' dir='ltr'><strong>sanus</strong></span> <span class='ocrx_word' id='word_1_99' title='bbox 891 1392 1006 1473; x_wconf 83' lang='lat' dir='ltr'><strong>possit,</strong></span> <span class='ocrx_word' id='word_1_100' title='bbox 1020 1383 1113 1452; x_wconf 84' lang='lat' dir='ltr'><strong>etiam</strong></span> <span class='ocrx_word' id='word_1_101' title='bbox 1130 1397 1156 1454; x_wconf 83' lang='lat' dir='ltr'><strong>si</strong></span> <span class='ocrx_word' id='word_1_102' title='bbox 1170 1396 1218 1458; x_wconf 88' lang='lat' dir='ltr'><strong>illi</strong></span> 
     </span>
     <span class='ocr_line' id='line_1_13' title="bbox 168 1479 1217 1568; baseline 0.004 -24"><span class='ocrx_word' id='word_1_103' title='bbox 168 1481 277 1544; x_wconf 76' lang='lat' dir='ltr'><strong>muita</strong></span> <span class='ocrx_word' id='word_1_104' title='bbox 292 1484 424 1564; x_wconf 74' lang='lat' dir='ltr'><strong>lingum,</strong></span> <span class='ocrx_word' id='word_1_105' title='bbox 443 1483 544 1543; x_wconf 86' lang='lat' dir='ltr'><strong>molta</strong></span> <span class='ocrx_word' id='word_1_106' title='bbox 558 1503 630 1558; x_wconf 83' lang='lat' dir='ltr'><strong>ora,</strong></span> <span class='ocrx_word' id='word_1_107' title='bbox 648 1501 709 1540; x_wconf 83' lang='lat' dir='ltr'><strong>vox</strong></span> <span class='ocrx_word' id='word_1_108' title='bbox 726 1479 845 1541; x_wconf 75' lang='lat' dir='ltr'><strong>ferrea?</strong></span> <span class='ocrx_word' id='word_1_109' title='bbox 863 1481 902 1540; x_wconf 85' lang='lat' dir='ltr'><strong>Et</strong></span> <span class='ocrx_word' id='word_1_110' title='bbox 917 1495 1009 1558; x_wconf 81' lang='lat' dir='ltr'><strong>nota,</strong></span> <span class='ocrx_word' id='word_1_111' title='bbox 1030 1479 1114 1545; x_wconf 89' lang='lat' dir='ltr'><strong>hunc</strong></span> <span class='ocrx_word' id='word_1_112' title='bbox 1129 1505 1217 1568; x_wconf 82' lang='lat' dir='ltr'><strong>posse</strong></span> 
     </span>
     <span class='ocr_line' id='line_1_14' title="bbox 168 1569 1098 1654; baseline 0.001 -22"><span class='ocrx_word' id='word_1_113' title='bbox 168 1591 234 1634; x_wconf 78' lang='lat' dir='ltr'><strong>este</strong></span> <span class='ocrx_word' id='word_1_114' title='bbox 246 1571 353 1634; x_wconf 85' lang='lat' dir='ltr'><strong>locum</strong></span> <span class='ocrx_word' id='word_1_115' title='bbox 362 1575 563 1647; x_wconf 66' lang='lat' dir='ltr'><strong>attentionis,</strong></span> <span class='ocrx_word' id='word_1_116' title='bbox 576 1573 650 1654; x_wconf 88' lang='lat' dir='ltr'><strong>quia</strong></span> <span class='ocrx_word' id='word_1_117' title='bbox 663 1571 799 1631; x_wconf 84' lang='lat' dir='ltr'><strong>breviter</strong></span> <span class='ocrx_word' id='word_1_118' title='bbox 811 1589 876 1631; x_wconf 80' lang='lat' dir='ltr'><strong>rem</strong></span> <span class='ocrx_word' id='word_1_119' title='bbox 888 1569 1098 1633; x_wconf 81' lang='lat' dir='ltr'><strong>absoluturus.</strong></span> 
     </span>
     <span class='ocr_line' id='line_1_15' title="bbox 169 1658 1217 1743; baseline 0.004 -21"><span class='ocrx_word' id='word_1_120' title='bbox 169 1702 172 1710; x_wconf 89' lang='lat'><em>·</em></span> <span class='ocrx_word' id='word_1_121' title='bbox 206 1658 256 1735; x_wconf 83' lang='grc'><strong>44.</strong></span> <span class='ocrx_word' id='word_1_122' title='bbox 272 1664 415 1724; x_wconf 72' lang='lat' dir='ltr'><strong>liecurt-it</strong></span> <span class='ocrx_word' id='word_1_123' title='bbox 424 1661 463 1724; x_wconf 84' lang='lat' dir='ltr'><strong>ad</strong></span> <span class='ocrx_word' id='word_1_124' title='bbox 475 1661 617 1723; x_wconf 84' lang='lat' dir='ltr'><strong>favorem</strong></span> <span class='ocrx_word' id='word_1_125' title='bbox 627 1659 814 1743; x_wconf 76' lang='lat' dir='ltr'><strong>petendum,</strong></span> <span class='ocrx_word' id='word_1_126' title='bbox 825 1675 855 1720; x_wconf 90' lang='lat' dir='ltr'><strong>et</strong></span> <span class='ocrx_word' id='word_1_127' title='bbox 865 1659 933 1720; x_wconf 80' lang='lat' dir='ltr'><strong>vuit</strong></span> <span class='ocrx_word' id='word_1_128' title='bbox 943 1661 1002 1720; x_wconf 84' lang='lat' dir='ltr'><strong>sibi</strong></span> <span class='ocrx_word' id='word_1_129' title='bbox 1013 1663 1045 1720; x_wconf 93' lang='lat' dir='ltr'><strong>in</strong></span> <span class='ocrx_word' id='word_1_130' title='bbox 1056 1661 1116 1724; x_wconf 86' lang='lat' dir='ltr'><strong>hoe</strong></span> <span class='ocrx_word' id='word_1_131' title='bbox 1125 1665 1217 1727; x_wconf 89' lang='lat' dir='ltr'><strong>initio</strong></span> 
     </span>
     <span class='ocr_line' id='line_1_16' title="bbox 168 1748 1218 1834; baseline 0.005 -24"><span class='ocrx_word' id='word_1_132' title='bbox 168 1751 301 1832; x_wconf 74' lang='lat' dir='ltr'><strong>aspirari</strong></span> <span class='ocrx_word' id='word_1_133' title='bbox 313 1755 331 1812; x_wconf 74' lang='lat' dir='ltr'><strong>a</strong></span> <span class='ocrx_word' id='word_1_134' title='bbox 342 1753 523 1814; x_wconf 68' lang='lat' dir='ltr'><strong>Macenete.</strong></span> <span class='ocrx_word' id='word_1_135' title='bbox 537 1754 607 1812; x_wconf 81' lang='lat' dir='ltr'><strong>letis</strong></span> <span class='ocrx_word' id='word_1_136' title='bbox 619 1752 719 1824; x_wconf 88' lang='lat' dir='ltr'><strong>enim,</strong></span> <span class='ocrx_word' id='word_1_137' title='bbox 735 1771 817 1812; x_wconf 79' lang='lat' dir='ltr'><strong>orum</strong></span> <span class='ocrx_word' id='word_1_138' title='bbox 833 1748 894 1832; x_wconf 72' lang='lat' dir='ltr'><strong>laps</strong></span> <span class='ocrx_word' id='word_1_139' title='bbox 905 1753 996 1834; x_wconf 84' lang='lat' dir='ltr'><strong>primi</strong></span> <span class='ocrx_word' id='word_1_140' title='bbox 1010 1749 1117 1828; x_wconf 81' lang='lat' dir='ltr'><strong>litoris,</strong></span> <span class='ocrx_word' id='word_1_141' title='bbox 1132 1752 1218 1814; x_wconf 82' lang='lat' dir='ltr'><strong>vide·</strong></span> 
     </span>
    </p>
   </div>
   <div class='ocr_carea' id='block_1_4' title="bbox 165 1883 1218 2512">
    <p class='ocr_par' dir='ltr' id='par_1_5' title="bbox 165 1883 1218 2436">
     <span class='ocr_line' id='line_1_17' title="bbox 169 1883 1217 1958; baseline 0.008 -29"><span class='ocrx_word' id='word_1_142' title='bbox 169 1895 233 1934; x_wconf 73' lang='lat' dir='ltr'><strong>«tus</strong></span> <span class='ocrx_word' id='word_1_143' title='bbox 243 1903 249 1933; x_wconf 89' lang='lat'><em>=</em></span> <span class='ocrx_word' id='word_1_144' title='bbox 261 1907 272 1932; x_wconf 73' lang='grc' dir='ltr'><strong>ιι</strong></span> <span class='ocrx_word' id='word_1_145' title='bbox 284 1898 310 1937; x_wconf 86' lang='lat' dir='ltr'><strong>et</strong></span> <span class='ocrx_word' id='word_1_146' title='bbox 321 1888 428 1958; x_wconf 85' lang='lat' dir='ltr'><strong>passim.</strong></span> <span class='ocrx_word' id='word_1_147' title='bbox 442 1886 668 1951; x_wconf 64' lang='lat' dir='ltr'><strong>noscerentur,</strong></span> <span class='ocrx_word' id='word_1_148' title='bbox 714 1884 769 1936; x_wconf 83' lang='lat' dir='ltr'><strong>iter.</strong></span> <span class='ocrx_word' id='word_1_149' title='bbox 792 1885 946 1956; x_wconf 78' lang='lat' dir='ltr'><strong>Propertius</strong></span> <span class='ocrx_word' id='word_1_150' title='bbox 966 1901 1074 1956; x_wconf 81' lang='lat' dir='ltr'><strong>quoquo</strong></span> <span class='ocrx_word' id='word_1_151' title='bbox 1096 1883 1130 1936; x_wconf 88' lang='lat' dir='ltr'><strong>ad</strong></span> <span class='ocrx_word' id='word_1_152' title='bbox 1153 1903 1217 1939; x_wconf 83' lang='lat' dir='ltr'><strong>suot</strong></span> 
     </span>
     <span class='ocr_line' id='line_1_18' title="bbox 167 1961 1218 2038; baseline 0.002 -23"><span class='ocrx_word' id='word_1_153' title='bbox 167 1961 325 2018; x_wconf 59' lang='lat' dir='ltr'><strong>assument</strong></span> <span class='ocrx_word' id='word_1_154' title='bbox 335 1966 505 2038; x_wconf 86' lang='lat' dir='ltr'><strong>superaddita</strong></span> <span class='ocrx_word' id='word_1_155' title='bbox 514 1969 574 2018; x_wconf 85' lang='lat' dir='ltr'><strong>&#39;ritis</strong></span> <span class='ocrx_word' id='word_1_156' title='bbox 582 1967 669 2018; x_wconf 76' lang='lat' dir='ltr'><strong>Ditfu-</strong></span> <span class='ocrx_word' id='word_1_157' title='bbox 713 1981 805 2017; x_wconf 81' lang='lat' dir='ltr'><strong>versus</strong></span> <span class='ocrx_word' id='word_1_158' title='bbox 821 1965 1000 2017; x_wconf 79' lang='lat' dir='ltr'><strong>conformavit</strong></span> <span class='ocrx_word' id='word_1_159' title='bbox 1017 1981 1166 2016; x_wconf 82' lang='lat' dir='ltr'><strong>sermonem</strong></span> <span class='ocrx_word' id='word_1_160' title='bbox 1182 1965 1218 2018; x_wconf 83' lang='lat' dir='ltr'><strong>tie</strong></span> 
     </span>
     <span class='ocr_line' id='line_1_19' title="bbox 168 2041 1218 2119; baseline 0.004 -25"><span class='ocrx_word' id='word_1_161' title='bbox 168 2061 181 2088; x_wconf 81' lang='grc' dir='ltr'>ι</span> <span class='ocrx_word' id='word_1_162' title='bbox 191 2061 234 2094; x_wconf 82' lang='lat' dir='ltr'><strong>tos</strong></span> <span class='ocrx_word' id='word_1_163' title='bbox 249 2045 329 2098; x_wconf 87' lang='lat' dir='ltr'><strong>edera</strong></span> <span class='ocrx_word' id='word_1_164' title='bbox 344 2048 418 2098; x_wconf 81' lang='lat' dir='ltr'><strong>vestit</strong></span> <span class='ocrx_word' id='word_1_165' title='bbox 434 2045 550 2118; x_wconf 85' lang='lat' dir='ltr'><strong>pallente</strong></span> <span class='ocrx_word' id='word_1_166' title='bbox 562 2063 668 2119; x_wconf 75' lang='lat' dir='ltr'><strong>corym-</strong></span> <span class='ocrx_word' id='word_1_167' title='bbox 713 2061 742 2096; x_wconf 86' lang='lat' dir='ltr'><strong>re</strong></span> <span class='ocrx_word' id='word_1_168' title='bbox 759 2047 890 2097; x_wconf 86' lang='lat' dir='ltr'><strong>nautica:</strong></span> <span class='ocrx_word' id='word_1_169' title='bbox 910 2067 920 2091; x_wconf 79' lang='grc' dir='ltr'>ι</span> <span class='ocrx_word' id='word_1_170' title='bbox 935 2041 1007 2112; x_wconf 87' lang='lat' dir='ltr'><strong>Quid</strong></span> <span class='ocrx_word' id='word_1_171' title='bbox 1023 2063 1064 2096; x_wconf 86' lang='lat' dir='ltr'><strong>me</strong></span> <span class='ocrx_word' id='word_1_172' title='bbox 1082 2043 1218 2098; x_wconf 82' lang='lat' dir='ltr'><strong>scribendi</strong></span> 
     </span>
     <span class='ocr_line' id='line_1_20' title="bbox 167 2122 1217 2197; baseline 0.001 -21"><span class='ocrx_word' id='word_1_173' title='bbox 167 2143 180 2169; x_wconf 72' lang='lat' dir='ltr'><strong>e</strong></span> <span class='ocrx_word' id='word_1_174' title='bbox 190 2122 240 2176; x_wconf 82' lang='lat' dir='ltr'><strong>hoe</strong></span> <span class='ocrx_word' id='word_1_175' title='bbox 251 2145 262 2170; x_wconf 77' lang='grc' dir='ltr'>ι</span> <span class='ocrx_word' id='word_1_176' title='bbox 273 2146 280 2176; x_wconf 74' lang='lat' dir='ltr'>x</span> <span class='ocrx_word' id='word_1_177' title='bbox 291 2136 317 2177; x_wconf 89' lang='lat' dir='ltr'><strong>et</strong></span> <span class='ocrx_word' id='word_1_178' title='bbox 326 2125 381 2178; x_wconf 79' lang='lat' dir='ltr'><strong>Eoi.</strong></span> <span class='ocrx_word' id='word_1_179' title='bbox 393 2127 441 2191; x_wconf 79' lang='lat' dir='ltr'><strong>w,</strong></span> <span class='ocrx_word' id='word_1_180' title='bbox 454 2126 488 2193; x_wconf 88' lang='grc'><strong>45</strong></span> <span class='ocrx_word' id='word_1_181' title='bbox 498 2147 504 2177; x_wconf 90' lang='lat'><strong>:</strong></span> <span class='ocrx_word' id='word_1_182' title='bbox 515 2127 613 2197; x_wconf 82' lang='lat' dir='ltr'><strong>Sponte</strong></span> <span class='ocrx_word' id='word_1_183' title='bbox 620 2143 667 2177; x_wconf 77' lang='lat' dir='ltr'><strong>sun</strong></span> <span class='ocrx_word' id='word_1_184' title='bbox 716 2145 727 2170; x_wconf 80' lang='grc' dir='ltr'>ι</span> <span class='ocrx_word' id='word_1_185' title='bbox 738 2135 792 2175; x_wconf 87' lang='lat' dir='ltr'><strong>tarn</strong></span> <span class='ocrx_word' id='word_1_186' title='bbox 802 2137 906 2176; x_wconf 83' lang='lat' dir='ltr'><strong>vastum</strong></span> <span class='ocrx_word' id='word_1_187' title='bbox 914 2125 996 2175; x_wconf 83' lang='lat' dir='ltr'><strong>mittis</strong></span> <span class='ocrx_word' id='word_1_188' title='bbox 1005 2125 1032 2175; x_wconf 93' lang='lat' dir='ltr'><strong>in</strong></span> <span class='ocrx_word' id='word_1_189' title='bbox 1041 2142 1145 2196; x_wconf 74' lang='lat' dir='ltr'><strong>equor,</strong></span> <span class='ocrx_word' id='word_1_190' title='bbox 1154 2127 1217 2178; x_wconf 83' lang='lat' dir='ltr'><strong>Non</strong></span> 
     </span>
     <span class='ocr_line' id='line_1_21' title="bbox 165 2202 1218 2279; baseline 0.003 -23"><span class='ocrx_word' id='word_1_191' title='bbox 165 2204 266 2274; x_wconf 71' lang='lat' dir='ltr'><strong>sandyx</strong></span> <span class='ocrx_word' id='word_1_192' title='bbox 279 2217 409 2276; x_wconf 69' lang='lat' dir='ltr'><strong>pascentes</strong></span> <span class='ocrx_word' id='word_1_193' title='bbox 427 2207 515 2259; x_wconf 75' lang='lat' dir='ltr'><strong>vestiet</strong></span> <span class='ocrx_word' id='word_1_194' title='bbox 530 2225 627 2279; x_wconf 72' lang='lat' dir='ltr'><strong>opnorr</strong></span> <span class='ocrx_word' id='word_1_195' title='bbox 641 2217 668 2257; x_wconf 87' lang='lat' dir='ltr'><strong>et</strong></span> <span class='ocrx_word' id='word_1_196' title='bbox 716 2215 799 2254; x_wconf 70' lang='lat' dir='ltr'><strong>nsunt</strong></span> <span class='ocrx_word' id='word_1_197' title='bbox 816 2215 878 2274; x_wconf 82' lang='lat' dir='ltr'><strong>apta</strong></span> <span class='ocrx_word' id='word_1_198' title='bbox 890 2221 954 2254; x_wconf 77' lang='lat' dir='ltr'><strong>mere</strong></span> <span class='ocrx_word' id='word_1_199' title='bbox 968 2202 1081 2274; x_wconf 76' lang='lat' dir='ltr'><strong>grandia</strong></span> <span class='ocrx_word' id='word_1_200' title='bbox 1097 2205 1158 2257; x_wconf 81' lang='lat' dir='ltr'><strong>vela</strong></span> <span class='ocrx_word' id='word_1_201' title='bbox 1174 2225 1218 2259; x_wconf 83' lang='lat' dir='ltr'><strong>ra·</strong></span> 
     </span>
     <span class='ocr_line' id='line_1_22' title="bbox 165 2281 1217 2357; baseline 0.005 -24"><span class='ocrx_word' id='word_1_202' title='bbox 165 2281 262 2354; x_wconf 68' lang='lat' dir='ltr'><strong>Georp.</strong></span> <span class='ocrx_word' id='word_1_203' title='bbox 277 2285 313 2350; x_wconf 82' lang='lat'><strong>11,</strong></span> <span class='ocrx_word' id='word_1_204' title='bbox 327 2302 393 2354; x_wconf 77' lang='lat'><strong>219:</strong></span> <span class='ocrx_word' id='word_1_205' title='bbox 407 2287 521 2357; x_wconf 66' lang='lat' dir='ltr'><strong>Quaeque</strong></span> <span class='ocrx_word' id='word_1_206' title='bbox 532 2301 577 2337; x_wconf 77' lang='lat' dir='ltr'><strong>too</strong></span> <span class='ocrx_word' id='word_1_207' title='bbox 590 2283 668 2335; x_wconf 79' lang='lat' dir='ltr'><strong>viridi</strong></span> <span class='ocrx_word' id='word_1_208' title='bbox 715 2305 726 2327; x_wconf 81' lang='grc' dir='ltr'>ι</span> <span class='ocrx_word' id='word_1_209' title='bbox 737 2284 765 2332; x_wconf 93' lang='lat' dir='ltr'><strong>ti.</strong></span> <span class='ocrx_word' id='word_1_210' title='bbox 775 2305 786 2328; x_wconf 73' lang='lat' dir='ltr'><strong>n</strong></span> <span class='ocrx_word' id='word_1_211' title='bbox 797 2283 857 2333; x_wconf 84' lang='lat' dir='ltr'><strong>Fuit</strong></span> <span class='ocrx_word' id='word_1_212' title='bbox 867 2299 973 2352; x_wconf 76' lang='lat' dir='ltr'><strong>temper</strong></span> <span class='ocrx_word' id='word_1_213' title='bbox 982 2282 1057 2333; x_wconf 84' lang='lat' dir='ltr'><strong>locus</strong></span> <span class='ocrx_word' id='word_1_214' title='bbox 1067 2287 1217 2338; x_wconf 83' lang='lat' dir='ltr'><strong>commonit</strong></span> 
     </span>
     <span class='ocr_line' id='line_1_23' title="bbox 165 2361 1217 2436; baseline 0.004 -23"><span class='ocrx_word' id='word_1_215' title='bbox 165 2365 516 2435; x_wconf 71' lang='lat' dir='ltr'><strong>temperteqrnmineoertit.</strong></span> <span class='ocrx_word' id='word_1_216' title='bbox 712 2362 868 2426; x_wconf 80' lang='lat' dir='ltr'><strong>Poetarum,</strong></span> <span class='ocrx_word' id='word_1_217' title='bbox 888 2361 1034 2432; x_wconf 76' lang='lat' dir='ltr'><strong>confugere</strong></span> <span class='ocrx_word' id='word_1_218' title='bbox 1052 2361 1087 2413; x_wconf 83' lang='lat' dir='ltr'><strong>ad</strong></span> <span class='ocrx_word' id='word_1_219' title='bbox 1107 2365 1217 2436; x_wconf 76' lang='lat' dir='ltr'><strong>naviga-</strong></span> 
     </span>
    </p>

    <p class='ocr_par' dir='ltr' id='par_1_6' title="bbox 202 2439 1218 2512">
     <span class='ocr_line' id='line_1_24' title="bbox 202 2439 1218 2512; baseline 0.003 -20"><span class='ocrx_word' id='word_1_220' title='bbox 202 2441 245 2509; x_wconf 81' lang='lat'><strong>39.</strong></span> <span class='ocrx_word' id='word_1_221' title='bbox 266 2441 358 2512; x_wconf 76' lang='lat' dir='ltr'><strong>Tuque</strong></span> <span class='ocrx_word' id='word_1_222' title='bbox 371 2443 443 2507; x_wconf 78' lang='lat' dir='ltr'><strong>ades,</strong></span> <span class='ocrx_word' id='word_1_223' title='bbox 460 2445 595 2494; x_wconf 68' lang='lat' dir='ltr'><strong>Maecenas.</strong></span> <span class='ocrx_word' id='word_1_224' title='bbox 610 2439 668 2491; x_wconf 77' lang='lat' dir='ltr'><strong>Ad·</strong></span> <span class='ocrx_word' id='word_1_225' title='bbox 712 2441 812 2490; x_wconf 86' lang='lat' dir='ltr'><strong>tionem</strong></span> <span class='ocrx_word' id='word_1_226' title='bbox 828 2441 904 2490; x_wconf 91' lang='lat' dir='ltr'><strong>initio</strong></span> <span class='ocrx_word' id='word_1_227' title='bbox 919 2459 1039 2510; x_wconf 89' lang='lat' dir='ltr'><strong>operum.</strong></span> <span class='ocrx_word' id='word_1_228' title='bbox 1055 2471 1091 2479; x_wconf 90' lang='lat'>—</span> <span class='ocrx_word' id='word_1_229' title='bbox 1106 2441 1218 2510; x_wconf 61' lang='lat' dir='ltr'><strong>Volent]</strong></span> 
     </span>
    </p>
   </div>
   <div class='ocr_carea' id='block_1_5' title="bbox 166 2519 1329 2591">
    <p class='ocr_par' dir='ltr' id='par_1_7' title="bbox 166 2519 1329 2591">
     <span class='ocr_line' id='line_1_25' title="bbox 166 2519 1329 2591; baseline 0.004 -20"><span class='ocrx_word' id='word_1_230' title='bbox 166 2529 241 2582; x_wconf 83' lang='lat' dir='ltr'><strong>esto,</strong></span> <span class='ocrx_word' id='word_1_231' title='bbox 252 2529 278 2570; x_wconf 88' lang='lat' dir='ltr'><strong>et</strong></span> <span class='ocrx_word' id='word_1_232' title='bbox 290 2521 435 2590; x_wconf 72' lang='lat' dir='ltr'><strong>inemptum</strong></span> <span class='ocrx_word' id='word_1_233' title='bbox 449 2522 567 2572; x_wconf 83' lang='lat' dir='ltr'><strong>favorem</strong></span> <span class='ocrx_word' id='word_1_234' title='bbox 581 2520 668 2570; x_wconf 86' lang='lat' dir='ltr'><strong>omni·</strong></span> <span class='ocrx_word' id='word_1_235' title='bbox 712 2519 774 2571; x_wconf 82' lang='lat' dir='ltr'><strong>ride</strong></span> <span class='ocrx_word' id='word_1_236' title='bbox 787 2519 845 2570; x_wconf 84' lang='lat' dir='ltr'><strong>AEn.</strong></span> <span class='ocrx_word' id='word_1_237' title='bbox 861 2521 913 2586; x_wconf 76' lang='grc' dir='ltr'>ΙΙΙ,</span> <span class='ocrx_word' id='word_1_238' title='bbox 927 2519 994 2589; x_wconf 83' lang='grc'>457;</span> <span class='ocrx_word' id='word_1_239' title='bbox 1015 2521 1148 2591; x_wconf 87' lang='lat' dir='ltr'><strong>appositio</strong></span> <span class='ocrx_word' id='word_1_240' title='bbox 1161 2524 1216 2576; x_wconf 84' lang='lat' dir='ltr'><strong>rim</strong></span> <span class='ocrx_word' id='word_1_241' title='bbox 1326 2547 1329 2552; x_wconf 90' lang='lat'>·</span> 
     </span>
    </p>
   </div>
   <div class='ocr_carea' id='block_1_6' title="bbox 91 2596 1225 4190">
    <p class='ocr_par' dir='ltr' id='par_1_8' title="bbox 91 2596 1225 4190">
     <span class='ocr_line' id='line_1_26' title="bbox 167 2596 1216 2670; baseline 0.007 -22"><span class='ocrx_word' id='word_1_242' title='bbox 167 2596 217 2650; x_wconf 87' lang='lat' dir='ltr'><strong>bos</strong></span> <span class='ocrx_word' id='word_1_243' title='bbox 240 2597 315 2650; x_wconf 82' lang='lat' dir='ltr'><strong>iibria</strong></span> <span class='ocrx_word' id='word_1_244' title='bbox 340 2599 496 2670; x_wconf 87' lang='lat' dir='ltr'><strong>impendito.</strong></span> <span class='ocrx_word' id='word_1_245' title='bbox 521 2601 582 2650; x_wconf 83' lang='lat' dir='ltr'><strong>Post</strong></span> <span class='ocrx_word' id='word_1_246' title='bbox 603 2601 669 2650; x_wconf 81' lang='lat' dir='ltr'><strong>Bac·</strong></span> <span class='ocrx_word' id='word_1_247' title='bbox 713 2615 813 2670; x_wconf 76' lang='lat' dir='ltr'><strong>augens</strong></span> <span class='ocrx_word' id='word_1_248' title='bbox 836 2600 997 2651; x_wconf 84' lang='lat' dir='ltr'><strong>sententiae:</strong></span> <span class='ocrx_word' id='word_1_249' title='bbox 1022 2598 1102 2652; x_wconf 87' lang='lat' dir='ltr'><strong>lectio</strong></span> <span class='ocrx_word' id='word_1_250' title='bbox 1126 2601 1216 2658; x_wconf 79' lang='lat' dir='ltr'><strong>volans</strong></span> 
     </span>
     <span class='ocr_line' id='line_1_27' title="bbox 166 2675 974 2744; baseline 0.001 -17"><span class='ocrx_word' id='word_1_251' title='bbox 166 2675 246 2728; x_wconf 86' lang='lat' dir='ltr'><strong>chum</strong></span> <span class='ocrx_word' id='word_1_252' title='bbox 258 2679 366 2730; x_wconf 81' lang='lat' dir='ltr'><strong>invocat</strong></span> <span class='ocrx_word' id='word_1_253' title='bbox 382 2681 549 2731; x_wconf 72' lang='lat' dir='ltr'><strong>Mecenetem</strong></span> <span class='ocrx_word' id='word_1_254' title='bbox 555 2719 564 2744; x_wconf 91' lang='lat'><em>,</em></span> <span class='ocrx_word' id='word_1_255' title='bbox 581 2691 610 2730; x_wconf 92' lang='lat' dir='ltr'><strong>ut</strong></span> <span class='ocrx_word' id='word_1_256' title='bbox 621 2678 669 2730; x_wconf 86' lang='lat' dir='ltr'><strong>Ge.</strong></span> <span class='ocrx_word' id='word_1_257' title='bbox 714 2695 793 2730; x_wconf 82' lang='lat' dir='ltr'><strong>sensu</strong></span> <span class='ocrx_word' id='word_1_258' title='bbox 805 2691 887 2731; x_wconf 88' lang='lat' dir='ltr'><strong>caret.</strong></span> <span class='ocrx_word' id='word_1_259' title='bbox 899 2679 931 2732; x_wconf 87' lang='lat' dir='ltr'><strong>V.</strong></span> <span class='ocrx_word' id='word_1_260' title='bbox 944 2679 974 2731; x_wconf 89' lang='lat' dir='ltr'><strong>G.</strong></span> 
     </span>
     <span class='ocr_line' id='line_1_28' title="bbox 166 2755 1215 2834; baseline 0.011 -28"><span class='ocrx_word' id='word_1_261' title='bbox 166 2755 195 2820; x_wconf 79' lang='lat'><strong>13</strong></span> <span class='ocrx_word' id='word_1_262' title='bbox 208 2771 270 2828; x_wconf 87' lang='lat' dir='ltr'><strong>post</strong></span> <span class='ocrx_word' id='word_1_263' title='bbox 280 2759 356 2810; x_wconf 80' lang='lat' dir='ltr'><strong>varia</strong></span> <span class='ocrx_word' id='word_1_264' title='bbox 370 2759 500 2824; x_wconf 84' lang='lat' dir='ltr'><strong>Nomina,</strong></span> <span class='ocrx_word' id='word_1_265' title='bbox 512 2759 668 2832; x_wconf 79' lang='lat' dir='ltr'><strong>Aupnstum.</strong></span> <span class='ocrx_word' id='word_1_266' title='bbox 748 2759 791 2827; x_wconf 85' lang='grc'><strong>43.</strong></span> <span class='ocrx_word' id='word_1_267' title='bbox 805 2761 883 2824; x_wconf 83' lang='lat' dir='ltr'><strong>Non,</strong></span> <span class='ocrx_word' id='word_1_268' title='bbox 897 2759 964 2811; x_wconf 77' lang='lat' dir='ltr'><strong>mihi</strong></span> <span class='ocrx_word' id='word_1_269' title='bbox 974 2759 996 2813; x_wconf 80' lang='lat' dir='ltr'><strong>si</strong></span> <span class='ocrx_word' id='word_1_270' title='bbox 1006 2758 1103 2834; x_wconf 72' lang='lat' dir='ltr'><strong>linquo</strong></span> <span class='ocrx_word' id='word_1_271' title='bbox 1111 2775 1215 2818; x_wconf 78' lang='lat' dir='ltr'><strong>centrtm</strong></span> 
     </span>
     <span class='ocr_line' id='line_1_29' title="bbox 203 2837 1225 2914; baseline 0.011 -26"><span class='ocrx_word' id='word_1_272' title='bbox 203 2837 246 2904; x_wconf 90' lang='grc' dir='ltr'><strong>4ο.</strong></span> <span class='ocrx_word' id='word_1_273' title='bbox 262 2838 376 2904; x_wconf 84' lang='lat' dir='ltr'><strong>Odeeut,</strong></span> <span class='ocrx_word' id='word_1_274' title='bbox 387 2857 403 2890; x_wconf 91' lang='lat' dir='ltr'><strong>o</strong></span> <span class='ocrx_word' id='word_1_275' title='bbox 412 2838 497 2910; x_wconf 84' lang='lat' dir='ltr'><strong>famoe</strong></span> <span class='ocrx_word' id='word_1_276' title='bbox 509 2839 601 2890; x_wconf 87' lang='lat' dir='ltr'><strong>merito</strong></span> <span class='ocrx_word' id='word_1_277' title='bbox 608 2855 669 2910; x_wconf 80' lang='lat' dir='ltr'><strong>pars</strong></span> <span class='ocrx_word' id='word_1_278' title='bbox 711 2841 776 2906; x_wconf 79' lang='lat' dir='ltr'><strong>tint,</strong></span> <span class='ocrx_word' id='word_1_279' title='bbox 791 2859 888 2914; x_wconf 78' lang='lat' dir='ltr'><strong>oraque</strong></span> <span class='ocrx_word' id='word_1_280' title='bbox 904 2851 1023 2907; x_wconf 82' lang='lat' dir='ltr'><strong>centum,</strong></span> <span class='ocrx_word' id='word_1_281' title='bbox 1042 2853 1092 2894; x_wconf 86' lang='lat' dir='ltr'><strong>etc.</strong></span> <span class='ocrx_word' id='word_1_282' title='bbox 1110 2845 1144 2896; x_wconf 89' lang='lat' dir='ltr'><strong>Hi</strong></span> <span class='ocrx_word' id='word_1_283' title='bbox 1155 2865 1225 2899; x_wconf 63' lang='lat' dir='ltr'><strong>verm</strong></span> 
     </span>
     <span class='ocr_line' id='line_1_30' title="bbox 165 2918 1205 2992; baseline 0.009 -26"><span class='ocrx_word' id='word_1_284' title='bbox 165 2918 282 2968; x_wconf 74' lang='lat' dir='ltr'><strong>maxima</strong></span> <span class='ocrx_word' id='word_1_285' title='bbox 304 2931 403 2971; x_wconf 82' lang='lat' dir='ltr'><strong>nostroe.</strong></span> <span class='ocrx_word' id='word_1_286' title='bbox 428 2919 578 2971; x_wconf 83' lang='lat' dir='ltr'><strong>Horatius:</strong></span> <span class='ocrx_word' id='word_1_287' title='bbox 602 2920 669 2971; x_wconf 86' lang='lat' dir='ltr'><strong>Oet</strong></span> <span class='ocrx_word' id='word_1_288' title='bbox 712 2937 756 2972; x_wconf 82' lang='lat' dir='ltr'><strong>sos</strong></span> <span class='ocrx_word' id='word_1_289' title='bbox 769 2921 849 2972; x_wconf 82' lang='lat' dir='ltr'><strong>etiarn</strong></span> <span class='ocrx_word' id='word_1_290' title='bbox 867 2919 991 2991; x_wconf 74' lang='lat' dir='ltr'><strong>leguntur</strong></span> <span class='ocrx_word' id='word_1_291' title='bbox 1005 2921 1064 2973; x_wconf 80' lang='lat' dir='ltr'><strong>AEn.</strong></span> <span class='ocrx_word' id='word_1_292' title='bbox 1083 2923 1135 2992; x_wconf 84' lang='lat' dir='ltr'><strong>VI,</strong></span> <span class='ocrx_word' id='word_1_293' title='bbox 1152 2925 1205 2978; x_wconf 80' lang='lat'><strong>625</strong></span> 
     </span>
     <span class='ocr_line' id='line_1_31' title="bbox 165 2996 1217 3071; baseline 0.01 -23"><span class='ocrx_word' id='word_1_294' title='bbox 165 2996 312 3065; x_wconf 69' lang='lat' dir='ltr'><strong>presidium</strong></span> <span class='ocrx_word' id='word_1_295' title='bbox 332 3007 358 3049; x_wconf 87' lang='lat' dir='ltr'><strong>et</strong></span> <span class='ocrx_word' id='word_1_296' title='bbox 377 2996 453 3049; x_wconf 83' lang='lat' dir='ltr'><strong>dulce</strong></span> <span class='ocrx_word' id='word_1_297' title='bbox 473 2999 548 3051; x_wconf 80' lang='lat' dir='ltr'><strong>decus</strong></span> <span class='ocrx_word' id='word_1_298' title='bbox 569 3015 666 3049; x_wconf 85' lang='lat' dir='ltr'><strong>meum.</strong></span> <span class='ocrx_word' id='word_1_299' title='bbox 712 2999 837 3071; x_wconf 85' lang='lat' dir='ltr'><strong>Sumptos</strong></span> <span class='ocrx_word' id='word_1_300' title='bbox 859 3019 905 3052; x_wconf 79' lang='lat' dir='ltr'><strong>eoa</strong></span> <span class='ocrx_word' id='word_1_301' title='bbox 927 3013 1039 3053; x_wconf 83' lang='lat' dir='ltr'><strong>testatur</strong></span> <span class='ocrx_word' id='word_1_302' title='bbox 1062 3004 1217 3058; x_wconf 82' lang='lat' dir='ltr'><strong>Macrobius</strong></span> 
     </span>
     <span class='ocr_line' id='line_1_32' title="bbox 167 3074 1215 3145; baseline 0.014 -23"><span class='ocrx_word' id='word_1_303' title='bbox 167 3074 287 3145; x_wconf 81' lang='lat' dir='ltr'><strong>Propert.</strong></span> <span class='ocrx_word' id='word_1_304' title='bbox 301 3077 340 3141; x_wconf 82' lang='grc' dir='ltr'><strong>Π,</strong></span> <span class='ocrx_word' id='word_1_305' title='bbox 354 3078 380 3127; x_wconf 79' lang='lat'><strong>1:</strong></span> <span class='ocrx_word' id='word_1_306' title='bbox 397 3099 408 3124; x_wconf 82' lang='grc' dir='ltr'>ι</span> <span class='ocrx_word' id='word_1_307' title='bbox 423 3078 554 3130; x_wconf 73' lang='lat' dir='ltr'><strong>Maecenas</strong></span> <span class='ocrx_word' id='word_1_308' title='bbox 571 3089 668 3129; x_wconf 74' lang='lat' dir='ltr'><strong>nostre</strong></span> <span class='ocrx_word' id='word_1_309' title='bbox 712 3077 845 3131; x_wconf 87' lang='lat' dir='ltr'><strong>Saturnal.</strong></span> <span class='ocrx_word' id='word_1_310' title='bbox 858 3079 908 3142; x_wconf 83' lang='lat' dir='ltr'><strong>VI,</strong></span> <span class='ocrx_word' id='word_1_311' title='bbox 921 3079 952 3140; x_wconf 88' lang='lat'><strong>3;</strong></span> <span class='ocrx_word' id='word_1_312' title='bbox 966 3097 997 3132; x_wconf 83' lang='lat' dir='ltr'><strong>ex</strong></span> <span class='ocrx_word' id='word_1_313' title='bbox 1009 3081 1123 3133; x_wconf 83' lang='lat' dir='ltr'><strong>Homero</strong></span> <span class='ocrx_word' id='word_1_314' title='bbox 1138 3083 1215 3137; x_wconf 82' lang='lat' dir='ltr'><strong>Iliad.</strong></span> 
     </span>
     <span class='ocr_line' id='line_1_33' title="bbox 169 3154 1218 3230; baseline 0.011 -27"><span class='ocrx_word' id='word_1_315' title='bbox 169 3173 181 3199; x_wconf 78' lang='grc' dir='ltr'>ι</span> <span class='ocrx_word' id='word_1_316' title='bbox 192 3169 252 3225; x_wconf 81' lang='lat' dir='ltr'><strong>spes</strong></span> <span class='ocrx_word' id='word_1_317' title='bbox 266 3154 399 3207; x_wconf 80' lang='lat' dir='ltr'><strong>invidiosa</strong></span> <span class='ocrx_word' id='word_1_318' title='bbox 409 3158 541 3224; x_wconf 77' lang='lat' dir='ltr'><strong>juvente,</strong></span> <span class='ocrx_word' id='word_1_319' title='bbox 560 3159 592 3208; x_wconf 85' lang='lat' dir='ltr'><strong>Et</strong></span> <span class='ocrx_word' id='word_1_320' title='bbox 607 3157 668 3207; x_wconf 75' lang='lat' dir='ltr'><strong>vitre</strong></span> <span class='ocrx_word' id='word_1_321' title='bbox 713 3167 745 3224; x_wconf 77' lang='grc' dir='ltr'><strong>Β,</strong></span> <span class='ocrx_word' id='word_1_322' title='bbox 759 3158 818 3224; x_wconf 82' lang='grc'>488.</span> <span class='ocrx_word' id='word_1_323' title='bbox 829 3155 919 3208; x_wconf 59' lang='lat' dir='ltr'><strong>nott,</strong></span> <span class='ocrx_word' id='word_1_324' title='bbox 929 3158 952 3206; x_wconf 72' lang='grc' dir='ltr'><strong>δ’</strong></span> <span class='ocrx_word' id='word_1_325' title='bbox 962 3160 1002 3209; x_wconf 63' lang='lat' dir='ltr'><strong>aba</strong></span> <span class='ocrx_word' id='word_1_326' title='bbox 1013 3159 1046 3230; x_wconf 67' lang='grc' dir='ltr'><strong>ιῖνι</strong></span> <span class='ocrx_word' id='word_1_327' title='bbox 1057 3157 1103 3225; x_wconf 70' lang='lat' dir='ltr'><strong>ipri</strong></span> <span class='ocrx_word' id='word_1_328' title='bbox 1112 3160 1218 3227; x_wconf 67' lang='lat' dir='ltr'><strong>potios-</strong></span> 
     </span>
     <span class='ocr_line' id='line_1_34' title="bbox 169 3232 1218 3305; baseline 0.009 -21"><span class='ocrx_word' id='word_1_329' title='bbox 169 3245 218 3285; x_wconf 81' lang='lat' dir='ltr'><strong>·et</strong></span> <span class='ocrx_word' id='word_1_330' title='bbox 230 3232 402 3305; x_wconf 72' lang='lat' dir='ltr'><strong>mortigioria</strong></span> <span class='ocrx_word' id='word_1_331' title='bbox 410 3235 483 3304; x_wconf 89' lang='lat' dir='ltr'><strong>justa</strong></span> <span class='ocrx_word' id='word_1_332' title='bbox 492 3253 564 3288; x_wconf 74' lang='lat' dir='ltr'><strong>mee.</strong></span> <span class='ocrx_word' id='word_1_333' title='bbox 577 3257 588 3281; x_wconf 74' lang='lat' dir='ltr'><strong>n</strong></span> <span class='ocrx_word' id='word_1_334' title='bbox 710 3257 772 3302; x_wconf 73' lang='lat' dir='ltr'><strong>par,</strong></span> <span class='ocrx_word' id='word_1_335' title='bbox 790 3235 840 3286; x_wconf 67' lang='lat' dir='ltr'><strong>ott·</strong></span> <span class='ocrx_word' id='word_1_336' title='bbox 863 3233 975 3304; x_wconf 65' lang='lat' dir='ltr'><strong>inpiae,</strong></span> <span class='ocrx_word' id='word_1_337' title='bbox 989 3237 1051 3288; x_wconf 69' lang='lat' dir='ltr'><strong>ott&#39;</strong></span> <span class='ocrx_word' id='word_1_338' title='bbox 1068 3237 1088 3288; x_wconf 78' lang='lat' dir='ltr'><strong>ti</strong></span> <span class='ocrx_word' id='word_1_339' title='bbox 1101 3259 1142 3304; x_wconf 81' lang='grc' dir='ltr'><strong>μοι</strong></span> <span class='ocrx_word' id='word_1_340' title='bbox 1159 3241 1218 3294; x_wconf 73' lang='lat' dir='ltr'><strong>rt..</strong></span> 
     </span>
     <span class='ocr_line' id='line_1_35' title="bbox 91 3310 1217 3388; baseline 0.008 -24"><span class='ocrx_word' id='word_1_341' title='bbox 91 3337 98 3348; x_wconf 70' lang='grc'><em>’</em></span> <span class='ocrx_word' id='word_1_342' title='bbox 203 3313 247 3381; x_wconf 85' lang='grc'><strong>41.</strong></span> <span class='ocrx_word' id='word_1_343' title='bbox 268 3313 416 3386; x_wconf 76' lang='lat' dir='ltr'><strong>Pelopoque</strong></span> <span class='ocrx_word' id='word_1_344' title='bbox 439 3313 529 3366; x_wconf 76' lang='lat' dir='ltr'><strong>volans</strong></span> <span class='ocrx_word' id='word_1_345' title='bbox 553 3313 587 3364; x_wconf 79' lang='lat' dir='ltr'><strong>da</strong></span> <span class='ocrx_word' id='word_1_346' title='bbox 612 3310 668 3363; x_wconf 79' lang='lat' dir='ltr'><strong>vein</strong></span> <span class='ocrx_word' id='word_1_347' title='bbox 710 3315 752 3381; x_wconf 72' lang='lat' dir='ltr'><strong>pir</strong></span> <span class='ocrx_word' id='word_1_348' title='bbox 772 3315 897 3380; x_wconf 63' lang='lat' dir='ltr'><strong>pacem,</strong></span> <span class='ocrx_word' id='word_1_349' title='bbox 917 3311 974 3365; x_wconf 67' lang='lat' dir='ltr'><strong>diu</strong></span> <span class='ocrx_word' id='word_1_350' title='bbox 990 3315 1016 3366; x_wconf 68' lang='grc' dir='ltr'><strong>δι’</strong></span> <span class='ocrx_word' id='word_1_351' title='bbox 1036 3314 1134 3384; x_wconf 65' lang='grc' dir='ltr'><strong><em>πέμπ’</em></strong></span> <span class='ocrx_word' id='word_1_352' title='bbox 1154 3314 1217 3388; x_wconf 78' lang='lat' dir='ltr'><strong>tier,</strong></span> 
     </span>
     <span class='ocr_line' id='line_1_36' title="bbox 165 3389 1216 3471; baseline 0.008 -27"><span class='ocrx_word' id='word_1_353' title='bbox 165 3395 274 3465; x_wconf 84' lang='lat' dir='ltr'><strong>potenti.</strong></span> <span class='ocrx_word' id='word_1_354' title='bbox 294 3393 414 3464; x_wconf 86' lang='lat' dir='ltr'><strong>Simplici</strong></span> <span class='ocrx_word' id='word_1_355' title='bbox 433 3395 525 3466; x_wconf 73' lang='lat' dir='ltr'><strong>generi</strong></span> <span class='ocrx_word' id='word_1_356' title='bbox 544 3393 668 3446; x_wconf 75' lang='lat' dir='ltr'><strong>carminis</strong></span> <span class='ocrx_word' id='word_1_357' title='bbox 715 3389 780 3447; x_wconf 69' lang='lat' dir='ltr'><strong>terri</strong></span> <span class='ocrx_word' id='word_1_358' title='bbox 792 3393 817 3442; x_wconf 61' lang='grc' dir='ltr'><strong>θ’</strong></span> <span class='ocrx_word' id='word_1_359' title='bbox 829 3391 950 3461; x_wconf 62' lang='lat' dir='ltr'><strong>dipticae,</strong></span> <span class='ocrx_word' id='word_1_360' title='bbox 960 3391 1061 3460; x_wconf 65' lang='grc' dir='ltr'><strong>χάλκιοι</strong></span> <span class='ocrx_word' id='word_1_361' title='bbox 1072 3394 1099 3447; x_wconf 79' lang='lat' dir='ltr'><strong>n&#39;</strong></span> <span class='ocrx_word' id='word_1_362' title='bbox 1109 3419 1151 3464; x_wconf 79' lang='grc' dir='ltr'><strong>μοι</strong></span> <span class='ocrx_word' id='word_1_363' title='bbox 1163 3393 1216 3471; x_wconf 76' lang='lat' dir='ltr'><strong>tirtp</strong></span> 
     </span>
     <span class='ocr_line' id='line_1_37' title="bbox 167 3471 1216 3545; baseline 0.01 -22"><span class='ocrx_word' id='word_1_364' title='bbox 167 3484 264 3545; x_wconf 76' lang='lat' dir='ltr'><strong>presta</strong></span> <span class='ocrx_word' id='word_1_365' title='bbox 275 3473 409 3534; x_wconf 67' lang='lat' dir='ltr'><strong>favorem</strong></span> <span class='ocrx_word' id='word_1_366' title='bbox 419 3485 448 3524; x_wconf 86' lang='lat' dir='ltr'><strong>ot</strong></span> <span class='ocrx_word' id='word_1_367' title='bbox 459 3471 537 3537; x_wconf 77' lang='lat' dir='ltr'><strong>Vela,</strong></span> <span class='ocrx_word' id='word_1_368' title='bbox 548 3473 670 3524; x_wconf 77' lang='lat' dir='ltr'><strong>favorem</strong></span> <span class='ocrx_word' id='word_1_369' title='bbox 711 3474 778 3526; x_wconf 61' lang='grc' dir='ltr'><strong>ἐνείη.</strong></span> <span class='ocrx_word' id='word_1_370' title='bbox 786 3475 856 3524; x_wconf 86' lang='lat' dir='ltr'><strong>Pers.</strong></span> <span class='ocrx_word' id='word_1_371' title='bbox 865 3473 902 3537; x_wconf 82' lang='lat' dir='ltr'><strong>V,</strong></span> <span class='ocrx_word' id='word_1_372' title='bbox 919 3489 928 3523; x_wconf 88' lang='lat' dir='ltr'><strong>r</strong></span> <span class='ocrx_word' id='word_1_373' title='bbox 941 3495 947 3525; x_wconf 75' lang='grc' dir='ltr'><strong>ι</strong></span> <span class='ocrx_word' id='word_1_374' title='bbox 962 3475 1095 3528; x_wconf 78' lang='lat' dir='ltr'><strong>«Vatibus</strong></span> <span class='ocrx_word' id='word_1_375' title='bbox 1103 3477 1147 3531; x_wconf 89' lang='lat' dir='ltr'><strong>hic</strong></span> <span class='ocrx_word' id='word_1_376' title='bbox 1157 3499 1216 3536; x_wconf 85' lang='lat' dir='ltr'><strong>mos</strong></span> 
     </span>
     <span class='ocr_line' id='line_1_38' title="bbox 168 3551 1215 3631; baseline 0.008 -26"><span class='ocrx_word' id='word_1_377' title='bbox 168 3555 340 3624; x_wconf 77' lang='lat' dir='ltr'><strong>accipiamus.</strong></span> <span class='ocrx_word' id='word_1_378' title='bbox 358 3553 454 3605; x_wconf 77' lang='lat' dir='ltr'><strong>Patent</strong></span> <span class='ocrx_word' id='word_1_379' title='bbox 468 3551 591 3626; x_wconf 69' lang='lat' dir='ltr'><strong>pelopen,</strong></span> <span class='ocrx_word' id='word_1_380' title='bbox 612 3571 670 3604; x_wconf 83' lang='lat' dir='ltr'><strong>ear·</strong></span> <span class='ocrx_word' id='word_1_381' title='bbox 717 3565 794 3617; x_wconf 72' lang='lat' dir='ltr'><strong>sest,</strong></span> <span class='ocrx_word' id='word_1_382' title='bbox 807 3564 915 3604; x_wconf 86' lang='lat' dir='ltr'><strong>centum</strong></span> <span class='ocrx_word' id='word_1_383' title='bbox 927 3551 979 3605; x_wconf 82' lang='lat' dir='ltr'><strong>sibi</strong></span> <span class='ocrx_word' id='word_1_384' title='bbox 994 3573 1106 3626; x_wconf 86' lang='lat' dir='ltr'><strong>poscere</strong></span> <span class='ocrx_word' id='word_1_385' title='bbox 1121 3577 1215 3631; x_wconf 86' lang='lat' dir='ltr'><strong>voces,</strong></span> 
     </span>
     <span class='ocr_line' id='line_1_39' title="bbox 167 3633 1216 3709; baseline 0.007 -25"><span class='ocrx_word' id='word_1_386' title='bbox 167 3635 246 3685; x_wconf 85' lang='lat' dir='ltr'><strong>minis</strong></span> <span class='ocrx_word' id='word_1_387' title='bbox 258 3633 423 3686; x_wconf 76' lang='lat' dir='ltr'><strong>facilitatem.</strong></span> <span class='ocrx_word' id='word_1_388' title='bbox 438 3633 497 3684; x_wconf 82' lang='lat' dir='ltr'><strong>Hoc</strong></span> <span class='ocrx_word' id='word_1_389' title='bbox 509 3645 597 3685; x_wconf 87' lang='lat' dir='ltr'><strong>autem</strong></span> <span class='ocrx_word' id='word_1_390' title='bbox 610 3651 669 3685; x_wconf 81' lang='lat' dir='ltr'><strong>car·</strong></span> <span class='ocrx_word' id='word_1_391' title='bbox 716 3635 850 3687; x_wconf 79' lang='lat' dir='ltr'><strong>«Centum</strong></span> <span class='ocrx_word' id='word_1_392' title='bbox 861 3650 923 3697; x_wconf 83' lang='lat' dir='ltr'><strong>ora,</strong></span> <span class='ocrx_word' id='word_1_393' title='bbox 933 3645 959 3684; x_wconf 90' lang='lat' dir='ltr'><strong>et</strong></span> <span class='ocrx_word' id='word_1_394' title='bbox 971 3633 1075 3706; x_wconf 67' lang='lat' dir='ltr'><strong>linguas</strong></span> <span class='ocrx_word' id='word_1_395' title='bbox 1084 3651 1178 3709; x_wconf 88' lang='lat' dir='ltr'><strong>optare.</strong></span> <span class='ocrx_word' id='word_1_396' title='bbox 1188 3643 1216 3694; x_wconf 86' lang='lat' dir='ltr'><strong>in</strong></span> 
     </span>
     <span class='ocr_line' id='line_1_40' title="bbox 168 3712 1217 3785; baseline 0.01 -21"><span class='ocrx_word' id='word_1_397' title='bbox 168 3731 229 3766; x_wconf 84' lang='lat' dir='ltr'><strong>men</strong></span> <span class='ocrx_word' id='word_1_398' title='bbox 240 3713 320 3766; x_wconf 77' lang='lat' dir='ltr'><strong>tacite</strong></span> <span class='ocrx_word' id='word_1_399' title='bbox 332 3729 405 3778; x_wconf 75' lang='lat' dir='ltr'><strong>etse,</strong></span> <span class='ocrx_word' id='word_1_400' title='bbox 418 3715 476 3785; x_wconf 83' lang='lat' dir='ltr'><strong>ipse</strong></span> <span class='ocrx_word' id='word_1_401' title='bbox 486 3712 615 3785; x_wconf 70' lang='lat' dir='ltr'><strong>signifieat</strong></span> <span class='ocrx_word' id='word_1_402' title='bbox 625 3713 665 3766; x_wconf 87' lang='lat' dir='ltr'><strong>di·</strong></span> <span class='ocrx_word' id='word_1_403' title='bbox 716 3713 855 3766; x_wconf 74' lang='lat' dir='ltr'><strong>«carmina</strong></span> <span class='ocrx_word' id='word_1_404' title='bbox 869 3726 984 3765; x_wconf 84' lang='lat' dir='ltr'><strong>centum.</strong></span> <span class='ocrx_word' id='word_1_405' title='bbox 997 3737 1008 3762; x_wconf 80' lang='grc' dir='ltr'>ι</span> <span class='ocrx_word' id='word_1_406' title='bbox 1023 3717 1113 3783; x_wconf 87' lang='lat' dir='ltr'><strong>Quare</strong></span> <span class='ocrx_word' id='word_1_407' title='bbox 1124 3738 1217 3774; x_wconf 74' lang='lat' dir='ltr'><strong>oeoeam</strong></span> 
     </span>
     <span class='ocr_line' id='line_1_41' title="bbox 168 3791 1216 3871; baseline 0.007 -25"><span class='ocrx_word' id='word_1_408' title='bbox 168 3807 282 3848; x_wconf 84' lang='lat' dir='ltr'><strong>censet:</strong></span> <span class='ocrx_word' id='word_1_409' title='bbox 294 3793 668 3859; x_wconf 77' lang='lat' dir='ltr'><strong>Inmanibustetroerhocest‚</strong></span> <span class='ocrx_word' id='word_1_410' title='bbox 714 3813 806 3845; x_wconf 86' lang='lat' dir='ltr'><strong>vocem</strong></span> <span class='ocrx_word' id='word_1_411' title='bbox 824 3791 919 3844; x_wconf 80' lang='lat' dir='ltr'><strong>dixerit</strong></span> <span class='ocrx_word' id='word_1_412' title='bbox 934 3792 1090 3864; x_wconf 86' lang='lat' dir='ltr'><strong>Lucretius,</strong></span> <span class='ocrx_word' id='word_1_413' title='bbox 1107 3803 1216 3871; x_wconf 84' lang='lat' dir='ltr'><strong>exponit</strong></span> 
     </span>
     <span class='ocr_line' id='line_1_42' title="bbox 168 3870 1217 3948; baseline 0.005 -22"><span class='ocrx_word' id='word_1_414' title='bbox 168 3875 196 3926; x_wconf 91' lang='lat' dir='ltr'><strong>in</strong></span> <span class='ocrx_word' id='word_1_415' title='bbox 207 3874 282 3926; x_wconf 80' lang='lat' dir='ltr'><strong>facili</strong></span> <span class='ocrx_word' id='word_1_416' title='bbox 294 3887 321 3926; x_wconf 82' lang='lat' dir='ltr'><strong>et</strong></span> <span class='ocrx_word' id='word_1_417' title='bbox 332 3886 460 3946; x_wconf 89' lang='lat' dir='ltr'><strong>promptu</strong></span> <span class='ocrx_word' id='word_1_418' title='bbox 472 3891 513 3926; x_wconf 78' lang='lat' dir='ltr'><strong>res</strong></span> <span class='ocrx_word' id='word_1_419' title='bbox 523 3875 612 3945; x_wconf 82' lang='lat' dir='ltr'><strong>posita</strong></span> <span class='ocrx_word' id='word_1_420' title='bbox 620 3887 667 3926; x_wconf 86' lang='lat' dir='ltr'><strong>est.</strong></span> <span class='ocrx_word' id='word_1_421' title='bbox 713 3871 870 3946; x_wconf 72' lang='lat' dir='ltr'><strong>Gyphanius</strong></span> <span class='ocrx_word' id='word_1_422' title='bbox 884 3870 910 3923; x_wconf 91' lang='lat' dir='ltr'><strong>in</strong></span> <span class='ocrx_word' id='word_1_423' title='bbox 923 3871 1036 3928; x_wconf 86' lang='lat' dir='ltr'><strong>conlect.</strong></span> <span class='ocrx_word' id='word_1_424' title='bbox 1047 3873 1106 3930; x_wconf 85' lang='lat' dir='ltr'><strong>Sive</strong></span> <span class='ocrx_word' id='word_1_425' title='bbox 1112 3879 1217 3948; x_wconf 80' lang='lat' dir='ltr'><strong>sema,</strong></span> 
     </span>
     <span class='ocr_line' id='line_1_43' title="bbox 169 3951 1217 4027; baseline 0.007 -21"><span class='ocrx_word' id='word_1_426' title='bbox 169 3953 383 4026; x_wconf 78' lang='lat' dir='ltr'><strong>Sera.-·Pelapo</strong></span> <span class='ocrx_word' id='word_1_427' title='bbox 394 3953 428 4004; x_wconf 79' lang='lat' dir='ltr'><strong>da</strong></span> <span class='ocrx_word' id='word_1_428' title='bbox 439 3951 495 4005; x_wconf 81' lang='lat' dir='ltr'><strong>uela</strong></span> <span class='ocrx_word' id='word_1_429' title='bbox 505 3953 614 4026; x_wconf 79' lang='lat' dir='ltr'><strong>patenti.</strong></span> <span class='ocrx_word' id='word_1_430' title='bbox 623 3955 671 4005; x_wconf 85' lang='lat' dir='ltr'><strong>Pa·</strong></span> <span class='ocrx_word' id='word_1_431' title='bbox 715 3953 770 4006; x_wconf 85' lang='lat' dir='ltr'><strong>sive</strong></span> <span class='ocrx_word' id='word_1_432' title='bbox 782 3969 861 4016; x_wconf 81' lang='lat' dir='ltr'><strong>oereu,</strong></span> <span class='ocrx_word' id='word_1_433' title='bbox 877 3955 991 4005; x_wconf 80' lang='lat' dir='ltr'><strong>sumitur</strong></span> <span class='ocrx_word' id='word_1_434' title='bbox 1004 3973 1054 4027; x_wconf 87' lang='lat' dir='ltr'><strong>pro</strong></span> <span class='ocrx_word' id='word_1_435' title='bbox 1068 3957 1217 4026; x_wconf 76' lang='lat' dir='ltr'><strong>indefessa,</strong></span> 
     </span>
     <span class='ocr_line' id='line_1_44' title="bbox 168 4031 982 4104; baseline 0.005 -22"><span class='ocrx_word' id='word_1_436' title='bbox 168 4031 359 4102; x_wconf 80' lang='lat' dir='ltr'><strong>rimetaphora</strong></span> <span class='ocrx_word' id='word_1_437' title='bbox 368 4031 673 4085; x_wconf 65' lang='lat' dir='ltr'><strong>ontvocansoems-</strong></span> <span class='ocrx_word' id='word_1_438' title='bbox 715 4035 860 4104; x_wconf 83' lang='lat' dir='ltr'><strong>interprete</strong></span> <span class='ocrx_word' id='word_1_439' title='bbox 874 4031 982 4086; x_wconf 89' lang='lat' dir='ltr'><strong>Sabino.</strong></span> 
     </span>
     <span class='ocr_line' id='line_1_45' title="bbox 171 4111 1217 4190; baseline 0.009 -28"><span class='ocrx_word' id='word_1_440' title='bbox 171 4111 259 4164; x_wconf 89' lang='lat' dir='ltr'><strong>nicum</strong></span> <span class='ocrx_word' id='word_1_441' title='bbox 269 4113 339 4164; x_wconf 84' lang='lat' dir='ltr'><strong>Fast.</strong></span> <span class='ocrx_word' id='word_1_442' title='bbox 352 4113 381 4166; x_wconf 70' lang='lat'><strong>1:</strong></span> <span class='ocrx_word' id='word_1_443' title='bbox 396 4113 493 4165; x_wconf 73' lang='lat' dir='ltr'><strong>timide</strong></span> <span class='ocrx_word' id='word_1_444' title='bbox 505 4113 587 4185; x_wconf 75' lang='lat' dir='ltr'><strong>diripe</strong></span> <span class='ocrx_word' id='word_1_445' title='bbox 598 4113 672 4167; x_wconf 66' lang='lat' dir='ltr'><strong>naus</strong></span> <span class='ocrx_word' id='word_1_446' title='bbox 752 4113 795 4180; x_wconf 86' lang='grc'><strong>44.</strong></span> <span class='ocrx_word' id='word_1_447' title='bbox 804 4113 888 4166; x_wconf 81' lang='lat' dir='ltr'><strong>Primi</strong></span> <span class='ocrx_word' id='word_1_448' title='bbox 895 4111 1127 4185; x_wconf 61' lang='lat' dir='ltr'><strong>repetitor-isaram.</strong></span> <span class='ocrx_word' id='word_1_449' title='bbox 1138 4117 1217 4190; x_wconf 75' lang='lat' dir='ltr'><strong>Lepe,</strong></span> 
     </span>
    </p>
   </div>
   <div class='ocr_carea' id='block_1_7' title="bbox 0 0 1464 4682">
    <p class='ocr_par' dir='ltr' id='par_1_9' title="bbox 0 0 1464 4682">
     <span class='ocr_line' id='line_1_46' title="bbox 0 0 1464 4682; baseline 0 0"><span class='ocrx_word' id='word_1_450' title='bbox 0 0 1464 4682; x_wconf 95' lang='lat' dir='ltr'><strong> </strong></span> 
     </span>
    </p>
   </div>
  </div>
 </body>
</html>
