2918 4682
288 387 340 454 IN
364 383 748 452 GEORGICORUM
770 384 863 448 ΗΒ.
889 386 962 450 111.
1077 390 1136 458 531

68 531 99 572 aa
110 525 213 594 potu
226 533 234 570 ι
247 511 335 571 addit
347 513 454 584 etiam,
467 528 561 568 cursu
575 507 743 580 vexandas,
755 507 931 588 fatigandus
944 509 1007 571 sole
1019 515 1142 591 aestivo,

74 599 370 680 destinandasque
380 599 417 657 ad
428 594 568 656 laborem
579 615 671 656 arete:
686 595 798 676 quibus
810 596 910 655 verbis
920 613 1010 679 pocta
1021 603 1144 664 videtur

74 687 330 771 periphrasticc
343 690 464 768 signare
476 686 558 745 diem
574 685 721 746 medium.
736 687 818 759 Hoc,
832 685 946 766 inquit,
959 687 1091 765 iaciunt,
1104 713 1143 752 ne

21 823 22 826 ,
77 799 175 838 usus
190 781 289 860 partis
303 777 460 858 genitalis,
479 797 573 858 quam
586 775 636 834 bic
650 787 740 835 vocat
753 795 877 851 arrum,
891 778 930 836 sit
940 777 1016 838 luxu
1030 795 1059 840 et
1074 785 1145 864 pin·

21 909 22 914 κ
79 867 241 947 guedine
259 867 401 943 obtusus,
424 887 458 925 ac
478 864 607 948 perinde
626 864 755 924 oblimet
772 867 885 926 inertes
901 865 1018 938 sulcos,
1038 869 1069 927 id
1085 886 1144 947 est,

21 1007 22 1014 ,
81 955 234 1016 claudat
250 971 370 1016 meatus
391 957 536 1034 viamque
554 954 684 1014 semini:
701 953 753 1012 sed
771 956 876 1034 potius
895 955 1036 1017 sitienter.
1053 973 1145 1043 atque

85 1041 194 1101 avide
208 1045 339 1124 arripiat
350 1062 470 1118 semen,
483 1039 709 1121 recondatque,
722 1061 816 1122 quam
829 1042 940 1122 possit,
954 1044 1047 1105 intus.

21 1179 23 1214 Ι
139 1132 214 1190 138.
236 1132 337 1204 Dixit,
362 1131 548 1210 saginandos
571 1143 770 1199 taurosante
790 1128 1013 1206 admissuram,
1037 1154 1147 1198 vaccas

21 1271 22 1284 ³
87 1219 310 1280 macerandas
317 1215 438 1301 jejunio
447 1219 658 1294 etlaboribus;
667 1217 730 1301 jam
739 1221 935 1300 postcoitnm
945 1221 1044 1297 docet,
1055 1224 1149 1288 aliam

93 1326 168 1367 esse
190 1306 306 1366 debere
327 1327 430 1366 rerum
449 1309 618 1382 rationem3
637 1329 709 1368 nam
729 1329 802 1368 cura
819 1321 943 1389 patrum
962 1309 1149 1393 negligenda

21 1455 22 1468 ,
92 1409 161 1468 est,
186 1394 374 1454 assumenda
394 1407 540 1454 matrum.
560 1398 658 1476 Ergo,
679 1417 776 1476 quum
798 1393 932 1476 gravidae
950 1396 1017 1475 jam
1038 1399 1147 1474 vicinae

21 1537 24 1560 ¹
93 1484 311 1564 suntpartni,
323 1479 384 1542 hoc
398 1495 442 1542 est
453 1484 535 1542 cuim
549 1485 662 1543 exactis
673 1484 844 1558 mensibus,
859 1504 923 1542 non
936 1497 1007 1543 sunt
1018 1506 1148 1546 oneran-

21 1561 25 1574 ’
94 1569 148 1630 dae
161 1568 325 1651 plaustris,
338 1592 406 1631 uon
420 1569 567 1652 cogendae
583 1573 622 1632 nd
638 1572 749 1648 saltus,
764 1594 829 1632 non
843 1571 881 1631 ad
894 1593 1015 1647 cursus,
1027 1596 1092 1634 non
1108 1577 1148 1636 ad

21 1653 23 1682 l
96 1658 277 1718 tranandos
297 1657 424 1720 fluvios:
447 1662 524 1742 quin
544 1663 650 1744 potius
670 1675 798 1743 pascant
816 1661 850 1720 in
874 1659 1004 1720 saltibus
1027 1663 1147 1738 vacuis,

97 1873 152 1926 quc
162 1866 252 1908 socam
270 1855 371 1922 hibat,
385 1857 534 1934 fluviosque
554 1859 604 1909 mi·
686 1857 854 1928 139.Exactir
863 1857 1064 1930 pmvidoequum
1076 1878 1148 1912 men·

21 1937 24 2008 J
100 1936 224 1988 uistmnt.
238 1935 310 1988 Serv.
647 1939 712 1990 sibus
728 1949 820 1990 errant.
838 1938 937 1990 Vicinis
955 1940 1045 2008 partui
1061 1961 1067 1990 :
1086 1951 1148 1993 tunc

21 2017 23 2022 ’
141 2015 199 2068 133.
220 2016 306 2086 Quum
327 2016 446 2088 praviter.
472 2017 530 2068 Hoc
548 2029 603 2083 est,
649 2017 720 2068 enim
738 2015 890 2088 diligentius
908 2017 1052 2068 tractandae
1069 2031 1149 2087 sunt,

21 2089 23 2114 ‘
100 2093 146 2146 die
163 2094 273 2146 medio:
291 2095 342 2146 hoc
360 2108 447 2148 autem
465 2095 500 2148 ad
518 2099 605 2168 expri-
650 2110 799 2170 nepartum
811 2097 1148 2169 abigantScrm-Cerdat

21 2169 23 2198 ¹
100 2172 230 2226 mendum
240 2173 294 2227 diei
304 2187 407 2246 tempus
420 2187 460 2227 est
471 2177 605 2246 positum3
650 2175 1151 2231 etRuniconstructiofalsumexhibet

102 2270 158 2304 non
177 2252 250 2323 quod
271 2271 345 2323 equae
364 2255 461 2306 aestatis
484 2266 604 2325 tompore
651 2273 756 2307 sensum
768 2276 774 2304 :
787 2253 897 2324 Incipit,
910 2256 1147 2309 exactis-emat.

21 2349 22 2362 ¹
104 2333 604 2400 coeant.Serv.-Tunris.Quaetun-
649 2334 1149 2405 Non-nequeenimprimum,quum

106 2411 226 2463 duntur:
244 2429 298 2464 non
322 2413 393 2464 enim
415 2430 497 2482 quum
520 2425 604 2464 tunsae
650 2413 749 2465 exactis
768 2410 902 2464 mensibus
925 2411 1057 2482 gravidae,
1076 2413 1150 2484 quod

21 2543 22 2546 ,
106 2491 235 2556 sunt,sed
246 2509 328 2561 quum
339 2490 495 2542 tunduntur.
506 2491 555 2543 Hic
566 2491 604 2542 lo·
649 2511 711 2544 vere
730 2492 851 2562 pnoximo
878 2501 979 2542 tanturn
1001 2491 1149 2559 accideret,

107 2573 197 2642 quitur
209 2569 242 2623 de
253 2571 375 2637 Tritura,
390 2589 448 2640 qua
460 2570 489 2622 lit
499 2572 526 2622 in
539 2591 604 2644 agro
651 2570 775 2626 curando
789 2581 849 2622 sunt
861 2591 867 2620 :
880 2569 928 2622 scd
938 2571 1076 2623 confestim
1088 2587 1150 2644 post

21 2653 22 2682 ³
108 2641 268 2716 Mantiane,
281 2663 307 2702 et
316 2649 442 2722 Euganea
452 2651 507 2702 fere
517 2652 603 2717 omni,
650 2653 748 2703 coitum
756 2651 848 2721 primis
856 2650 1000 2716 mensibus,
1011 2669 1093 2722 quum
1103 2653 1149 2706 ttu-

110 2730 293 2784 circumductis
303 2749 351 2802 per
362 2733 550 2802 arcemequis,
561 2733 606 2803 qui
651 2732 723 2784 mina
748 2731 881 2782 exsiccant
904 2728 1032 2785 caniculae
1053 2733 1148 2804 ignea,

110 2813 194 2884 spicas
207 2812 260 2864 suis
271 2809 386 2884 pedibus
400 2809 573 2882 pertundunt.
650 2820 714 2862 tunc
733 2811 828 2880 quietae
846 2809 915 2876 sint,
931 2827 981 2860 nec
999 2821 1088 2862 motus
1107 2814 1149 2864 fa-

148 2887 606 2962 135.Nimioneluxu.Nimio‚piu-
649 2893 722 2944 ciant
742 2888 907 2955 immodicos.
935 2889 993 2941 cot.
1012 2892 1076 2956 vlt,
1099 2910 1147 2963 27;

113 2971 156 3042 gui
170 2992 175 3019 :
191 2983 215 3022 ct
228 2969 296 3020 bene
309 2987 363 3020 rem
377 2982 498 3041 turpem,
513 2983 603 3042 aperte
647 2971 749 3035 Varro,
759 2970 796 3033 11,
810 2988 840 3040 7:
852 2970 1050 3041 :Proegnantem
1061 2989 1149 3041 neque

116 3048 605 3111 sLucretiotractatam,vitavittrans-
651 3047 1150 3121 aimplereclbo,nequeesurireopor·

116 3124 269 3190 latioribus,
286 3142 353 3195 quas
372 3142 462 3176 omnes
482 3127 517 3178 ab
536 3125 605 3200 ap'ri-
651 3141 741 3180 utet.»
756 3129 833 3190 V.,G.

117 3204 212 3259 cultura
224 3206 311 3257 traxit.
689 3207 745 3273 140.
762 3207 824 3256 Non
839 3203 897 3255 illas
911 3204 1037 3275 previbus.
1059 3207 1151 3259 Gravi-

154 3287 203 3342 136.
216 3283 331 3339 Genitali
343 3303 414 3336 arco.
432 3286 491 3337 Pari
510 3282 605 3338 hones·
650 3285 694 3337 bus
706 3296 752 3338 aut
762 3281 898 3353 epitheton
909 3295 948 3333 est
959 3280 1149 3354 plaustrorum,

118 3382 165 3422 tate
175 3381 273 3420 uterum
282 3365 337 3416 sive
345 3362 451 3416 vulvam
457 3361 606 3416 muliebrem
652 3376 697 3416 aut
702 3361 821 3436 previbus
829 3361 930 3410 onustis
938 3359 1004 3411 dixit
1016 3380 1022 3416 :
1032 3361 1079 3414 sed
1085 3382 1151 3434 poe-

116 3445 257 3522 solliculum
278 3442 449 3516 appellabant
465 3465 471 3494 :
486 3441 605 3514 fundum
652 3447 703 3496 tice
713 3441 839 3514 plaustris
848 3443 914 3512 juga
923 3438 1034 3509 ducere,
1046 3461 1100 3496 uon
1107 3447 1151 3515 jus

21 3589 22 3592 Ἴ
119 3525 353 3580 Plautus:scmbcm
366 3521 466 3573 Arnob.
480 3523 542 3574 item
551 3523 609 3575 Na·
652 3520 961 3596 gisplaustrn.Pbilarp.
1002 3547 1005 3556 ·

121 3619 207 3670 turam,
219 3616 312 3656 auctor
328 3603 415 3672 Priap.
434 3615 464 3654 ut
481 3613 506 3653 ct
523 3599 607 3652 Graeci
691 3605 747 3671 141.
761 3601 838 3656 Saltu
849 3619 967 3672 superare
981 3602 1058 3654 viam.
1069 3605 1150 3672 Quod

123 3680 189 3754 olori,
199 3698 223 3738 et
234 3680 389 3736 Aristoteles
400 3679 505 3751 θορικοὺς
514 3678 605 3752 criptas.
652 3682 720 3735 solet
731 3683 801 3747 fieri,
814 3699 896 3753 quum
909 3693 1024 3752 pascunt
1034 3683 1149 3754 pedibus

125 3767 218 3819 Taubm.
233 3791 268 3803 --
282 3761 372 3815 Sulcos
387 3761 492 3814 oblimet
507 3763 605 3814 inertes.
652 3760 793 3834 impeditis.
806 3763 876 3816 Serv.

125 3843 222 3898 Claudat
237 3854 360 3896 mestus:
378 3854 404 3894 et
419 3841 472 3894 hoc
487 3839 606 3894 similiter
690 3843 747 3912 145.
760 3843 842 3896 Scaea
850 3840 979 3914 procubet.
990 3841 1065 3894 Nove
1074 3861 1149 3896 saxea

126 3941 166 3995 per
173 3921 365 3977 translationem
376 3919 456 3974 dixit:
470 3941 532 3974 nam
543 3919 607 3994 legi·
651 3923 755 3986 umbra,
768 3925 902 3996 quaesaxis
910 3921 970 3988 fiat,
981 3935 1007 3975 et
1015 3923 1149 3994 procubet,

128 4020 176 4056 mus
186 4021 279 4076 supra:
297 4005 334 4055 m
347 4003 454 4058 obducto
472 4001 524 4056 late
541 4012 610 4057 tenet
652 4003 836 4076 protendatur.
850 4001 1010 4074 Pbilarp.-
1019 4003 1059 4054 lm
1070 4003 1150 4072 infra,

130 4086 202 4136 omnia
214 4083 283 4138 limo.
296 4083 367 4140 Serv.
653 4084 704 4152 334
712 4104 719 4146 ;
727 4101 798 4138 seem
807 4100 896 4138 nemus
904 4081 1008 4134 accubet
1016 4081 1112 4136 umbra.

935 4169 977 4238 11.
