3000 4674
414 361 1209 556 ECLOGA'TERTta

402 693 498 774 (Vide
511 695 734 775 Argumentum
748 694 905 776 generale,
919 695 980 756 vol.
994 697 1008 756 1
1013 741 1024 771 ‚
1038 715 1108 778 pag.
1128 697 1210 774 102.)

661 945 962 1024 PALAEMON.

290 1221 1331 1249 mmmmmmmmmssmkmmstmmmfflm

700 1442 916 1504 tnnntsts

290 1640 399 1728 Rosea
411 1672 545 1727 Menalcas
554 1672 702 1726 Damoetum
712 1672 746 1728 de
756 1673 865 1726 domino
879 1676 998 1745 peeoris,
1008 1674 1142 1728 Damoetas
1155 1677 1249 1747 aperit.
1260 1677 1330 1730 Hine

289 1769 375 1809 sumta
386 1754 511 1806 Menalcae
524 1753 630 1804 occasio
641 1755 728 1823 prima
740 1753 879 1805 evomendi
891 1756 976 1820 virus,
988 1768 1013 1806 et
1026 1756 1112 1824 primo
1125 1755 1218 1824 objicit
1227 1758 1329 1810 crimen

289 1837 366 1900 furti,
385 1835 466 1886 t—(i.
480 1831 654 1884 Proscindunt
667 1850 694 1886 se
706 1833 888 1898 contumeliis,
903 1837 1014 1904 projecti
1027 1837 1054 1886 in
1068 1854 1172 1887 omnem
1184 1835 1328 1889 verborum

287 1911 475 1984 petulantiam,
490 1924 515 1963 et
530 1913 583 1962 oris
594 1912 792 1982 procacitatem.
807 1913 903 1964 Omnia
919 1914 1001 1966 ferme
1015 1913 1178 1966 reducuntur
1189 1914 1223 1966 ad
1236 1915 1328 1966 libidi-

287 2010 361 2058 ncm,
375 2005 400 2042 et
411 1991 526 2055 lurtum,
540 2005 643 2058 7-20.
660 1989 772 2042 Excusat
784 1991 919 2043 Dammae
932 1993 1032 2043 furtum
1047 1994 1133 2063 capri,
1153 1991 1215 2044 indc
1232 1993 1327 2044 iterum

288 2072 415 2125 Menalca·
431 2073 537 2124 occasio
554 2083 593 2123 est
606 2070 742 2123 lacerandi
754 2071 894 2136 Damoetae,
912 2089 1032 2142 21-27.
1048 2073 1178 2124 Provocat
1192 2075 1327 2126 Damoetas

286 2151 435 2205 Menalcam
445 2151 479 2204 ad
489 2163 622 2203 certamen
636 2163 743 2218 cantus,
753 2153 829 2222 ponit
839 2152 961 2217 vitulam,
972 2165 1116 2206 excusatae
1126 2151 1261 2206 Menalcas
1271 2173 1326 2207 non

288 2254 303 2288 a
316 2235 473 2299 certamine,
489 2231 534 2284 sed
546 2231 649 2284 asimili
659 2233 787 2304 pignore:
801 2233 892 2302 objicit
904 2233 1001 2304 pocula
1014 2236 1127 2285 fortunae
1140 2232 1218 2302 aleae,
1229 2235 1326 2305 quibus

287 2333 333 2367 sua
344 2316 405 2366 item
415 2313 564 2365 Damoetas:
574 2324 685 2384 uterque
694 2312 741 2364 illa
750 2311 943 2383 elegantissime
953 2312 1135 2379 commendat,
1148 2314 1216 2365 28-
1225 2315 1267 2382 48.
1278 2315 1328 2368 Pa-

286 2393 380 2451 lemon
392 2393 546 2456 intervenit,
561 2389 590 2442 tit
600 2390 695 2460 judex,
708 2391 829 2461 49-54.
842 2393 938 2444 latitat
950 2391 983 2443 ad
993 2403 1100 2444 cantum
1113 2410 1144 2444 ex
1155 2391 1223 2459 loci,
1235 2393 1262 2443 in
1271 2412 1325 2464 qua

287 2485 376 2537 erant,
396 2474 563 2534 amoenitate:
579 2490 625 2524 ver
637 2469 808 2536 describitur,
821 2470 942 2542 55-59.
955 2471 1109 2524 Gloriantur
1122 2484 1254 2542 pastorem
1271 2473 1326 2525 De-

287 2563 379 2603 moetas
398 2551 458 2601 lavi
476 2567 504 2601 se
522 2566 613 2600 carum
633 2565 703 2614 esee,
723 2547 858 2600 Menalcas
879 2548 993 2615 Phoebo,
1009 2551 1131 2604 60-63.
1151 2549 1326 2604 Commendat

286 2631 420 2684 Damoetas
432 2629 566 2679 lasciviam
578 2627 694 2678 Galatea
702 2645 766 2697 erga
774 2628 958 2692 se,Menaleae
968 2647 1075 2696 verum,
1087 2643 1111 2683 et
1120 2629 1240 2683 stabilem
1250 2633 1337 2683 amo-¹

286 2728 341 2762 rem
353 2709 483 2778 Amynta,
496 2705 618 2774 64-67.
630 2705 675 2756 Ait
686 2705 819 2757 Damoetas
832 2708 972 2758 missurum
987 2725 1015 2761 se
1028 2727 1137 2761 munera
1152 2727 1203 2761 suae
1213 2709 1324 2777 Veneri,

285 2784 420 2840 Menalcas
430 2787 485 2853 jam
496 2783 610 2846 misisse,
624 2796 650 2834 ct
661 2784 801 2834 missurum
815 2783 911 2836 deinde
923 2803 971 2837 suo
982 2785 1121 2857 Cupidini,
1131 2787 1252 2860 68-71.
1264 2789 1325 2840 lae·
1397 2786 1402 2797 “

284 2879 323 2920 tat
336 2861 543 2918 exsultabundus
555 2862 702 2927 Damoetas,
716 2881 772 2934 quae
785 2864 835 2915 sibi
847 2864 956 2917 Galatea
970 2865 1064 2918 dixerit
1080 2889 1085 2917 :
1102 2866 1174 2920 dolet
1188 2868 1324 2920 Menalcas

286 2943 454 3000 acerbissime
465 2951 585 2993 aversum
595 2959 610 2992 a
621 2958 648 2992 se
659 2943 812 3014 Amyntam,
827 2959 857 3012 72
865 2944 948 3013 σ-75.
958 2945 1043 3022 yocat
1053 2943 1186 2998 Damoetas
1196 2944 1325 3018 Phyllida,

285 3045 338 3099 qua
354 3042 381 3076 se
398 3021 528 3074 oblectet:
546 3039 578 3072 ea
594 3019 731 3091 voluptate
745 3023 800 3091 jam
818 3040 845 3074 se
859 3023 1029 3093 perfunctum
1046 3025 1162 3075 insinuat
1174 3023 1324 3094 Menalcas,

285 3105 355 3177 76-
364 3121 405 3174 79.
420 3103 475 3152 lras
487 3117 548 3151 suas
560 3099 694 3150 Damoetas
705 3102 808 3171 egregie
821 3114 972 3172 comparat,
984 3103 1088 3173 egregie
1101 3101 1235 3154 Menalcas
1248 3120 1323 3154 amo·

284 3203 339 3238 rem
352 3200 443 3246 strum,
457 3179 577 3232 80-83.
591 3178 724 3230 Damoetas
737 3177 881 3231 Pollionem
896 3179 1065 3232 commendat
1078 3181 1160 3231 Musa
1172 3198 1225 3231 ente
1238 3180 1322 3232 lecto·

285 3283 350 3326 rem,
359 3259 494 3313 Menalcas
503 3259 632 3310 factorem
640 3261 786 3310 carminum
796 3279 801 3308 ι
811 3271 923 3330 uterque
933 3261 1048 3330 assignat
1055 3260 1201 3330 praemium,
1211 3259 1323 3330 ild—87.

283 3344 366 3416 Optat
376 3343 510 3393 Damoetas
523 3339 631 3391 multam
644 3340 799 3392 felicitatem
811 3341 856 3404 iis,
872 3341 917 3410 qui
932 3339 1077 3392 Pollionem
1088 3341 1233 3391 amaverint
1244 3362 1250 3390 r
1267 3341 1324 3393 Me-

284 3421 375 3474 nalcas
387 3423 480 3472 insana
493 3437 604 3489 quaque
614 3431 639 3471 et
652 3419 769 3471 absurda
777 3419 825 3483 iis,
834 3421 879 3490 qui
890 3421 996 3471 Bavium
1007 3438 1060 3472 non
1069 3419 1188 3485 oderint,
1201 3419 1270 3473 88-
1278 3438 1321 3491 9¹·

283 3501 373 3553 Monet
382 3499 514 3551 Damoetas
523 3515 635 3570 pueros,
645 3501 748 3570 fugiant
758 3519 773 3551 a
785 3497 892 3551 lloribus
903 3514 1054 3572 pratorum,
1065 3500 1112 3552 ubi
1123 3500 1206 3552 latent
1216 3517 1322 3571 serpen-

284 3593 322 3631 tes
335 3603 340 3631 :
357 3578 492 3630 Menalcas
505 3591 627 3649 oves„ut
639 3595 654 3628 a
667 3581 730 3649 ripis
743 3577 895 3646 fluviorum,
908 3581 953 3632 ubi
968 3596 1007 3634 est
1021 3579 1181 3653 periculum,
1198 3579 1321 3649 92-95.

283 3660 379 3709 lterum
392 3657 526 3707 Damoetas
537 3655 670 3726 Tityrum,
690 3668 719 3706 ut
734 3657 843 3728 capellis
858 3659 997 3713 consulet:
1011 3660 1147 3712 Menalcas
1163 3675 1274 3730 pueros,
1293 3671 1322 3708 ut

287 3735 394 3802 ovibus,
408 3736 529 3804 96—99.
545 3737 672 3802 Queritur
683 3738 759 3806 prior
770 3736 803 3789 dc
815 3740 900 3791 macie
912 3741 994 3807 tauri,
1009 3743 1051 3792 cui
1064 3742 1121 3812 ipse
1134 3741 1240 3790 exitium
1253 3749 1322 3788 ettu·

288 3819 317 3869 lit
328 3838 334 3868 ι
346 3817 477 3887 posterior
490 3813 522 3866 de
534 3817 619 3867 macie
634 3833 775 3886 agnorum,
790 3819 886 3888 quibus
898 3820 991 3874 oculus
1003 3822 1150 3885 fascinans,
1167 3817 1319 3871 too-103.

283 3897 376 3950 Mutuo
392 3895 444 3946 sibi
462 3897 619 3965 questiones
638 3909 805 3968 proponunt,
824 3918 911 3971 neque
923 3900 1043 3969 solvunt,
1064 3901 1217 3972 rod—toy.
1236 3897 1321 3952 Judex

282 3993 361 4050 paret
374 3973 494 4045 dimittit,
508 3987 532 4028 et
545 3993 606 4028 cum
617 3973 719 4049 elogio,
733 3977 821 4030 108-
830 3995 838 4030 t
848 3995 855 4029 t
865 3995 885 4030 t.
