2986 4694
289 395 332 462 92
540 376 1087 444 P.v1RG1L11MARONIS
1121 349 1138 410 Ψ

292 497 443 571 aquilarum
459 518 557 572 genera
573 497 688 554 ιἰιιιπὸι
702 520 792 554 recen·
837 499 1343 573 menpotioranarrationiscapitaesse

291 592 357 630 seat.
373 579 455 632 Addit
469 580 522 632 alia
535 579 633 632 Plinius
651 579 697 633 lib.
714 583 751 646 Χ,
766 582 790 633 3.
837 583 1011 650 videbantur,
1022 597 1051 636 ut
1064 602 1144 636 comae
1155 585 1210 656 ipse
1224 585 1338 636 resectio

292 659 329 710 cl,
343 659 463 711 Muulter.
479 659 512 712 ad
527 661 654 713 Antonin.
670 680 730 733 cap.
752 678 790 712 ιι.
838 675 864 714 et
873 663 964 736 Scyllae
975 683 1034 716 cum
1043 665 1133 715 Minoe
1144 681 1224 735 super
1236 681 1266 714 ea
1278 680 1341 733 pae-

289 738 517 812 Thynoaquilam,
530 758 576 793 seu
588 743 678 812 potius
686 743 793 792 Dunoa·
838 745 884 794 tio.
906 745 972 812 Quae
991 743 1098 816 quidem
1121 761 1162 795 res
1183 755 1229 794 aut
1251 753 1338 813 poeta

289 816 407 888 quilam,
431 837 502 872 nunc
523 821 654 892 appellari
683 822 792 873 Loensis
838 825 902 876 vitio
922 835 969 876 aut
988 823 1041 875 loci
1060 822 1195 875 lunatione
1216 819 1339 874 accidere

287 895 371 948 tradit
387 899 415 948 in
433 898 545 950 Miscell.
563 898 697 972 Epiphpll.
711 901 793 966 Vlll,
838 903 944 969 debuit,
958 915 1005 956 aut
1019 922 1035 955 a
1049 915 1133 974 poete
1147 913 1203 954 arte
1217 900 1342 972 profecta

289 975 338 1038 26,
352 979 478 1047 quoniam
488 988 611 1031 versatur
620 983 647 1030 in
658 978 736 1030 dunis
746 998 794 1032 seu
838 996 892 1048 est,
904 982 1023 1034 dumille
1036 982 1129 1034 leviter
1138 993 1240 1033 tantum
1253 981 1342 1050 attigit

291 1055 404 1108 collibus
419 1061 537 1110 arenosis
549 1061 626 1129 juxta
642 1077 724 1111 more.
739 1059 794 1112 Cu·
839 1080 884 1127 ea,
898 1079 956 1133 qnae
975 1061 1009 1114 ab
1030 1060 1087 1112 aliis
1107 1059 1248 1132 diligenter
1263 1063 1342 1111 eiant

288 1135 385 1188 niculis
397 1155 516 1210 quoque
538 1157 599 1192 eum
623 1138 743 1192 insidiari
766 1150 793 1191 et
839 1154 944 1194 ornata.
957 1139 1056 1192 Fabula
1071 1140 1141 1192 enim
1154 1158 1170 1190 a
1184 1138 1273 1190 multis
1282 1139 1345 1206 jam·

290 1215 362 1268 fetus
375 1215 533 1290 depredari.
839 1233 896 1273 erat
909 1232 1038 1284 tractata,
1050 1219 1148 1270 Gracia
1160 1217 1259 1269 scilicet
1274 1234 1341 1288 poe·

324 1295 461 1350 Perdicem
477 1299 543 1350 alios
555 1311 664 1370 putasse
679 1317 736 1351 esse
753 1299 793 1351 ci·
838 1300 886 1366 tis,
906 1312 933 1351 et
951 1298 1031 1350 variis
1048 1295 1177 1370 figmentis
1197 1297 1276 1347 etiam
1290 1313 1340 1366 per

289 1375 354 1441 mm,
375 1395 433 1448 que
452 1378 572 1430 solitaria
587 1379 642 1430 avis
655 1379 702 1442 sit,
717 1376 793 1428 disco
839 1381 1102 1451 imminutionem,
1120 1374 1240 1446 exemplo
1256 1375 1341 1444 ipsius

290 1473 323 1508 ex
334 1456 406 1508 ,lulio
416 1457 525 1510 Sabino.
540 1457 625 1510 Notas
635 1455 719 1510 edidit
731 1474 795 1527 poe·
838 1457 1015 1523 Callimachi,
1040 1457 1067 1507 in
1090 1453 1193 1526 thiras,
1215 1457 1318 1508 variata
1331 1476 1342 1504 .-

290 1545 318 1587 ta
328 1536 385 1607 ipss
397 1536 462 1600 has,
476 1556 533 1589 esse
543 1555 603 1589 eam
613 1535 795 1608 pulchriorem
841 1537 915 1610 quod
926 1540 953 1588 iu
967 1539 1025 1608 ipso
1039 1537 1170 1602 carmine,
1183 1537 1232 1587 etsi
1244 1553 1342 1606 pamm

293 1634 378 1687 cypro
398 1635 436 1667 vs.
460 1617 526 1685 489,
547 1617 574 1666 in
596 1618 695 1667 vertice
714 1617 794 1666 crista
840 1619 959 1686 poetice,
973 1616 1128 1684 exponitur,
1148 1633 1198 1666 vas.
1217 1613 1250 1682 54
1264 1632 1341 1686 sqq,

290 1713 428 1766 purpurea
439 1695 503 1760 501,
513 1695 606 1766 pluma
616 1696 690 1746 vario
703 1695 794 1746 colore
840 1695 887 1748 ubi
905 1695 958 1746 vid.
977 1694 1036 1746 Not.
1050 1695 1145 1766 Neque
1157 1697 1274 1768 Hyginus
1287 1697 1342 1746 ins·

291 1771 449 1839 5oa,crura
460 1774 583 1826 rubentia
597 1771 657 1826 505.
672 1773 796 1838 506,de-
841 1777 907 1826 citire
929 1773 1095 1826 accusandus
1119 1789 1190 1842 erat,
1216 1779 1260 1846 qui
1283 1775 1339 1827 fab.

289 1853 329 1924 git
340 1853 460 1906 solitaria
477 1855 504 1904 in
522 1853 588 1904 locis
606 1851 717 1904 desertis
733 1851 793 1905 518.
845 1855 892 1924 198
906 1855 933 1904 in
945 1855 1046 1925 piscem
1060 1845 1188 1908 mutatam
1200 1873 1258 1907 esse
1270 1854 1343 1927 Scyl-

291 1931 358 2000 519,
378 1931 470 1982 odium
487 1934 514 1982 in
533 1951 592 1984 eam
610 1932 734 2001 pertinax
754 1943 793 1982 est
840 1932 892 1984 lem
915 1933 1042 1985 narravit.
1060 1933 1221 1986 Tradiderat
1241 1947 1267 1986 et
1288 1934 1341 1986 hoc

288 2009 404 2063 haliaeti
426 2011 477 2064 532
497 2029 555 2083 sqq.
582 2010 659 2062 Adde
683 2029 741 2062 cam
766 2013 793 2062 in
840 2012 1341 2087 scilicetaliuspoeta,lorteTragicus

290 2089 450 2157 Gracina
468 2093 545 2144 ltalia
557 2089 792 2158 forte,habitare,
840 2093 944 2163 aliquis.
970 2092 1107 2166 AEschylus
1138 2093 1230 2146 monili
1258 2112 1340 2146 aureo

291 2183 319 2223 et
331 2171 506 2224 interserente
518 2190 547 2223 ex
557 2169 647 2243 pluvio
657 2170 720 2221 caelo
730 2184 794 2222 tem·
839 2185 992 2244 corruptam
1000 2171 1123 2244 Scyllam,
1130 2173 1217 2236 quatiar
1224 2168 1339 2235 Σιιῖιιιι,

290 2253 401 2322 pestatis
416 2255 544 2324 praesagia
557 2252 649 2304 referri
663 2252 691 2301 in
701 2250 748 2302 Ge.
765 2251 791 2316 l,
838 2255 922 2305 Minoi
932 2255 1014 2325 patris
1025 2254 1201 2306 immortalem
1213 2253 1340 2326 capillum

291 2332 342 2399 l⁰=l
363 2351 418 2405 sq.‚
434 2335 455 2385 si
471 2336 497 2384 in
513 2344 686 2405 conspectum
704 2333 793 2383 veniat
837 2331 848 2402 (
857 2331 1082 2404 ἅθιιιῶιιιτρίχιι)
1093 2333 1258 2406 prodidisse:
1272 2330 1341 2398 κιχό-

290 2412 427 2466 halieetus
448 2417 524 2467 cirim
542 2415 647 2487 fugans.
672 2414 738 2480 Quae
759 2411 792 2463 de
838 2433 868 2466 m
887 2409 914 2464 di
928 2433 968 2479 μιν
982 2413 1075 2481 Ἐρμῇ,
1098 2413 1171 2484 quod
1191 2413 1224 2466 ad
1246 2415 1340 2466 Nisum

292 2495 341 2546 ciri
351 2497 631 2557 commemoravimus,
644 2496 687 2544 vix
700 2490 793 2544 videu-
837 2495 920 2545 refert
927 2495 1038 2564 ejusque
1046 2507 1159 2544 mortem
1167 2491 1340 2554 scholiastes;

292 2577 375 2628 turin
386 2575 511 2627 alaudam
522 2574 632 2639 cadere,
646 2593 726 2645 quam
737 2591 791 2624 uno
837 2574 889 2624 nisi
905 2571 939 2624 de
955 2571 1040 2644 Scylla
1057 2570 1104 2623 illa
1116 2571 1274 2644 accipienda
1289 2589 1340 2642 pu-

290 2656 377 2706 cristte
390 2668 545 2726 argumento
556 2654 632 2706 multi
642 2655 668 2705 in
681 2671 793 2724 eaquae-
836 2641 895 2718 tes,
916 2664 947 2702 ut
966 2651 1122 2723 exquisitior
1146 2651 1236 2723 aliqua
1259 2653 1341 2703 luerit

292 2734 392 2784 sivero:
412 2735 439 2784 in
457 2733 530 2803 quod
543 2735 629 2785 arium
643 2751 726 2804 genus
742 2751 793 2784 ιιι-
838 2732 956 2784 narratio
969 2731 1003 2784 de
1014 2749 1096 2802 poena
1113 2749 1163 2802 per
1178 2732 1340 2784 Mercurium

292 2813 349 2862 vire
368 2811 436 2863 solet
454 2815 582 2883 accipiter
601 2811 793 2884 fringillarius,
838 2811 872 2864 ab
884 2831 915 2864 ea
927 2824 1022 2864 sumta.
1035 2810 1109 2863 Prior
1121 2824 1209 2862 tamen
1222 2811 1339 2883 explica·

292 2889 380 2942 dictus
391 2888 453 2942 inde
464 2891 524 2942 aliis¹
530 2893 617 2942 Nisus.
632 2889 748 2962 Scaliger
758 2891 793 2942 ad
838 2894 875 2942 tio
895 2910 955 2943 cum
974 2911 1006 2943 eo
1024 2891 1163 2956 convenit,
1177 2889 1249 2960 quod
1266 2890 1340 2962 apud

293 2967 375 3020 Cirim
387 2987 411 3022 v.
428 2969 478 3022 528
491 2970 624 3021 falconem
638 2971 796 3040 interpreta-
838 2971 963 3044 Apollod.
975 2986 1015 3023 est
1025 2973 1073 3033 lll,
1088 2969 1134 3034 ι5,
1146 2965 1256 3024 Baeticus
1267 2971 1341 3033 ἑφιι-

292 3061 335 3099 tus
354 3059 394 3100 est
416 3047 581 3114 haliaetum,
604 3039 680 3100 cirim
704 3063 793 3101 autem
838 3051 1057 3120 predestinationi.
1069 3049 1192 3102 Ceterum
1202 3049 1339 3121 AEschylus

291 3128 442 3202 Egrettam:
456 3149 509 3200 quo
522 3131 629 3183 nomine
643 3129 792 3202 appellasse
839 3131 872 3184 ad
882 3132 1020 3183 avaritiam
1029 3130 1110 3181 refert
1117 3126 1209 3200 Scylla·
1219 3129 1338 3194 facinus,

290 3210 397 3262 videtur
411 3209 526 3264 Ardeam
539 3209 627 3264 albam
644 3212 791 3276 minorem,
838 3209 912 3282 quod
926 3211 972 3262 alii
990 3209 1024 3261 ab
1043 3225 1134 3259 amore
1147 3209 1249 3260 incesto
1263 3226 1339 3278 repe·

290 3289 440 3348 Ganettam
449 3310 556 3364 quoque
567 3291 738 3363 appellatam.
752 3293 793 3343 ln·
838 3303 904 3344 tunt.
930 3287 1027 3363 Capilli
1050 3287 1125 3340 color
1147 3305 1299 3361 purpureus
1323 3307 1339 3339 a

290 3383 331 3424 ter
351 3370 407 3424 hac
428 3371 494 3424 nihil
518 3371 588 3426 ellici
613 3385 716 3442 potest,
740 3373 792 3424 nisi
836 3371 970 3442 plerisque
985 3365 1113 3429 traditus;
1131 3369 1210 3420 suam
1228 3386 1244 3418 a
1259 3365 1340 3420 Galli·

291 3452 379 3503 arium
403 3469 451 3520 per
475 3451 541 3502 istos
567 3463 667 3502 tractus
693 3469 793 3524 genera
836 3450 932 3503 macho
944 3446 1017 3520 apud
1027 3445 1100 3498 Suid.
1113 3447 1141 3498 in
1153 3445 1234 3514 xpina.
1246 3455 1340 3515 Πορφυ-

290 3531 386 3583 melius
398 3543 552 3583 teneamus:
567 3533 595 3583 lit
609 3534 679 3584 enim
691 3532 792 3604 proba·
836 3529 884 3601 piu
903 3533 974 3595 ι’μιοι
994 3524 1076 3596 aptas,
1096 3527 1224 3578 demetuit
1240 3527 1340 3578 crinem

290 3608 361 3671 bile,
388 3609 561 3662 domesticam
589 3612 791 3682 Megarensibus
835 3627 1018 3684 purpureum.-
1039 3607 1074 3658 cf.
1093 3607 1180 3679 Toup.
1201 3607 1277 3658 Curae
1291 3625 1339 3658 no·

292 3706 368 3739 avem
379 3687 461 3740 Cirim
471 3689 562 3741 luisse.
573 3689 695 3760 Mergum
704 3692 793 3765 Mega·
836 3692 897 3741 viss.
909 3707 936 3758 p.
950 3687 981 3739 81
994 3699 1020 3738 et
1029 3685 1156 3758 Apollod.
1168 3687 1284 3738 Auream
1295 3705 1339 3738 co·

290 3765 376 3817 ridem
399 3767 570 3836 frequentare
598 3766 733 3837 (αἴθυιαι)
760 3790 792 3822 ex
836 3785 907 3820 marn
931 3778 1041 3818 narrant
1065 3765 1200 3830 nonnulli,
1225 3767 1338 3818 confusa

290 3845 366 3896 Paua.
381 3843 405 3908 l,
419 3843 449 3908 5,
460 3865 485 3915 p.
504 3845 533 3896 13
546 3844 636 3896 didici.
835 3851 906 3902 forte
916 3846 1009 3900 tabula
1019 3847 1111 3913 simili,
1123 3863 1204 3917 quum
1217 3847 1337 3900 Pterelao

326 3923 355 3974 lu
366 3922 463 3975 labulae
474 3937 562 3976 autem
573 3926 731 3978 tractatione
741 3945 790 3998 per
835 3929 976 4000 Neptunus
985 3925 1212 3979 immortalitatem
1220 3925 1337 3978 dedisset

290 4001 343 4054 hoc
356 4019 463 4058 cumen
475 4006 571 4056 mirum
584 4004 669 4058 rideri
684 4020 789 4078 potest,
835 4011 858 4062 s't
867 4009 897 4076 τῇ
906 4005 1251 4077 transnominative«
1258 4005 1338 4078 Apol·

290 4083 437 4146 multavit
451 4084 534 4137 verbo
554 4085 662 4157 attingi,
680 4103 738 4157 qna
751 4100 791 4140 ta·
834 4087 890 4142 lod.
901 4088 971 4156 tt,4‚
984 4088 1009 4154 5,
1022 4087 1206 4141 aninsolae.
1219 4087 1336 4141 omnino
