3000 4674
488 389 540 454 ιιι
564 385 813 454 ncnocuu
837 386 917 452 111..
1154 383 1218 482 αις

176 527 213 574 ut
224 525 318 596 puto,
337 509 513 594 allegorica.
535 512 614 572 Nam
629 531 698 592 quae
713 509 763 572 hic
776 513 895 572 mentio
911 524 1088 594 pratorum,
1101 527 1133 576 ct
1146 516 1218 576 irri·

176 603 312 684 gationis
330 603 362 661 in
380 615 445 661 tam
462 601 524 661 acri
541 600 729 661 certamine?
742 601 821 660 Nam
835 598 924 682 loqui
938 622 1008 662 cum
1024 617 1165 685 respectu
1180 601 1221 664 ad

178 691 257 751 alios
269 693 397 772 quosvis
414 703 569 773 pastores,
580 703 649 751 tum
661 689 833 750 infacetum
846 704 908 766 eat,
924 703 992 752 tum
1004 692 1222 774 inproprium,

176 799 274 860 quum
285 779 345 841 hoc
354 799 418 841 non
427 781 467 840 ait
477 782 615 841 muneris
626 780 795 862 pastoritii.
807 779 889 860 Ergo
899 783 944 840 ait
955 803 962 841 :
975 779 1126 859 claudite,
1140 804 1160 844 ο
1169 783 1221 864 ju·

177 887 284 941 venes,
299 871 383 928 rivoa
397 869 532 949 ingenii,
544 869 706 944 carminis,
719 868 890 928 acuminis:
904 869 978 928 satia
988 867 1053 950 jam
1068 883 1172 950 prata,
1187 869 1222 932 id

178 970 239 1031 est,
259 977 348 1017 aures
366 971 490 1017 nostrus
506 955 684 1018 delectantis
699 977 812 1016 canore
827 969 945 1032 vestro,
956 954 1136 1034 dulcedine,
1151 979 1223 1020 aua·

178 1047 290 1106 vitate:
305 1047 422 1128 quippe
432 1046 636 1108 consederant
646 1047 685 1105 ad
696 1043 874 1106 canendum
884 1047 917 1104 in
928 1043 1027 1106 herba
1036 1045 1136 1106 molli.
1144 1046 1223 1108 Alle-

178 1135 284 1214 gorica
301 1155 427 1216 quoque
445 1155 480 1194 ea
501 1134 650 1195 demissio
669 1133 725 1196 lib.
739 1135 770 1194 ll
782 1135 895 1216 Georg.
912 1133 951 1193 ad
969 1133 1082 1194 finem:
1097 1133 1156 1196 Sed
1170 1155 1222 1196 not

178 1227 353 1285 immensum
365 1227 478 1306 spatiis,
492 1237 544 1284 etc.

178 1383 233 1436 Aut
251 1382 422 1454 intelligimus
440 1383 512 1436 hunc
529 1385 627 1452 exisse,
647 1395 677 1436 ut
722 1383 792 1437 enin
811 1379 946 1436 audiendo
956 1399 1061 1448 eumut3
1073 1397 1151 1443 nutet
1162 1398 1224 1436 not·

176 1462 283 1534 juberet
295 1465 383 1534 puerit
396 1465 450 1515 uuis
462 1475 492 1514 ut
507 1482 571 1515 arva
582 1465 678 1534 irriga·
722 1478 768 1516 trae
781 1464 903 1518 cantibus
913 1466 1007 1516 ventris
1015 1466 1078 1515 satia
1086 1461 1223 1516 delectata

180 1555 252 1604 rent3
271 1541 344 1612 quod
360 1541 412 1594 illis
431 1542 600 1594 cantantihut
619 1544 678 1594 suc·
722 1541 1224 1616 aunt,quemadmodumaquarumhu·

181 1633 237 1672 tum
251 1633 302 1682 est,
315 1633 373 1684 aut,
385 1633 410 1674 et
420 1641 512 1674 revera
522 1621 600 1684 dicit,
613 1623 680 1674 rivos
722 1643 797 1676 more
811 1637 889 1694 prata
906 1622 1068 1676 reficiuntur.
1086 1623 1143 1674 linc
1161 1620 1223 1674 ulti·

181 1699 304 1754 claudite.
316 1704 368 1754 Aut
378 1715 449 1755 certe
459 1702 619 1775 allegoricus
625 1701 679 1754 hoc
724 1721 797 1755 mum
808 1713 927 1776 prestat,
941 1704 1061 1773 quumvit
1072 1700 1148 1753 aliter
1157 1701 1225 1772 lley·

183 1780 260 1847 dicit,
268 1783 324 1852 jam
335 1797 442 1837 cantare
452 1782 578 1838 desinite:
592 1784 680 1836 satiati
724 1783 784 1835 niut
800 1783 946 1850 censuerit,
957 1780 1016 1836 Vol.
1027 1783 1053 1850 l,
1062 1797 1123 1854 pag.
1138 1779 1196 1834 118·
