3000 4674
280 323 342 406 234
606 323 983 390 couunnnnnta

317 447 364 530 74.
387 449 459 509 Post
480 458 527 509 tot
547 465 788 512 commemorata
810 449 982 511 infortunia
1002 447 1110 531 abjicit
1125 449 1191 531 jam
1211 471 1314 512 rerum

277 537 419 596 omniunt
433 559 537 598 curam
549 561 557 598 :
571 537 645 599 latet
659 541 742 599 enim
757 541 790 599 in
806 539 908 620 primo
923 559 1012 598 versu
1027 540 1145 609 lronia;
1161 543 1251 621 quasi
1271 539 1316 600 tli-

275 636 340 682 cat:
355 644 412 683 nec
424 646 516 707 pyros
530 628 643 704 insere,
658 647 715 687 uec
726 629 804 687 vites
819 647 902 707 pone
914 625 1117 686 devastandas
1132 649 1150 687 a
1163 627 1314 687 barbaris.

274 711 348 770 Mox
361 713 497 794 capellas
510 736 529 775 a
539 735 573 776 se
584 714 728 792 dimittit,
743 717 832 797 quasi
841 713 907 795 jam
923 735 1085 796 nunquam
1099 715 1238 790 visurum
1252 735 1314 774 car-

274 799 360 860 mina
373 804 481 878 etiam,
496 803 682 886 adquorum
696 804 882 864 cantilenam
897 803 1018 864 solebat
1031 802 1165 885 capellas
1179 823 1314 884 pascere.

274 887 336 962 Tu,
348 888 458 969 lector,
474 908 611 954 mentem
622 906 724 976 poetae
735 892 875 952 adverte:
890 890 1036 952 diviserat
1052 889 1215 950 illeliboeus
1230 889 1314 949 bona

275 973 388 1056 Tityri,
409 981 440 1038 in
459 1001 508 1056 ea,
528 1001 596 1062 quae
616 981 654 1041 ad
673 979 856 1054 utilitatem,
876 994 905 1040 et
921 979 1112 1061 voluptatem
1137 977 1313 1058 pertinent:

271 1057 338 1143 jam
349 1062 415 1128 baec
424 1068 533 1130 eadem
546 1070 670 1131 sibimet
682 1084 791 1150 negat:
804 1068 983 1143 utilitatem,
996 1085 1094 1148 quum
1105 1060 1240 1145 capellas
1251 1083 1268 1121 a
1283 1082 1314 1122 se

185 1169 190 1184 ·
276 1149 399 1233 abjicit,
418 1177 526 1218 curam
537 1178 704 1241 pyrorum,
717 1172 748 1217 et
759 1159 892 1217 vitium:
912 1155 1122 1237 voluptatem,
1141 1171 1238 1232 quum
1251 1169 1316 1209 car·

274 1242 374 1318 mina,
385 1244 685 1330 delectationemque
695 1246 793 1324 illam,
806 1266 899 1328 quam
910 1255 1017 1327 pastor
1026 1243 1139 1324 accipit
1148 1259 1184 1300 ex
1193 1257 1315 1322 pecore,

277 1331 342 1392 sive
354 1335 508 1414 pendente
520 1357 555 1397 ex
568 1338 716 1418 rupibus,
730 1338 793 1397 sive
805 1347 948 1418 pascente
960 1353 976 1392 e
988 1332 1120 1393 frutetis.

315 1419 363 1479 80.
385 1423 556 1484 Videbatur
578 1423 744 1485 Meliboeus
767 1443 893 1504 parasse
916 1423 1057 1496 abitum,
1080 1438 1152 1479 eum
1175 1416 1314 1476 retinens

274 1504 405 1586 Tityrus
411 1512 502 1590 petit,
516 1526 552 1571 ut
564 1531 667 1573 secum
678 1514 818 1594 quiescat
832 1532 901 1573 eam
916 1523 1059 1571 noctem:
1076 1506 1227 1590 proponit
1240 1523 1314 1562 vero

276 1595 335 1654 tria
348 1597 567 1674 invitamenta,
581 1613 616 1660 ut
627 1601 700 1662 inde
713 1622 779 1662 non
794 1599 948 1660 discedat:
964 1599 1068 1682 primo
1082 1595 1177 1656 offert
1189 1591 1317 1653 societa-

276 1693 338 1741 tem
352 1683 390 1746 ad
405 1707 472 1747 earn
486 1703 624 1766 noctem,
638 1704 667 1750 et
680 1691 712 1749 in
725 1691 837 1750 virenti
849 1689 1009 1772 gramine:
1025 1687 1183 1770 pertinent
1196 1680 1261 1742 haec
1276 1677 1316 1738 ad

274 1901 329 1935 sem
348 1887 414 1939 facit
430 1892 586 1945 tutissimam
603 1905 629 1946 et
648 1893 773 1946 felicisei—
818 1895 846 1946 iu
867 1891 963 1944 linibus
985 1889 1107 1942 nostrie:
1131 1883 1176 1936 hie
1195 1880 1268 1934 videt
1288 1898 1316 1934 te

274 1981 345 2014 mam
358 1968 483 2038 agricolo.
496 1971 589 2043 virgil.
600 1973 648 2025 Ge.
661 1973 771 2038 11‚45t=
818 1982 910 2043 pastor
922 1969 1056 2023 exclusum
1074 1983 1148 2019 esse:
1166 1975 1192 2015 et
1204 1961 1276 2014 videt
1288 1979 1316 2013 ce

278 2041 477 2099 uofortnnatos
485 2051 604 2117 nimium,
614 2053 691 2104 suasi
701 2051 774 2104 bona
818 2067 872 2102 non
885 2049 986 2102 habere
996 2047 1079 2113 illud,
1089 2061 1143 2116 qno
1152 2043 1257 2114 Tityrus
1265 2043 1318 2092 uti·

274 2124 381 2189 norint,
402 2125 540 2198 Agricolas
553 2149 560 2192 ς
581 2130 676 2201 quihus
698 2131 773 2201 ipta,
817 2143 869 2181 tur.
881 2129 951 2180 Sero.
962 2128 1018 2179 Nos
1028 2126 1080 2178 boo
1088 2121 1181 2175 ordine
1189 2121 1316 2193 legimus:

274 2201 370 2271 procul
382 2203 550 2260 discordibus
563 2210 658 2274 armis,
675 2209 774 2262 Fundit
817 2210 858 2261 Ite
883 2223 966 2273 meoe,
983 2204 1056 2276 felix
1067 2201 1200 2276 quondam
1217 2217 1316 2271 pecus:

274 2279 357 2334 humo
378 2285 484 2339 facilem
509 2289 609 2340 vietum
627 2290 775 2360 justissima
819 2287 892 2360 qnod
908 2286 999 2339 nescio
1021 2284 1085 2357 quid
1102 2282 1209 2335 suavius
1225 2279 1315 2331 habet.

274 2361 362 2415 tellus.
376 2387 387 2412 ι
408 2367 509 2420 Bellum
530 2382 625 2422 contra
648 2370 772 2422 omnibns
853 2383 895 2438 77.
908 2365 1032 2418 Dumoso.
1043 2362 1074 2414 ld
1086 2373 1140 2426 est,
1151 2358 1253 2431 rigida,
1266 2358 1318 2428 spi·

275 2443 423 2512 exitiosum,
431 2448 563 2501 utLucan.
571 2469 602 2502 ex
611 2451 717 2503 Homeri
725 2451 753 2502 ll.
764 2471 771 2500 ε
818 2465 894 2500 nota.
905 2475 938 2487 -
949 2446 1074 2498 Pendere.
1085 2444 1156 2511 Quia
1167 2459 1247 2512 quum
1258 2455 1318 2511 pas·

273 2517 318 2578 *sse
335 2523 376 2592 ipe
394 2525 418 2577 ia
434 2545 460 2578 rt
479 2529 555 2593 ests,
574 2529 599 2579 ie
613 2531 631 2580 τ’
647 2526 772 2596 titlpdrrar
818 2541 915 2579 cuntur
926 2525 1049 2595 capelle,
1062 2520 1189 2595 pendent.
1202 2519 1316 2572 Sero.-

275 2599 395 2656 aiaeo‘amt.
403 2635 439 2646 -
448 2609 523 2661 Civis.
534 2609 619 2674 Peri,
632 2627 705 2662 more
713 2610 773 2662 Vel·
817 2605 935 2658 Pendere
944 2606 976 2658 de
988 2621 1059 2674 rupe.
1071 2599 1187 2654 Martial.
1201 2611 1228 2651 et
1236 2597 1315 2650 Ovid.

273 2679 363 2748 liano,
375 2697 406 2735 nt
420 2687 500 2738 etiarn
517 2689 544 2738 in
559 2689 672 2740 nummis
689 2687 773 2758 pluri·
817 2684 949 2737 haeserunt
969 2701 1017 2736 suo
1041 2684 1154 2754 quisque
1173 2678 1249 2732 ilexu.
1269 2677 1317 2730 ille

274 2757 324 2812 but
337 2775 392 2830 est,
410 2765 531 2820 meliores
543 2766 644 2820 habent
656 2767 770 2821 codieet.
816 2766 886 2831 Xlll,
899 2781 946 2834 99:
962 2787 973 2811 ι
986 2763 1146 2816 Pendentem
1157 2777 1259 2812 summa
1272 2776 1318 2809 ca·

274 2839 388 2895 Pierius.
404 2843 471 2898 Vide
488 2865 546 2918 qua
567 2845 639 2898 dicta
658 2857 719 2898 suut
738 2846 773 2899 ad
816 2861 908 2917 pream
923 2842 957 2896 de
973 2861 1039 2913 rupe
1052 2840 1172 2904 videbit,
1189 2839 1317 2890 Gatauram

274 2937 342 2972 vert.
356 2921 389 2987 3,
404 2935 429 2974 et
439 2922 539 3000 Dausq.
550 2925 731 2999 Ortbograph.
742 2947 769 2999 p.
817 2941 926 2997 speret,
945 2921 1045 2994 decipit
1064 2921 1110 2974 illa
1130 2937 1242 2972 canen·
1266 2919 1316 2970 Hie

278 3015 366 3071 10901
383 3019 439 3056 tto.
450 3005 538 3058 Emm.
817 3004 850 3058 de
869 3006 970 3068 Ponto,
986 3004 1016 3068 1,
1033 3019 1059 3072 9.
1082 3002 1169 3073 ·1pse
1187 3017 1236 3072 ego
1251 3017 1318 3071 pen·

310 3083 352 3153 74.
360 3083 455 3136 Insere.
464 3085 574 3139 Sibimet
585 3087 636 3157 ipsi
647 3086 770 3158 imperat:
817 3085 926 3149 dentes,
943 3083 1023 3136 liceat
1035 3081 1130 3146 modo,
1145 3099 1211 3152 rupe
1228 3078 1319 3151 capel·

274 3175 301 3216 et
313 3163 496 3236 apostrophen
509 3157 573 3218 lacit
590 3164 624 3218 ad
638 3168 771 3236 seipsum,
817 3166 872 3230 lat,
885 3165 944 3236 lpse
956 3164 1035 3217 velim
1047 3162 1144 3215 baculo
1155 3179 1265 3232 pascere
1278 3161 1317 3211 ni·

275 3241 392 3296 dolendo
403 3245 444 3297 rel
454 3243 598 3298 inridendo
611 3263 664 3297 non
673 3245 772 3299 hubert
817 3263 865 3298 xus
878 3261 948 3298 ovet.
960 3268 972 3291 ι
993 3245 1078 3296 Varro
1091 3243 1124 3295 de
1137 3243 1174 3294 lie
1190 3241 1265 3292 Rust.
1279 3241 1317 3305 ll,

276 3341 303 3375 te
311 3322 339 3374 id
347 3323 680 3400 quod·'l'ityrus.-lmere
692 3343 771 3378 nunc.
820 3327 850 3390 33
865 3323 1000 3378 etColum.
1011 3323 1068 3388 Vll,
1076 3323 1102 3389 6,
1111 3321 1181 3374 idem
1189 3321 1317 3372 referunt.

274 3403 336 3454 llne
347 3405 480 3474 particula
496 3419 559 3477 apta
575 3418 615 3459 eat
631 3405 774 3459 conficien-
854 3405 896 3476 78.
914 3404 1046 3456 Camino.
1064 3401 1093 3454 ld
1108 3413 1164 3466 est,
1181 3401 1245 3471 quia
1262 3417 1317 3450 non

274 3480 316 3533 die
328 3483 428 3536 ironiis.
441 3486 519 3538 Ovid.
530 3509 535 3537 ε
547 3488 642 3538 Inone
650 3486 773 3557 eteupidi
816 3485 985 3538 libetrustico
991 3502 1096 3550 canere,
1102 3482 1202 3534 carenti
1208 3497 1314 3552 posses·

274 3577 370 3612 nomen
384 3565 497 3616 amantis
509 3564 582 3616 liobe.
602 3565 733 3618 Martini:
756 3567 776 3617 1
818 3567 902 3624 tione.
915 3563 985 3616 Serv.

275 3657 347 3690 nunc
364 3651 389 3692 et
402 3641 528 3711 ferrum,
548 3643 623 3694 turbo
643 3642 770 3710 molesta,
852 3661 894 3715 79.
911 3643 1033 3716 Cytisum.
1046 3641 1136 3694 Genus
1148 3639 1265 3702 fruticis,
1275 3635 1318 3688 vel

275 3721 415 3792 neqnlnv.
423 3720 476 3774 Sat.
485 3723 650 3774 xlt=1nunc
658 3732 684 3775 et
691 3724 772 3778 ventis
815 3724 916 3786 herbo,
930 3741 988 3794 quae
1001 3724 1120 3773 nascitur
1129 3721 1198 3771 inter
1210 3733 1319 3788 campos

275 3799 356 3851 vitam
366 3800 506 3852 committe.
515 3803 548 3854 Et
560 3816 682 3854 sexcenta
695 3802 756 3856 alia.
815 3815 842 3855 et
862 3802 947 3874 sylvas
966 3803 993 3854 in
1014 3798 1123 3872 Cythisa
1146 3798 1260 3850 civitate.
1280 3821 1316 3836 ·-·

310 3879 352 3950 75.
364 3879 502 3950 Quondam
505 3880 577 3954 felix
585 3899 670 3954 pecus.
682 3883 773 3952 Quan-
815 3882 926 3934 Amaras
937 3878 1033 3932 salices.
1045 3878 1087 3931 Ad
1100 3889 1220 3929 nostrum
1233 3890 1314 3944 sapo-

275 3957 311 4010 do
331 3959 456 4014 manebat
474 3961 540 4012 mihi
557 3961 710 4023 hereditas3
730 3961 773 4014 vel
816 3980 885 4016 rem:
898 3979 959 4012 nam
967 3961 1053 4030 capris
1062 3957 1155 4011 dulces
1165 3967 1234 4010 sunt.
1244 3955 1313 4006 Sero.

276 4037 404 4110 quamdiu
420 4057 469 4112 ego
488 4041 551 4093 felix
569 4041 608 4092 lui
628 4039 772 4112 aliqnando
852 4041 894 4094 81.
905 4039 994 4092 Mtn'a.
1007 4040 1114 4092 Matura
1131 4059 1138 4089 ι
1153 4055 1210 4109 quae
1218 4051 1320 4088 nonre-
