2918 4682
308 393 372 475 524
634 391 1015 458 concursurum

304 514 407 590 ribus,
421 515 526 576 tremit
539 511 892 600 totoNcorporc,'elllate
905 514 1033 576 naribus
1048 514 1201 602 ardentes
1217 511 1383 576 halitus:

304 603 440 678 adhaec,
461 601 557 664 habet
571 601 682 686 jubam
699 606 843 680 densam,
860 625 991 687 eamque
1007 605 1042 664 in
1059 624 1187 664 ninum
1210 601 1381 662 dextrum

303 691 496 768 inclinatam,
506 707 536 752 et
546 695 667 775 spinam
678 693 853 777 duplicem,
862 694 893 754 id
904 693 1084 770 est,latam;
1097 707 1189 755 cavat
1199 706 1381 774 perpetuo

305 792 434 854 terram,
446 793 476 840 ct
488 795 578 842 sonat
590 786 725 864 graviter
738 805 837 844 cornu
851 784 1013 864 ungulato.

343 869 391 948 89.
404 871 533 945 Probat,
544 893 614 953 quoe
623 872 717 948 dixit,
727 875 910 934 testimonio
921 875 1075 945 Heroum,
1085 883 1117 931 et
1127 871 1305 945 Deorum,
1317 871 1376 950 qui

301 955 379 1018 tales
391 978 488 1041 equos
500 959 687 1022 habuerunt.
699 964 778 1023 Nam
790 961 861 1022 talis
874 962 937 1022 fuit
949 960 1091 1043 Cyllarus
1103 958 1275 1032 Pollucis3
1293 959 1375 1018 tales

337 1149 380 1203 85.
395 1152 585 1227 collectumque
590 1156 707 1227 fremens
721 1154 804 1208 volvit
846 1168 900 1216 ret,·
912 1153 1135 1228 impiqerductor,
1148 1151 1228 1224 ferre
1242 1151 1370 1222 priorem

301 1229 346 1282 suh
359 1232 460 1284 nuribus
471 1233 565 1304 ipsun.
576 1234 650 1286 Nihil
660 1236 757 1286 certius
767 1233 801 1287 ad
844 1255 898 1287 nort
906 1246 998 1307 potem
1008 1233 1100 1298 ardet,
1112 1244 1143 1283 ut
1157 1232 1246 1284 Eleus
1257 1232 1369 1302 sonipes

301 1309 420 1362 ferocem
434 1321 460 1363 et
471 1312 611 1365 militarem
626 1331 724 1384 equum
741 1331 802 1384 eog-
846 1317 893 1386 qui
909 1314 1020 1366 clamore
1028 1315 1169 1385 juvatum..
1182 1310 1220 1362 de
1237 1315 1366 1376 utteris,

300 1390 483 1456 noscendum,
505 1395 580 1462 eujus
603 1409 681 1445 nares
704 1391 801 1464 patulae
846 1395 960 1458 Lector,
975 1406 1048 1444 tuum
1062 1393 1096 1442 sit
1107 1389 1259 1460 judicium.

302 1487 360 1522 esse
381 1471 479 1524 debent
500 1487 526 1525 et
545 1487 661 1544 aperte,
681 1491 736 1526 uon
757 1492 803 1526 en-
881 1474 923 1527 86.
935 1475 1020 1526 Densa
1023 1471 1099 1544 juba,
1112 1481 1137 1522 et
1148 1469 1245 1522 dextro
1254 1473 1366 1543 jactate

301 1563 399 1620 gustu,
413 1569 444 1602 ex
461 1551 557 1622 quihus
573 1551 695 1605 videatur
711 1555 801 1625 ignes,
846 1553 1012 1606 recumbitur
1032 1567 1114 1602 anno.
1136 1550 1203 1600 Tria
1227 1548 1364 1620 praedicat

301 1629 424 1682 ardentes
436 1643 507 1684 certe
518 1630 667 1698 anhelitus,
679 1645 801 1685 eructare
847 1631 881 1686 de
891 1649 976 1704 equo,
983 1630 1093 1701 jubam,
1106 1640 1132 1680 et
1141 1627 1217 1679 hanc
1231 1627 1362 1690 densam,

302 1708 704 1777 acdevolvcre.—Fremens,iu
713 1712 802 1765 multis
847 1725 874 1766 et
892 1712 962 1764 hauc
982 1713 1109 1781 rejectam
1124 1713 1151 1760 in
1169 1727 1282 1760 armum
1302 1709 1364 1761 den-

302 1788 440 1842 codicihus
463 1783 595 1841 invenitur
616 1804 642 1843 et
662 1791 735 1862 apud
755 1791 804 1842 As-
848 1803 927 1844 trum.

301 1871 435 1930 censium
447 1888 496 1920 nec
506 1869 584 1920 video
596 1889 648 1942 quo
658 1870 739 1922 modo
746 1890 804 1942 pre-
883 1871 925 1940 87.
934 1867 1038 1940 Duplex
1046 1867 1130 1939 spina.
1138 1867 1192 1918 Aut
1203 1886 1307 1920 revera
1315 1867 1359 1919 du·

302 1965 374 1998 mens
393 1947 502 2000 defendi
521 1950 623 2020 possit;
645 1962 713 2002 esset
733 1951 804 2002 enim
847 1948 923 2020 plex;
936 1962 981 1998 aut
994 1947 1063 2011 lata,
1076 1958 1124 2012 ut,
1137 1945 1275 2017 duplicem
1286 1967 1358 2019 qent-

300 2043 467 2096 tupervaeua
487 2029 622 2098 appositio
641 2029 716 2080 verbi
740 2047 802 2081 cort·
848 2030 896 2080 mis
916 2046 1030 2099 auroque
1052 2043 1201 2077 somnum:
1226 2027 1314 2092 item,
1334 2038 1357 2078 et

300 2105 370 2157 lecti.
391 2105 567 2157 Mancinellus
591 2109 800 2184 interpretatur:
846 2107 946 2179 duplici
956 2116 1082 2178 aptantur
1095 2104 1213 2158 dentalia
1228 2105 1318 2159 dorso.
1330 2109 1355 2160 S.

301 2185 429 2239 collectus
442 2188 510 2260 ignis
522 2206 536 2239 c
547 2187 656 2240 naribus
668 2187 741 2251 lluit;
753 2188 801 2241 sed
845 2187 972 2238 -Etiam
982 2187 1067 2237 Varro
1076 2185 1178 2256 spinam
1190 2185 1217 2235 in
1229 2205 1302 2258 equo
1310 2187 1354 2236 du·

300 2269 357 2336 ejus
369 2268 483 2320 maxime
499 2287 561 2339 pars
578 2269 649 2320 intus
665 2280 801 2335 remanet,
844 2267 939 2339 plicem
956 2265 1056 2318 laudat.
1075 2265 1218 2316 Turnebus
1236 2266 1354 2333 xxvfl,
1430 2309 1431 2323 ἶ

300 2365 371 2418 equo
391 2350 512 2419 spiritum
532 2349 693 2403 retrahente.
715 2350 748 2404 V.
769 2351 800 2402 G.
846 2345 897 2407 35;
909 2347 964 2397 Jos.
980 2345 1075 2416 Scalig.
1096 2346 1124 2396 in
1141 2343 1229 2410 Ceiri,
1250 2359 1277 2397 et
1292 2346 1353 2410 alii,

300 2430 396 2480 ——llic
410 2441 497 2482 tacere
512 2448 567 2481 nou
585 2447 711 2500 possunt,
728 2427 801 2500 quod
846 2423 977 2497 duplicem
998 2427 1208 2494 interpretantur
1227 2443 1352 2497 πωροι

300 2525 379 2562 nemo
397 2508 485 2561 adhuc
503 2509 690 2564 animadvertit
707 2509 740 2562 de
757 2508 803 2561 Se-
847 2519 874 2558 et
893 2505 974 2556 lutum
993 2526 1000 2555 :
1020 2503 1117 2576 duplex
1130 2502 1219 2575 fiacr,
1243 2504 1271 2557 id
1296 2519 1352 2568 est,

300 2605 368 2638 neca
384 2588 516 2640 referente
531 2587 624 2640 decem
641 2588 691 2640 hos
709 2605 800 2640 versus
845 2605 951 2657 magua.
970 2585 1067 2634 -Ait
1084 2583 1240 2654 Xenophon
1260 2583 1350 2655 dupli-

301 2664 336 2717 nd
346 2663 424 2716 linem
434 2663 552 2734 epistolas
562 2665 751 2734 95=coneiuu0
759 2685 801 2737 pe·
845 2685 902 2718 cern
926 2666 1029 2736 spinam
1055 2665 1187 2733 equitanti
1210 2663 1347 2716 meliorem

300 2743 364 2794 coris
377 2744 493 2814 penerosi
509 2743 614 2814 pullus,
630 2757 702 2800 etc...
718 2745 799 2810 Vide,
845 2763 919 2806 esse;
933 2745 1065 2816 spectanti
1077 2762 1140 2794 vero
1156 2743 1345 2814 pulchriorem.

301 2839 407 2893 queso,
424 2822 523 2893 ingenii
534 2823 638 2889 lusum,
652 2825 695 2877 vel
710 2827 799 2896 potius
844 2823 882 2876 Sit
892 2827 982 2897 itaque
996 2823 1104 2875 dorsum
1118 2821 1216 2888 latum,
1233 2826 1344 2895 pingue,

301 2900 415 2953 abusum
444 2900 602 2953 mirabilem.
631 2903 692 2954 Non
720 2903 801 2955 aliam
845 2919 871 2958 et
883 2924 937 2976 quo
947 2903 981 2958 ad
991 2906 1125 2975 regionem
1134 2920 1239 2956 sacram
1248 2907 1342 2976 vergit,

301 2981 443 3052 imaginem
464 2997 561 3051 magno
586 2980 683 3034 Catoni
707 2980 799 3043 daret;
845 2984 1017 3036 lurcillatunr.
1031 2983 1062 3036 V.
1074 2985 1106 3036 G.

299 3079 354 3112 non
366 3059 451 3112 ulium
467 3062 615 3132 assignaret
629 3061 669 3112 illi
682 3061 798 3125 uultum,
881 3062 1058 3134 89.Amycloei
1063 3063 1175 3114 domitus
1181 3061 1295 3114 Pollucis
1302 3061 1342 3114 lin·

299 3160 354 3193 noo
369 3139 452 3193 ulium
470 3139 604 3202 habitum
619 3139 734 3212 denique
754 3141 801 3194 ad·
845 3144 914 3196 benis
927 3143 1052 3214 Cyllarus.
1065 3144 1146 3214 Atqui
1159 3141 1256 3192 Castor
1264 3161 1342 3213 equo-

299 3222 410 3273 miratus
425 3222 550 3274 invictam
563 3224 740 3276 constantium
752 3223 801 3273 viri
846 3241 905 3275 rum
915 3223 1031 3274 domitor
1043 3223 1106 3274 fuit:
1118 3219 1165 3274 sed
1176 3222 1283 3272 fratrem
1294 3239 1340 3292 pro

299 3301 368 3354 inter
375 3301 498 3372 publicas
507 3303 597 3354 ruinas
605 3321 660 3355 non
671 3303 801 3369 labantis,
845 3303 928 3355 fratre
941 3305 1031 3374 posuit
1042 3303 1149 3372 poetica
1161 3299 1282 3360 licentie;
1297 3313 1341 3350 aut

299 3379 428 3432 exclamat
446 3401 451 3430 ι
471 3381 649 3454 luxuriatque
667 3383 727 3436 turis
744 3383 802 3433 uni·
846 3395 917 3434 certe
936 3381 998 3434 ideo
1017 3379 1150 3432 Pollucem
1163 3397 1214 3450 pro
1233 3381 1338 3432 Castore

298 3477 397 3511 mosum
409 3470 504 3531 pectsu.
518 3460 584 3527 Quis
597 3479 652 3512 non
667 3480 697 3534 ⁸¹.
711 3463 799 3514 animo
845 3466 954 3534 posuit,
978 3463 1042 3533 quis
1064 3461 1142 3512 umbo
1166 3461 1290 3526 licenter,
1312 3473 1336 3514 et

299 3536 711 3609 doleateucepartiumstudis,
725 3559 799 3611 quie,
845 3543 966 3594 Polluces
991 3553 1016 3595 et
1042 3540 1165 3594 Castores
1188 3552 1335 3591 vocantur:

299 3613 363 3666 data
388 3617 507 3686 qualibet
527 3621 683 3684 occasione,
707 3617 799 3674 laudes
844 3641 905 3674 nam
916 3633 942 3673 et
951 3620 1021 3685 ludi,
1034 3633 1059 3672 et
1073 3617 1250 3690 templum,et
1260 3619 1334 3670 stellae

299 3695 379 3757 etiam
389 3693 489 3746 alienas
497 3699 525 3747 iu
533 3715 595 3751 suos
606 3696 800 3769 detorqueant?
844 3689 984 3754 Castorum
993 3713 1130 3754 vocantur.
1141 3699 1211 3751 Serv.
1220 3698 1334 3770 -Arny-

298 3773 367 3824 Nam
378 3791 435 3844 quae
442 3773 538 3828 Catoni
548 3789 661 3828 conetur
672 3777 798 3852 affingere
843 3780 895 3846 cle,
906 3781 999 3832 civitas
1009 3781 1139 3833 Laconia.
1150 3777 1279 3830 Xanthum
1290 3797 1333 3830 an·

297 3851 416 3918 Seneca,
439 3856 529 3908 omnia
550 3855 681 3910 Caesarem
709 3863 798 3932 expri-
843 3875 895 3914 tern
908 3860 973 3912 dicit
983 3875 1009 3914 et
1021 3861 1152 3932 Cyllarum
1166 3875 1260 3930 equos,
1270 3875 1331 3928 quos

299 3946 393 3996 muut;
411 3935 493 3988 itudo
510 3935 562 3989 hoc
575 3936 643 3992 duee
658 3939 796 3994 Lucanus:
842 3942 982 4013 Neptunus
994 3942 1095 3993 Junoui
1110 3939 1183 3992 dedit
1196 3959 1202 3988 ι
1218 3937 1262 3990 illa
1274 3937 1330 3990 Cas·

298 4015 382 4066 nescia
394 4016 472 4068 uirtus
485 4027 551 4070 sture
565 4016 636 4082 loco‚·
647 4039 706 4073 acer
715 4033 741 4074 et
758 4023 797 4073 irs-
842 4023 893 4074 tori
905 4035 931 4074 et
948 4021 1064 4086 Polluci,
1081 4032 1110 4071 ut
1128 4021 1213 4072 Poette
1226 4016 1330 4070 cruenti

296 4091 420 4156 domitus,-
431 4094 565 4168 impellens
575 4099 704 4174 quidquid
715 4101 798 4156 obsta·
840 4102 1006 4160 fabulantur.
1016 4100 1134 4174 Philarg-
