2970 4714
560 371 759 440 'GULEX

145 505 346 592 congestum
358 496 538 566 cumulavit
550 519 649 587 opus,
662 513 762 586 atque
774 517 892 584 aggere
905 496 1011 562 multo

147 610 289 678 Telluris
302 607 448 676 tumulus
461 605 641 674 formatum
654 605 758 671 crevit
769 605 803 668 in
816 603 951 668 orbem:
1149 619 1192 682 395

148 717 255 798 Quem
268 716 392 781 circum
404 710 553 801 lapidem
564 711 637 776 laevi
651 709 693 774 de
705 731 870 774 marmore
882 709 1028 775 formans

149 824 301 908 Conserit
312 818 453 886 assidnae
466 839 553 884 curae
566 838 710 881 memor:
724 813 778 880 hic
791 830 824 878 et
835 814 1007 898 acanthus,

149 929 191 992 Et
202 950 276 993 rosa
288 947 456 1015 purpureo
469 923 586 989 crescit
598 919 783 986 rubicunda
795 918 921 999 colore,

149 1035 190 1098 Et
201 1033 296 1098 riolae
308 1053 412 1120 genus
425 1027 524 1095 omsre
537 1028 591 1094 hic
605 1044 668 1107 est,
683 1045 716 1091 et
727 1026 871 1114 Spartica
884 1041 1024 1115 myrtus,

149 1143 258 1229 Atque
270 1136 483 1228 hyacinthus3
496 1134 595 1200 ethic
608 1133 701 1198 Cilici
713 1153 830 1198 crocus
843 1128 951 1196 editus
963 1155 1058 1214 arvo;
1151 1149 1197 1208 too

151 1248 278 1312 Laurus
290 1245 370 1309 item
383 1240 498 1306 Phoebi
511 1261 648 1328 surgens
661 1237 779 1316 decus,
790 1235 845 1302 hic
857 1235 1113 1328 rhododaphnc‚

151 1353 316 1441 Liliaque,
331 1365 364 1413 et
375 1347 458 1416 roris
472 1368 539 1411 non
551 1345 624 1410 aria
636 1365 712 1409 cura
727 1343 858 1421 marini,

153 1458 331 1549 Herbuquc
342 1454 424 1524 turis
437 1473 518 1542 opes
531 1451 647 1540 priscis
660 1449 785 1516 imitata
796 1446 929 1531 Sabina,

152 1685 276 1740 delendus.
288 1709 320 1720 -
329 1681 382 1745 394.
396 1685 521 1748 qusttsm
534 1697 554 1728 c.
568 1681 650 1730 lleins.
663 1697 723 1737 em.,
737 1693 761 1728 es
773 1689 843 1746 atque
853 1697 874 1726 a.
887 1695 917 1726 ns.
929 1680 998 1728 Forte
1010 1681 1068 1728 luit:
1080 1673 1202 1749 Adpestam

151 1757 277 1806 cumulavit
289 1754 389 1802 hamum.
401 1780 434 1792 -
445 1755 498 1817 396.
509 1754 612 1817 Scaliger
622 1757 685 1818 conj.
699 1755 771 1814 Quen·
779 1757 865 1800 circum
876 1752 976 1814 lapidum
990 1751 1042 1799 lavi
1050 1755 1078 1800 de
1091 1771 1201 1804 marmore

146 1830 237 1896 formas
249 1829 365 1875 Conterit:
376 1839 403 1874 nt
414 1829 461 1876 sint
472 1839 554 1874 crustat
564 1841 718 1882 marmorum,
728 1825 880 1872 emblemata:
893 1827 962 1872 nimis
974 1825 1092 1887 eleganter
1108 1841 1131 1874 ct
1147 1832 1203 1894 cpi-

152 1915 210 1963 parc
219 1915 262 1961 pro
271 1911 371 1961 pastore.
383 1897 406 1942 d.
418 1913 449 1942 m.
461 1911 570 1944 acervans
579 1897 658 1944 lleins.
670 1899 746 1960 conj„
757 1907 780 1942 et
792 1894 872 1959 lapidis
883 1907 907 1942 er
918 1895 1028 1960 Cossqerit.
1041 1895 1117 1943 valer.
1128 1897 1162 1944 ΡΙ.
1171 1899 1203 1943 Vl

152 1984 269 2032 supremos
285 1985 356 2030 puero
369 1973 401 2014 sic
407 1969 476 2033 fitur
487 1967 582 2016 Annam
596 1971 706 2034 conperit.
724 1968 831 2031 lapidem
842 1979 919 2014 tamen
934 1979 957 2014 et
968 1983 1066 2015 mannos·
1083 1971 1202 2033 quomodo

151 2045 248 2108 jungam
258 2057 307 2089 non
316 2042 394 2089 rideo.
407 2043 443 2089 An
455 2039 529 2100 lapids
537 2051 560 2087 et
573 2040 660 2088 latricis
669 2055 786 2088 marmore.
799 2040 899 2086 Pessime
911 2054 966 2086 vero
978 2040 1132 2103 interpolator
1141 2059 1202 2089 mar·

150 2129 202 2162 mor
219 2125 342 2168 memorat,
356 2128 429 2176 quum
442 2112 524 2158 saltem
536 2115 635 2159 maceria
650 2125 690 2162 aut
705 2107 801 2174 θριγκὸς
815 2121 930 2174 aggestum
943 2109 1041 2157 humum
1056 2113 1201 2160 circumdare

153 2184 257 2231 deberet.
270 2209 302 2220 -
311 2183 364 2246 397.
375 2183 473 2228 assidme
483 2197 545 2230 cura
556 2197 654 2238 numu
667 2186 730 2231 inere
740 2183 849 2244 repetitio
859 2193 893 2228 est
902 2197 929 2228 es
937 2198 961 2228 r.
974 2181 1031 2243 393,
1044 2197 1116 2245 quum
1127 2183 1202 2229 debe-

152 2269 206 2302 rent
214 2257 281 2319 sequi
293 2257 409 2317 gramina,
419 2254 510 2310 herbe,
519 2254 601 2310 llores,
613 2255 700 2318 quibus
709 2256 810 2301 conserit
821 2251 945 2299 tumulum.
956 2251 1041 2299 Saltem
1049 2255 1116 2315 jung.
1132 2253 1203 2312 Quem

152 2330 264 2374 caruero:
274 2329 305 2372 ita
316 2324 413 2388 lapidem
417 2327 523 2390 formans
533 2326 563 2373 de
574 2339 727 2374 monumento
736 2324 848 2388 intellige.
861 2325 963 2388 Cosspcrs't
972 2327 1033 2386 conl.
1045 2325 1123 2371 licius.
1133 2341 1203 2371 acan-

152 2396 204 2448 thos
217 2395 268 2442 Ald.
281 2423 311 2434 -
326 2393 380 2456 398.
394 2411 496 2442 murem
508 2412 550 2443 ms.
567 2397 654 2444 lloeler.
665 2411 805 2460 purpureum
819 2398 900 2440 crescit
913 2395 1038 2440 rubicunda
1050 2403 1146 2442 tsnomn
1159 2411 1201 2442 ms.

153 2467 252 2515 llelmst.
263 2481 403 2531 purpureum
414 2476 515 2513 crescent
525 2484 545 2513 r.
560 2467 576 2514 t'
589 2483 664 2514 rorcsn
675 2469 753 2514 Petar-
764 2465 896 2530 pudibunda
907 2464 988 2510 rubore
1000 2465 1065 2512 Voss.
1077 2465 1204 2526 elegantem

153 2539 227 2602 idque
239 2551 303 2585 recte
311 2537 395 2600 probat
409 2538 501 2584 waket.
515 2538 547 2584 ad
558 2539 649 2584 Lucret.
659 2539 693 2593 ll,
703 2537 757 2594 416.
769 2563 801 2573 -
812 2537 865 2598 399.
876 2535 907 2580 Et
917 2533 982 2582 viola
995 2551 1059 2582 omne
1068 2551 1152 2601 pinus,
1167 2534 1203 2582 ltic

153 2620 189 2659 est
196 2610 274 2672 vulgg.
285 2611 388 2672 Spartica
397 2619 485 2670 myrtus
493 2613 577 2657 meritc
586 2620 691 2672 suspecta
701 2610 748 2670 jam
758 2607 889 2670 scaligero:
899 2609 941 2670 qui
949 2610 1011 2654 varie
1019 2619 1092 2653 tentat
1101 2624 1106 2654 :
1116 2608 1202 2654 Astar-

152 2685 211 2739 sica,
223 2681 253 2728 ab
265 2683 366 2738 Astarte,
383 2682 488 2737 Venere,
506 2680 545 2728 vel
562 2679 682 2735 l’artlticu,⁸
695 2673 733 2726 ess¹
744 2681 806 2725 enlm
820 2681 889 2742 myrti
907 2693 993 2740 genas,
1009 2675 1202 2742 philadelphum,

153 2755 219 2818 qaod
237 2754 301 2817 apud
314 2753 411 2802 Parthos
422 2755 523 2800 inveniri
536 2753 658 2800 Athenaeus
670 2751 752 2808 tradit,
765 2749 858 2797 tandem
870 2767 951 2814 agrum
967 2753 1096 2813 Sparticum
1111 2752 1202 2799 Achaiae

153 2824 349 2888 esTbcophrsstn
359 2838 444 2873 narrat.
452 2823 603 2887 Delecbamp.
612 2824 642 2870 ad
649 2823 710 2870 Plin.
718 2823 811 2882 llV,a9.
818 2822 915 2868 Veneris
925 2820 1023 2884 aliquod
1034 2837 1121 2870 consen
1129 2823 1201 2870 latere

152 2895 264 2948 ridetur:
279 2895 339 2942 forte
352 2899 421 2942 etiam
432 2897 542 2958 regionis.
555 2897 659 2960 AEgyptia
674 2905 763 2957 myrtus
777 2890 833 2937 olim
849 2893 983 2953 prestitisse
995 2895 1079 2938 ceteris
1095 2907 1201 2941 narratus

153 2965 294 3026 (Athenaeus
305 2966 354 3019 XV,
364 2981 388 3027 p.
400 2965 446 3026 676
458 2966 485 3010 D.
495 2967 511 3024 ).
523 2967 639 3028 Conjlciat
650 2963 736 3026 aliquis
748 2961 888 3024 Memphica,
900 2961 1006 3009 Nilotica.
1015 2964 1105 3028 Myrtus
1114 2966 1144 3011 sd
1153 2968 1202 3012 Eu·
1239 3007 1249 3024 ‚

153 3048 229 3082 rotam
242 3035 348 3082 Catullus
359 3049 472 3084 memorat
487 3036 531 3090 63,
545 3036 584 3097 89.
597 3037 684 3082 Verum
696 3051 708 3081 a
721 3036 803 3098 Sparta
814 3049 863 3080 nou
874 3035 900 3080 iit
911 3035 1036 3094 Spar-sicus.
1047 3038 1126 3084 lleins.
1137 3043 1200 3101 conj.

154 3107 284 3168 Epirotica,
296 3106 361 3168 quod
372 3109 451 3152 miror.
461 3109 498 3152 Jo.
511 3105 634 3154 Schrader.
645 3106 770 3166 spineam.
782 3131 814 3142 -·
822 3105 876 3162 Aoo.
890 3105 958 3151 Ct'lr'co
966 3107 1021 3152 edd.
1034 3121 1089 3154 νεα.
1100 3107 1203 3170 Scaliger

154 3173 309 3222 arcitaismum
318 3177 394 3222 inesse
406 3175 509 3236 putabas.
519 3177 566 3220 Sed
580 3193 623 3222 cur
634 3175 693 3221 Cili:
702 3191 781 3221 anmsn
794 3190 841 3220 non
852 3176 970 3220 feremus?
987 3177 1025 3221 Est
1043 3189 1120 3224 tamen
1137 3179 1203 3226 aliud

154 3249 251 3301 riuum,
263 3245 328 3308 quod
337 3244 376 3291 hic
389 3244 446 3291 latet
456 3259 462 3288 ε
474 3247 493 3289 si
505 3244 535 3290 de
550 3261 619 3293 croco
633 3259 705 3310 agunt
716 3259 802 3309 poetae,
817 3261 864 3292 nou
876 3258 1005 3291 memorant
1013 3263 1094 3292 aarum
1107 3249 1202 3296 sedan.

155 3325 216 3363 curn
230 3313 522 3378 communicantia
531 3315 624 3362 ridetur
637 3317 661 3362 h.
676 3317 692 3363 l.
709 3315 883 3380 reponendum
898 3329 921 3360 et
933 3317 982 3376 jam
999 3321 1125 3379 repositum
1138 3337 1200 3370 nunc

154 3387 225 3436 siden
238 3387 262 3431 in
273 3382 371 3438 muna,
385 3394 409 3429 et
421 3381 479 3434 hinc
493 3385 517 3428 in
530 3383 568 3429 ed.
582 3387 625 3432 Ge.
639 3387 729 3434 Fabric.
746 3387 837 3433 sddr'tus
849 3385 949 3432 malebat
963 3385 1042 3433 Heius.
1055 3388 1120 3436 ldem
1132 3407 1200 3441 acte:

153 3469 178 3508 et
191 3459 242 3504 nuc
256 3457 282 3503 C.
294 3481 326 3493 -
337 3455 391 3514 dos.
403 3456 430 3502 1..
441 3459 494 3501 item
501 3457 584 3512 deeras,
592 3473 703 3522 exurysns
713 3458 747 3504 νὴ.
759 3469 814 3506 sett.
824 3457 892 3514 edd,
903 3459 945 3505 sed
952 3457 1034 3507 leurtss
1044 3461 1124 3510 Pnett
1134 3467 1201 3513 docus

152 3543 225 3579 recte.
236 3530 326 3575 Laurus
337 3531 389 3574 item
398 3527 496 3574 Phabea
507 3531 583 3592 inqens
593 3531 615 3574 d.
626 3531 689 3588 conj.
701 3531 793 3585 Heius,
805 3541 854 3578 tum
863 3531 902 3575 ed.
915 3531 957 3578 Ge.
970 3531 1059 3580 Fabric.
1073 3534 1107 3582 lu'c
1120 3553 1202 3603 urqrns

152 3597 325 3663 rhrdcdapbnss
337 3598 402 3662 quod
415 3601 497 3646 sitium
505 3614 630 3662 operarum
644 3615 693 3647 esse
707 3601 814 3647 arbitror.
826 3597 985 3664 rlodoctaptme
998 3617 1032 3651 est
1043 3609 1127 3654 ner-ion
1138 3609 1199 3660 Ptin,

152 3671 235 3726 XXW,
246 3685 269 3714 ιι
279 3684 311 3725 ‚s.
321 3669 363 3724 53,
372 3671 428 3716 etin
436 3673 521 3720 nostris
530 3668 653 3716 herbarum
663 3671 804 3717 unctoribus.
812 3671 902 3730 -loa
913 3689 957 3721 nan
964 3677 1015 3721 ωλι
1023 3691 1080 3724 cusa
1089 3694 1102 3724 a
1112 3681 1199 3730 Bembo

153 3743 300 3794 restitutum
311 3739 372 3786 forte
385 3739 452 3803 quod
466 3743 515 3802 ipse
533 3757 571 3788 ros
589 3745 692 3788 marinus
707 3741 778 3804 vulgo
793 3747 900 3792 uescitur.
917 3747 994 3794 lleius.
1007 3749 1069 3810 conj.
1089 3767 1134 3798 nort
1149 3759 1200 3802 auris

155 3810 229 3858 tssrba.
243 3812 305 3858 Vett.
317 3811 370 3858 edd.
383 3816 478 3858 cavania
487 3830 550 3860 rum.
562 3813 643 3861 Voluit
653 3813 717 3860 alind
732 3814 867 3878 exsculpere
878 3817 997 3882 Scaliger:
1011 3823 1126 3870 Nocturnis
1141 3835 1199 3884 tarra,

155 3895 235 3952 sat-rus
244 3884 346 3930 marinus
362 3883 489 3932 Arcadibus
503 3901 546 3947 pro
561 3897 612 3932 ture
625 3886 696 3932 luisse
710 3884 813 3942 diretta,
825 3885 863 3933 vel
874 3905 918 3935 non
928 3905 1005 3936 austun
1015 3907 1084 3946 curat
1099 3896 1141 3941 sed
1152 3891 1201 3943 noia

157 3957 274 4002 successit.
285 3979 317 3990 -
326 3954 379 4011 603.
393 3953 481 4002 Sabinis
494 3969 550 4003 retr.
560 3956 618 4004 cdd.
629 3957 745 4020 Scaliger:
755 3959 838 4004 &bissa
849 3961 947 4008 Bembns
959 3967 1071 4022 restituit,
1087 3977 1109 4012 et
1123 3967 1201 4016 berbse

158 4039 245 4071 nomeu
257 4026 281 4071 id
294 4038 335 4072 cst.
349 4025 409 4072 l’lic.
423 4029 503 4084 xxiv,
519 4043 558 4086 tr,
572 4043 590 4074 s.
603 4028 630 4075 δι
647 4029 725 4075 llerba
739 4029 836 4087 Sabina,
853 4031 932 4092 brutlty
947 4033 1060 4098 appellata
1073 4053 1088 4082 a
1103 4040 1201 4098 tlroecr's,

154 4095 253 4226 amasso
265 4111 373 4160 mrem
381 4096 508 4161 αἱματη
522 4103 630 4157 umaraci
638 4099 718 4158 similis
725 4101 798 4168 fiko,
811 4101 883 4152 altera
893 4119 1034 4168 cupresso...
1051 4107 1074 4157 A
1090 4105 1165 4164 multis
1179 4113 1203 4158 tn

162 4199 167 4210 ⁵
246 4212 255 4234 .
1011 4185 1026 4244 ⁵
