2964 4690
372 378 423 444 ιιι
447 369 837 443 cuonorconuu
860 369 1005 474 nter.
1149 373 1213 462 ³⁴9

169 523 314 586 agrorum
326 513 530 575 contuentur,
544 498 595 559 sed
609 497 667 579 ipsi
684 494 811 569 adsunt,
823 507 1044 574 versanturque
1058 494 1140 554 inter
1154 493 1216 577 syl·

168 611 240 650 ves:
263 591 301 650 eb
318 587 367 650 bis
380 590 480 672 pergit
495 587 532 648 sd
548 587 744 668 Neptunum,
763 601 837 641 nam
852 579 943 640 tellus
957 578 997 642 ab
1009 601 1046 642 eo
1061 601 1218 664 percussu,

171 699 286 758 equum
300 677 417 738 edidit:
431 690 461 736 et
475 674 602 756 quidem
613 673 652 734 de
665 671 751 752 equis
764 672 829 750 egit
837 671 962 751 copiose
972 672 1004 729 in
1014 670 1097 730 libro
1108 671 1198 730 tertio
1210 689 1218 727 ε

170 765 298 826 demum
314 767 478 828 contendit
490 765 528 826 ad
542 765 705 824 Aristaeum
717 781 773 843 pro
785 775 896 840 quarto
907 756 1005 834 libro,
1015 780 1107 840 quem
1118 761 1218 820 Deum

168 867 258 915 notat
267 876 286 915 a
295 853 491 929 nemoribus,
504 867 536 914 et
546 853 616 914 Cteu
628 849 745 924 insula,
754 845 812 908 ubi
822 843 886 929 ejus
893 844 1018 928 juvenci
1029 859 1216 922 tercentum,

170 1069 334 1138 procreetis,
347 1070 506 1122 Panesfseti
518 1081 593 1136 tunt,
606 1084 673 1140 quos
718 1065 771 1117 Alii
790 1065 877 1135 prime
896 1059 958 1114 ideo
983 1057 1057 1132 quod
1074 1072 1135 1129 post
1158 1057 1221 1132 Scy·

170 1147 257 1200 Greci
269 1151 364 1215 simos,
376 1163 520 1215 cornutos,
531 1149 673 1214 caudatos,
719 1146 821 1210 thium,
838 1145 964 1196 Arionem
981 1142 1080 1212 genuit.
1097 1139 1219 1192 Serriusz

170 1238 198 1278 et
209 1227 324 1298 pedibus
341 1229 408 1282 birci
425 1232 541 1302 insignes
554 1247 612 1282 esse
624 1247 675 1299 pu·
717 1227 804 1299 prima
823 1223 916 1289 tellus,
936 1221 964 1274 id
986 1234 1043 1286 est,
1062 1220 1125 1272 litus
1140 1239 1148 1281 ;
1169 1231 1221 1284 ut,

170 1307 675 1380 tubant5Eol.Vl‚27.CodesGothe-
717 1308 855 1380 primaque
880 1313 969 1357 uetant
992 1301 1125 1355 consulere
1147 1311 1222 1353 terra.

170 1405 221 1440 nus
238 1408 279 1460 pr.
294 1389 401 1444 exhibet
415 1391 552 1464 Satyrique
558 1411 567 1451 ,·
583 1408 677 1442 rerunt
720 1387 928 1438 Tuubnrennus:
946 1382 1048 1447 Attica,
1064 1381 1128 1452 quia
1139 1379 1224 1432 Athe-

173 1469 277 1538 untiqui
296 1471 459 1541 scriptores,
478 1471 599 1541 inprimis
616 1470 676 1520 Ma-
720 1469 826 1519 nienses
840 1483 868 1517 se
879 1463 977 1536 primos
988 1461 1111 1514 homiues
1127 1457 1224 1532 prudi-

172 1546 247 1599 crob.
261 1548 297 1612 V,
315 1565 353 1617 ¹7·
368 1549 484 1602 vividam
500 1547 675 1620 precedentis
721 1541 960 1614 cebant3intleque
968 1554 995 1594 et
1002 1539 1110 1595 cicadas
1118 1558 1148 1594 ex
1157 1555 1224 1592 euru

170 1627 259 1687 Fauni
271 1629 438 1682 iterationem
452 1629 571 1682 lnudant.
591 1630 624 1683 V.
641 1631 675 1682 G.
721 1618 1224 1697 capillisimplexuspestebsnt:uthoc

212 1721 250 1757 re.
267 1707 358 1780 Tuque
372 1727 400 1773 ο,
411 1705 674 1781 cniprirnafrem'en·
721 1718 878 1778 argumento
897 1722 925 1756 se
942 1715 1012 1755 terre
1033 1702 1137 1774 genitos
1156 1698 1226 1751 indi·

172 1794 222 1836 tem
233 1785 312 1838 Fudit
324 1807 435 1861 equum,
453 1802 503 1842 etc.
517 1791 675 1860 Antiquissi·
720 1780 1226 1856 carent.Parrhasiusprimavultsigni·

171 1863 209 1914 mi
217 1862 288 1933 libri,
295 1867 374 1918 Fudit
381 1887 486 1940 quarn,
496 1869 617 1940 plerique
627 1868 675 1921 hn-
719 1866 799 1920 ficere
807 1865 879 1918 idem
889 1883 920 1916 sc
930 1863 1055 1936 primurn.
1067 1863 1095 1926 l,
1105 1879 1129 1932 7.
1140 1861 1182 1914 Ab
1190 1875 1224 1913 eu

172 1941 311 1998 buerunt:
332 1977 362 1986 -
378 1947 487 2018 quidem
507 1949 577 2002 enim
599 1947 674 2020 digni
719 1946 873 2010 discedere,
891 1946 942 1996 nisi
959 1944 1005 2016 qui
1022 1941 1088 1994 lolio
1104 1943 1225 2009 victitet,

172 2022 270 2093 quibus
278 2023 357 2076 lidem
367 2025 524 2092 habeamur,
534 2027 576 2098 (v.
588 2046 612 2099 p.
624 2029 675 2080 lle·
718 2038 808 2098 potest
820 2041 908 2078 nemo.

172 2101 261 2154 rodet.
269 2103 338 2176 vm,
348 2103 382 2160 55
389 2123 397 2167 ;
409 2107 568 2178 Apollodor.
578 2108 622 2171 ΙΙΙ,
635 2106 674 2174 143
758 2107 797 2158 13.
810 2103 899 2157 Tellus
912 2120 1029 2176 percussa
1046 2100 1159 2154 tridenti.
1174 2101 1226 2154 Lu·

172 2181 332 2252 Pausanias,
344 2185 371 2252 1,
384 2184 434 2251 483
451 2187 584 2239 Himerius
599 2187 674 2238 Orat.
720 2204 779 2239 cen.
799 2183 846 2236 lib.
867 2185 910 2235 vl.
931 2181 1035 2234 Primus
1055 2182 1087 2232 ab
1107 2199 1225 2253 oeqnom

172 2261 253 2331 11,7;
267 2263 411 2326 Aristides,
422 2265 533 2318 Pnnstlt.
551 2265 677 2336 inmte«
718 2264 840 2339 percussis
858 2261 961 2334 cuspide
978 2261 1045 2314 saxis
1066 2261 1226 2316 Tteoatr'eus

173 2353 235 2393 runt
243 2342 411 2415 Neptunum,
424 2347 604 2405 ineertprnino
615 2363 676 2396 curn
720 2345 836 2415 sonipes,
849 2340 921 2394 bellis
924 2339 1053 2412 ferialibus
1066 2357 1151 2406 omen,
1163 2341 1227 2393 Exi·

173 2419 312 2488 Minerrn,
336 2436 447 2493 puteum
472 2442 544 2494 uque
567 2424 677 2495 plenum
721 2422 776 2489 liit,
801 2435 851 2474 etc.
874 2420 926 2472 Atii
951 2419 1108 2473 fabulentur
1137 2420 1224 2473 aliter.

174 2516 294 2552 creasse:
311 2501 357 2553 elii
375 2500 478 2573 (Geop.
492 2503 545 2569 lX,
556 2499 600 2573 5.)
612 2520 677 2574 por·
721 2505 791 2556 Hinc
807 2504 965 2574 Neptunus,
982 2501 1101 2574 equestris
1120 2499 1226 2568 dictus,

175 2591 233 2631 turn
249 2592 275 2632 et
294 2582 403 2634 nuvium
418 2584 561 2636 stationem
577 2605 584 2634 s
605 2581 677 2636 unde
722 2582 803 2640 irrisi
810 2596 835 2636 et
844 2579 983 2649 inspirer.
996 2579 1051 2632 Gur
1059 2591 1147 2633 eutem
1159 2601 1229 2649 rpus·

173 2663 356 2734 qrammstici‚
365 2661 506 2734 Virgilium
516 2681 532 2714 u
541 2663 677 2716 communi
722 2659 784 2728 ιιῖχφ
793 2663 853 2730 δορὶ,
864 2663 908 2733 (ut
920 2658 1078 2733 Lycophron
1090 2657 1226 2734 loquitur)

174 2747 309 2796 sententie
331 2745 472 2796 recessisse
491 2745 600 2796 minime
624 2761 679 2795 cre·
722 2743 803 2798 idest
819 2743 934 2796 tridente
951 2742 1056 2794 luscino
1069 2741 1115 2812 (ut
1127 2740 1224 2816 Scalip.

173 2819 277 2890 dentes,
291 2839 387 2896 aquarn
397 2822 459 2876 loco
468 2843 563 2898 equum
576 2822 628 2896 legi
635 2826 679 2894 ju·
723 2822 946 2895 interpretatur),
968 2821 1129 2888 inducetur,
1153 2819 1226 2875 unde

173 2899 247 2954 beot.
261 2900 313 2954 sed
323 2903 387 2974 quid
398 2904 521 2978 agricolis
531 2922 593 2957 eum
607 2922 679 2975 equa
724 2916 750 2956 et
764 2902 923 2974 Tridentifir
931 2902 1033 2954 Nasoni
1050 2900 1154 2964 dictus;
1169 2901 1228 2954 fieri

175 2981 298 3033 murina?
312 2982 480 3038 Accedamus
499 2986 581 3057 igitur
599 2983 680 3036 Probi
724 2981 878 3056 putenurel
887 2994 997 3052 propter
1005 2979 1137 3051 triplicem
1146 2999 1229 3050 equs·

175 3071 202 3110 et
229 3057 321 3110 Corde
350 3065 507 3130 sententia,
532 3063 680 3116 secundum
725 3081 785 3131 runs
803 3073 942 3122 naturum
958 3057 1106 3130 liquidnm,
1124 3061 1228 3110 foecun·

178 3154 260 3208 quern
273 3138 415 3207 Neptunus
432 3143 459 3192 in
476 3139 615 3194 'lbsssslis
632 3161 679 3194 ru·
724 3142 805 3208 dnm,
825 3152 852 3193 et
870 3137 1038 3210 potabilem:
1058 3137 1100 3190 tel
1118 3151 1229 3208 propter

177 3233 239 3288 pern
256 3214 364 3268 tridenti
375 3219 548 3289 percutiens,
563 3222 680 3290 primum
724 3224 776 3275 tria
794 3237 924 3292 squerum
941 3236 1059 3290 periere,
1076 3219 1227 3285 murinum,

178 3313 277 3366 equurn
288 3295 374 3364 indit,
387 3309 413 3349 et
425 3297 502 3364 inde,
517 3301 680 3370 cognomine
724 3300 1086 3371 fluviolum,etrtu5nentern:
1097 3296 1139 3348 rel
1147 3315 1229 3370 prop·

178 3373 253 3428 duxit
262 3373 343 3432 irrisi
355 3377 506 3445 etrrsrpeisr.
515 3379 583 3432 Vide
595 3380 682 3432 inbu·
725 3394 765 3433 ter
794 3378 926 3448 triplicern
958 3378 1015 3446 ejus
1048 3388 1227 3446 potestatem

179 3477 239 3512 cen.
259 3456 306 3510 lib.
327 3458 381 3524 vt,
404 3458 476 3527 3962
498 3460 626 3510 sl’rimus
646 3459 681 3510 sb
726 3459 840 3531 equoris
848 3456 949 3508 scilicet
957 3455 1080 3519 tollendi,
1091 3454 1227 3526 placandi,

178 3555 304 3609 equores
325 3540 458 3608 percussis
479 3535 590 3608 cuspide
612 3539 682 3590 sexis
726 3552 753 3594 et
766 3536 905 3592 semendis
919 3535 960 3588 rel
973 3538 1069 3599 etiem,
1081 3546 1110 3586 ut
1124 3547 1177 3588 tres
1187 3553 1230 3588 or·

178 3615 349 3670 'l'bessslicus
362 3619 486 3688 sonipes,
502 3616 684 3670 bellislereli·
726 3620 768 3672 bis
789 3631 917 3670 terrerum
941 3627 1033 3688 portes
1058 3615 1230 3682 indicarent,

178 3697 231 3752 bus
243 3713 322 3750 umen
332 3695 458 3764 Exsiluit,
476 3697 578 3769 primus
592 3695 684 3769 chely·
729 3717 809 3772 quern
831 3695 914 3748 ambit
929 3695 1063 3748 Oceanus.
1080 3694 1148 3747 Vide
1167 3695 1231 3748 Ful·

179 3777 242 3832 bem
255 3771 400 3847 frenosque
417 3775 560 3831 momordit
573 3775 686 3848 Spumu·
729 3790 800 3854 pent.
812 3779 838 3830 in
851 3775 997 3849 Mythulop.
1013 3776 1123 3828 Tuubrn.

181 3857 688 3932 vitquenovisLepitbuilomitorisbs·
769 3857 809 3911 15.
828 3857 878 3908 Ter
893 3867 1035 3908 centum...
1047 3855 1161 3908 dnmm.
1181 3853 1231 3904 Ar·

182 3942 290 3996 benis·
303 3945 337 3998 V.
349 3945 381 3996 G.
392 3971 427 3982 --
436 3939 535 3993 Prima.
546 3938 624 3990 Multi
636 3957 685 4009 pro
730 3939 810 3992 bustu
822 3935 940 3988 nondum
950 3935 1021 3988 elate
1029 3951 1144 4006 quorum
1158 3933 1233 3984 frou·

185 4020 249 4072 olim
267 4025 419 4095 accipinnt;
437 4033 486 4086 ut,
505 4019 596 4072 Prima
616 4019 688 4092 quod
731 4018 779 4071 des
796 4027 942 4087 pascuntur
953 4017 1071 4086 juvenci.
1084 4014 1124 4064 De
1138 4011 1234 4063 fertili·

185 4101 330 4176 mrrojon
337 4122 386 4178 pro
395 4103 593 4176 absuspesserat
601 4097 686 4173 Arps's.
732 4109 786 4152 tute
796 4095 869 4163 Cen,
877 4112 936 4167 quse
946 4097 1025 4148 muris
1038 4091 1121 4164 AEqsri
1128 4087 1233 4157 insule,
