3000 4674
490 437 883 505 1unctociu11.
1143 451 1205 532 243

169 566 255 630 eredi
269 563 359 626 debet
374 565 504 624 invitare
518 579 623 646 pastor
638 560 743 622 Alexin
759 559 797 622 ad
812 559 1005 646 voluptatem
1020 571 1209 650 venationis,

171 678 267 738 quam
279 655 315 716 ad
330 654 468 713 laborem
482 649 676 734 figendorum
688 649 856 710 furcarum.

213 745 260 805 30.
279 741 389 802 Libeat
408 741 463 802 tibi
483 761 607 822 gregem
620 736 803 820 compellere
820 736 934 800 baculo
953 758 988 798 ex
1006 737 1147 804 hibisco:
1167 749 1212 812 ita

173 829 280 894 Alexin
291 834 402 891 invitat
412 829 451 890 ad
462 831 558 888 vitam
568 825 766 909 pastoralem,
777 840 810 886 ut
820 840 984 908 proponat7
995 849 1071 909 quae·
1072 830 1223 910 jucunda,
1311 847 1314 860 ¹

170 937 263 996 eun13
273 935 429 994 amoveat,
443 940 512 1001 quae
522 917 667 976 molesta:
679 917 783 996 itaque
793 916 848 976 ait:
862 935 924 975 non
936 935 1005 996 ages
1015 939 1135 1000 caprae,
1148 943 1211 983 non

171 1025 293 1083 tauros,
307 1029 371 1068 non
384 1019 540 1067 armenta:
554 1005 608 1064 sed
618 1001 742 1078 haedos,
762 1003 816 1083 qui
830 1001 982 1063 molliculi
997 1018 1026 1063 et
1040 1013 1214 1087 tenerrimi,

171 1098 227 1180 qui
246 1094 415 1155 ludibundi
436 1107 465 1152 ct
483 1094 582 1174 grati:
601 1091 714 1160 deinde
731 1090 899 1172 gestandus
916 1090 974 1148 tibi
992 1091 1100 1152 viridia
1118 1093 1214 1156 hibis-

170 1187 224 1245 cus'
236 1205 294 1268 pro
306 1178 512 1256 baculo‚'non
527 1180 740 1262 ponderosum
752 1177 884 1262 pedum,
894 1177 979 1260 quod
990 1201 1101 1255 manus
1111 1181 1226 1255 laedat„

212 1273 259 1334 31.
277 1271 394 1332 luvitat
403 1270 468 1350 jam
485 1269 629 1352 praemio,
645 1269 671 1328 si
687 1288 791 1331 secum
804 1288 855 1327 rus
867 1265 1029 1336 adveniat:
1045 1271 1104 1330 eris
1116 1273 1214 1333 excel·

172 1351 361 1425 lentissimae
383 1357 494 1418 artifex
515 1358 653 1432 musicae3
674 1357 850 1418 imitaberis
869 1377 933 1418 non
958 1374 1174 1440 quemcunque
1198 1383 1215 1422 e

171 1450 274 1524 Divis,
292 1447 346 1510 sed
365 1449 469 1527 ipsunt
489 1443 600 1506 fistulae
619 1447 814 1506 inventorem
832 1445 947 1504 Deum:
967 1457 1102 1520 etnota,
1119 1447 1217 1507 latere

172 1535 297 1598 occulte
317 1533 460 1609 laudern,
481 1535 755 1615 arrogantiamque
776 1533 875 1614 ipsius
896 1533 1087 1614 Corydonisg
1111 1537 1217 1596 innuit

173 1628 258 1685 enim
276 1645 308 1684 se
325 1625 401 1684 scire
414 1621 479 1704 jam
496 1625 581 1683 Pana
595 1623 735 1684 canendo
751 1623 884 1696 imitari,
901 1637 930 1681 et
944 1623 1061 1704 eo‘lpao
1074 1621 1217 1683 stimulos

173 1709 304 1772 adhibet
326 1709 365 1770 ad
383 1709 589 1785 veniendum
613 1712 701 1792 quasi
725 1710 826 1769 dicat:
847 1729 904 1789 ego
923 1707 988 1790 jam
1009 1709 1131 1783 imitor,
1147 1708 1233 1791 jam‘

174 1817 244 1857 enm
258 1797 381 1884 artife15
394 1789 531 1884 aspirare
544 1819 617 1880 ergo
631 1812 660 1860 et
674 1811 708 1858 tu
724 1819 849 1882 quoque
862 1794 900 1856 ad
912 1810 977 1858 tam
992 1799 1149 1878 egregium
1162 1797 1215 1860 de·
1228 1791 1231 1802 ¹

172 1899 227 1946 cus
240 1901 338 1970 potes.
383 1955 387 1966 ι

206 1977 261 2054 δι.
280 1979 347 2037 lloc
362 1975 478 2038 dicitur
495 1979 661 2038 occasione
673 1975 842 2059 superioris
860 1995 985 2038 versut:
1004 1995 1061 2058 per
1079 1974 1217 2038 calamna

171 2149 265 2204 habito
278 2153 350 2222 illam
363 2172 418 2206 rem
428 2175 436 2208 ι
448 2173 516 2222 non,
529 2157 556 2208 in
569 2155 615 2210 illa
624 2174 672 2222 re,
715 2154 787 2219 caeli,
800 2155 828 2206 in
839 2173 895 2225 qua
905 2167 1007 2230 septem
1020 2157 1080 2208 toni
1091 2163 1172 2219 aunt,
1185 2167 1231 2206 ut·

173 2245 218 2298 ut,
231 2231 353 2287 habitare
368 2253 452 2288 (tasas.
466 2235 546 2307 Apud
562 2237 671 2291 Poetam
716 2235 828 2288 diximus
847 2236 875 2287 in
893 2234 1019 2298 AEneide,
1042 2235 1145 2305 Septem
1164 2234 1214 2285 dis-

172 2325 293 2364 nostrum
317 2307 410 2366 crebro
435 2317 685 2380 curnvaccueativo
716 2311 1214 2379 criminaaocumrutadpmbabot,

173 2393 322 2462 invenitur,
334 2405 364 2442 ut
373 2391 424 2444 hac
436 2392 490 2444 Ecl.
502 2411 539 2444 rs.
552 2393 600 2444 60:
616 2393 671 2444 Ha·
715 2391 743 2444 id
754 2406 793 2446 eat
803 2391 916 2464 pedus,
926 2392 978 2444 boe
990 2406 1029 2444 eet
1041 2391 1166 2444 baculum
1176 2411 1217 2444 re·

174 2470 290 2521 bituriam
299 2471 336 2523 Di
345 2489 450 2542 quoque
458 2469 544 2524 siluas.
556 2469 610 2524 Ed.
618 2471 670 2536 Vl,
685 2522 689 2532 ,
716 2489 839 2536 currum,
850 2479 961 2542 propter
970 2472 1139 2541 aunum,qui
1150 2472 1176 2522 in
1186 2489 1215 2523 ee

172 2567 241 2602 vere.
258 2567 290 2602 at
306 2549 401 2602 Nostin
418 2568 466 2602 nec
481 2545 686 2605 embnittt'loat·
715 2553 827 2606 recurrit
844 2572 850 2600 :
868 2551 933 2620 qnia
950 2549 995 2602 bie
1016 2551 1096 2600 totius
1116 2553 1230 2601 naturae*

153 2629 158 2636 “
174 2627 292 2682 babitare
306 2627 411 2682 Thalia.
424 2630 527 2684 AEneid.
539 2633 591 2696 lll,
604 2631 669 2682 106:
718 2627 784 2684 deua
796 2642 844 2684 est:
856 2631 944 2682 Poetia
956 2620 1134 2700 brigitarcnrn
1140 2629 1219 2680 Anio-

175 2711 369 2764 Centnmatrbee
378 2709 622 2783 dubitaatmeqnaa.
630 2711 673 2770 sic
717 2729 747 2764 re
758 2709 892 2773 laetatae,
903 2721 930 2761 et
940 2707 973 2761 ab
987 2727 1019 2760 eu
1028 2710 1119 2760 nictus
1130 2731 1136 2759 :
1152 2711 1216 2779 quio

173 2765 212 2842 io'
222 2791 329 2860 passiva
346 2792 534 2856 terminatione
549 2791 598 2842 Ge.
620 2791 673 2856 ΠΙ,
717 2803 746 2844 ut
763 2789 892 2862 legium,
913 2788 1113 2842 Omnianiinuit
1125 2805 1214 2840 emor.

174 2869 242 2936 340:
257 2867 375 2920 dubitata
388 2868 507 2940 mapalia
518 2871 603 2941 tetui-¹
718 2867 787 2940 Ergo
814 2871 890 2933 Pan,
918 2867 1064 2922 seeundum
1088 2868 1216 2932 fabulis,

210 2947 253 2998 31.
278 2947 417 2998 lmitubere
443 2947 521 2998 Pana
546 2947 673 3001 canendo.
720 2949 972 3020 ametaeSyrinqan
992 2947 1218 3018 nympbamdicb

175 3023 302 3095 Exemplo
314 3027 444 3088 numinia,
453 3027 480 3077 in
491 3029 561 3098 agris
571 3045 675 3079 mecum
718 3043 777 3080 tur:
788 3046 868 3097 quam
880 3045 961 3098 quum
974 3033 1143 3096 sequeretur,
1155 3027 1216 3090 illa,

175 3107 276 3176 poteria
299 3123 402 3157 canere.
423 3106 492 3158 Nam
513 3108 585 3167 Pan,
608 3106 674 3158 deus
719 3107 961 3177 imploratoTerrae
974 3107 1087 3171 auxilio,
1104 3109 1131 3158 in
1148 3108 1218 3158 cala·

177 3196 215 3234 eet
228 3184 359 3246 rusticus,
371 3185 400 3246 iq
412 3196 512 3236 nature
527 3182 676 3241 similitudi
719 3204 792 3240 man
802 3201 932 3238 conversa
942 3197 981 3236 eat
992 3207 998 3234 ι
1010 3190 1089 3254 quei'n
1101 3184 1170 3250 Pan,
1184 3185 1219 3236 od
1232 3212 1237 3228 ·

174 3279 236 3313 uem
249 3261 674 3314 formatus.UndeetPandictue
720 3265 844 3317 solatium
867 3263 965 3314 amorii
986 3261 1097 3326 incidit,
1119 3273 1146 3313 et
1167 3262 1219 3313 eibi

176 3353 232 3404 est,
244 3341 272 3392 id
285 3354 333 3405 est,
344 3360 429 3394 omne.
440 3343 526 3396 Habet
536 3345 605 3395 enim
616 3361 675 3406 cur:
719 3340 834 3405 fistulam
846 3342 919 3394 fecit.
930 3338 998 3393 Sane
1005 3339 1143 3396 iciendum
1152 3379 1160 3407 ,
1169 3341 1217 3392 Pa-

177 3423 276 3488 ιιιιιι,ἰιι
286 3421 501 3474 mercennaria
511 3433 675 3475 etcornuunr
720 3441 768 3478 na.
781 3440 817 3491 pa
824 3457 833 3486 ,
852 3419 952 3471 habere
964 3431 1112 3472 accentum.
1125 3421 1218 3472 Genea

176 3503 256 3554 Lunae
277 3501 486 3570 similitudinem.
509 3499 596 3553 Rubet
619 3503 676 3571 ejus
721 3501 791 3554 enirn
817 3498 1002 3569 monosyllaba
1027 3516 1084 3568 qna
1110 3495 1143 3550 ad
1169 3518 1217 3551 noi

176 3582 273 3647 faciet,
285 3579 319 3632 ad
332 3579 435 3632 etheria
446 3581 620 3632 imitationem
631 3599 637 3630 :
649 3581 676 3632 in
720 3593 873 3644 transeunt,
884 3587 1006 3630 crescunt
1015 3580 1043 3630 in
1053 3579 1168 3650 obliquis
1178 3599 1220 3632 ca·

176 3653 285 3732 pectore
296 3653 524 3712 nebridembabet
535 3657 676 3727 stellatam,
720 3659 792 3714 tibus
805 3680 812 3712 ι
824 3673 850 3712 et
859 3661 887 3712 in
899 3660 1053 3731 genitivoet
1061 3658 1220 3712 dativotan-

177 3737 212 3791 ad
222 3738 359 3790 stellarum
371 3741 530 3810 imaginem:
545 3755 607 3810 pera
619 3741 675 3808 ejus
688 3767 689 3772 =
720 3755 776 3792 tum
792 3739 983 3812 singularibus,
999 3738 1098 3792 anime
1105 3740 1220 3812 'syllabae

176 3819 288 3871 inferior
298 3817 404 3890 bispida
416 3832 469 3884 eet,
479 3831 590 3896 propter
600 3821 677 3872 arbo-
721 3835 858 3886 accentum
874 3819 955 3887 dant,
967 3833 1013 3886 nt,
1023 3821 1126 3884 Panos,
1136 3823 1217 3893 panl3

176 3918 237 3966 res,
249 3899 379 3972 virgulta,
390 3899 461 3953 ferat
473 3923 479 3953 :
493 3903 618 3974 caprinos
631 3921 677 3974 pe·
719 3903 838 3975 Lyncus,
850 3901 929 3972 lynci.
949 3899 1065 3955 Plurales
1085 3903 1163 3954 etiam
1176 3903 1220 3954 iatl

176 3967 334 4046 distrahet,
346 3994 376 4030 ut
390 3973 513 4033 ostendat
528 3994 603 4032 terrae
614 3979 676 4033 ioli·
720 3979 883 4032 duohnbenl
892 3991 1046 4032 nocentum:
1057 3979 1121 4032 licet
1129 3979 1164 4034 ad
1171 3991 1227 4032 not·

179 4055 308 4110 ditatum:
321 4057 437 4112 fistulam
448 4073 548 4134 septem
561 4059 677 4114 calamo·
721 4047 833 4113 traneir‘e
846 4077 900 4112 non
913 4061 1023 4130 possint.
1036 4059 1106 4112 Seru.
1199 4093 1201 4102 ι

180 4131 238 4188 riam
258 4135 359 4207 babet,
380 4137 492 4213 propter
510 4137 684 4194 harmoniam*
755 4141 798 4196 3²·
810 4133 1221 4209 Calamoscer'aconjuaymptu.

1011 4224 1050 4281 16.
