2964 4690
460 363 511 426 IN
535 359 786 426 ECLOGAM
808 359 920 424 v111.
1150 364 1210 432 321

207 485 256 566 95.
264 485 411 548 Meminit
421 505 512 568 supra
521 481 745 558 verbenarum,
756 480 814 542 bno
823 503 906 544 nunc
914 485 1217 551 commendateimui

166 587 198 634 et
211 593 349 636 venena:
365 571 430 636 baec
446 574 681 634 commendatio
699 571 841 653 procedit
857 569 897 632 ab
914 573 1136 653 admiratione,
1153 600 1216 661 qua

167 675 275 742 stupet
285 683 390 744 maga,
400 683 430 722 se
440 661 521 722 nibil
533 660 702 744 proficere:
717 673 764 720 est
777 680 851 746 vero
862 662 1096 725 commendatio
1108 665 1217 728 multi·

168 746 1216 832 piex:aloco,na1nlectaePonto,quiferacissimuevenenorunm

167 858 301 918 persona
309 840 426 915 danitis,
438 860 511 900 nam
522 839 609 900 dedit
618 838 736 912 Moeris,
746 838 802 920 qui
812 835 948 920 inclytus
958 837 991 897 in
1002 842 1090 900 omni
1100 845 1217 926 magia:

168 927 208 986 ab
220 925 355 1003 effectis3
368 925 429 989 hoc
443 927 573 1010 triplex,
587 946 660 986 nam
673 919 737 986 illis
749 924 856 984 Moeris
871 944 904 984 se
917 925 949 982 in
964 923 1074 1008 lupum
1089 947 1218 992 conver·

172 1014 272 1091 rebat,
284 1013 442 1100 dabatque
454 1015 486 1075 in
500 1013 618 1098 sylvos3
631 1015 743 1074 animoe
755 1033 772 1072 e
784 1011 937 1096 sepulcris
949 1012 1178 1093 excitabantur,
1191 1032 1223 1080 et

171 1105 344 1188 surgebant
357 1107 489 1180 mortui,
511 1103 640 1166 denium
653 1101 767 1164 haruin
781 1104 811 1164 vi
825 1101 994 1164 herbarum
1008 1117 1089 1182 sata,
1109 1120 1140 1167 et
1152 1127 1222 1188 quie

166 1189 238 1274 jam
255 1195 373 1258 radices
385 1210 527 1278 egerant,
544 1194 642 1255 alium
659 1195 691 1254 in
709 1193 816 1254 iocum
833 1191 1090 1254 traducebantur:
1107 1198 1222 1277 quibua

172 1281 296 1343 effectis
311 1283 432 1344 accedit
445 1281 523 1342 fides
541 1280 580 1341 ab
599 1281 676 1365 ipsis
694 1280 807 1355 oculis;
828 1281 874 1339 ait
889 1281 974 1340 euim
989 1301 1096 1365 maga,
1112 1303 1145 1344 se
1163 1287 1223 1346 tria

175 1367 243 1432 hac
257 1371 380 1432 vidisse.

218 1479 283 1521 ror.
301 1460 487 1542 aggreditur
500 1459 650 1539 Daphnin
665 1457 842 1520 fortissimo
859 1458 1079 1520 incantationis
1098 1481 1225 1543 genere,
1241 1496 1247 1510 ·

172 1561 212 1607 ut
226 1551 280 1629 qui
295 1569 352 1610 nec
367 1563 414 1609 tet
427 1549 622 1609 eaeminibus
635 1549 736 1608 victus
748 1559 840 1622 esset,
857 1565 916 1605 neo
932 1545 1100 1629 multiplici
1114 1551 1225 1610 Numi·

174 1656 253 1695 rium
265 1638 480 1714 invocatione,
493 1653 538 1698 est
549 1638 635 1696 enim
648 1635 799 1697 credibile
810 1638 893 1696 inter
904 1633 1130 1697 incantandunr
1145 1659 1226 1724 saepe

175 1739 302 1786 vocatos
313 1725 393 1786 Deos
400 1724 499 1786 fuisse
511 1727 651 1808 :itaque,
662 1728 716 1808 qui
728 1745 786 1787 nec
797 1727 879 1786 Deos
889 1737 992 1801 curat,
1004 1745 1061 1785 nec
1072 1729 1225 1804 carmina,

175 1828 373 1893 expugnetur
390 1810 612 1874 infestissime:
627 1811 681 1874 sed
700 1834 770 1895 quae
787 1809 852 1873 haec
870 1811 1081 1894 expugnatio?
1096 1835 1166 1898 quae
1181 1817 1228 1876 in·

174 1899 333 1962 cantatio?
347 1901 522 1986 combustae
538 1899 604 1982 jain
620 1915 715 1962 erant
734 1904 806 1983 igne
825 1901 981 1972 verbenae,
1003 1897 1111 1976 thura,
1130 1899 1228 1978 lauri,

176 1987 269 2050 florea
290 2011 413 2064 omnes;
432 1990 556 2050 confusi
578 1993 715 2051 cineres:
732 1990 793 2052 hoa
810 1989 940 2072 jubetur
957 1990 1124 2072 Amaryllis
1143 1989 1228 2054 forat

174 2077 272 2156 ferre,
286 2081 389 2161 jacere
402 2083 439 2140 in
455 2083 559 2142 rivum
578 2081 747 2142 fluentem:
766 2081 819 2142 aed
837 2080 1006 2162 diligenter
1025 2082 1229 2157 admonetur,

177 2182 213 2230 ut
221 2169 317 2250 jaciat
330 2175 430 2254 capite
442 2191 570 2232 aversor
582 2186 613 2231 et
625 2172 700 2254 quia
712 2170 774 2232 boe
786 2185 957 2232 extremum
970 2171 1078 2251 magni
1087 2183 1154 2231 erat
1166 2192 1230 2232 mo-

176 2260 291 2335 menti,
308 2260 426 2319 iterum
445 2258 530 2320 idern
549 2275 741 2342 praeceptum
760 2258 953 2332 inculcatur,
975 2255 1033 2317 buc
1050 2255 1169 2333 forna,
1192 2279 1230 2320 ae

179 2352 342 2430 respexeris.
1202 2358 1207 2373 '

223 2438 288 2497 105.
307 2439 391 2498 Dum
411 2434 495 2519 jussa
514 2441 626 2522 exequi
644 2451 788 2500 moratur
811 2436 991 2520 Amaryliit,
1015 2431 1123 2507 ornnia
1143 2437 1228 2498 laetii

179 2525 338 2587 ominibus
350 2525 502 2603 arrident,
517 2529 622 2610 itaque
637 2528 790 2589 exclamat
797 2529 869 2610 ipsa
880 2550 887 2586 ς
900 2515 1023 2608 aspice}
1040 2510 1130 2619 iperii,
1151 2526 1229 2587 doru

179 2636 288 2676 moror
298 2613 379 2676 ferre
393 2617 529 2676 cinerem
543 2618 644 2696 forae,
658 2639 695 2678 ex
709 2616 881 2678 illooubito
897 2613 1025 2689 flamma
1036 2615 1186 2702 emicuit,
1194 2636 1229 2677 ae

147 2770 150 2788 ι
177 2733 313 2788 art-ridere
327 2735 390 2790 lioet
402 2737 475 2809 apud
488 2739 633 2812 Apuleiani
645 2739 682 2792 de
723 2739 924 2810 cebalinum
932 2735 1046 2788 altman
1057 2747 1164 2810 repetem
1173 2735 1231 2808 pei-

179 2817 264 2868 Asino
281 2835 381 2870 aureo:
395 2821 627 2891 proximantem
644 2822 684 2872 vit
726 2820 826 2875 ¹dereris.
844 2817 926 2888 Quod
944 2829 972 2871 et
986 2817 1087 2884 Varro,
1107 2829 1133 2869 ot
1147 2816 1231 2869 ¹irrielti

179 2899 260 2948 estin
269 2897 396 2950 vestibus.
409 2901 481 2953 Nan.
727 2905 872 2974 acriptoreo
884 2899 944 2952 fieri
961 2895 1157 2970 deprehensum
1174 2899 1233 2948 ani·

219 2993 262 3045 97.
273 2977 321 3029 Hir
330 2996 376 3051 epo
385 2997 450 3050 rope
460 2977 627 3054 iupnmfieri.
637 2981 685 3034 Eat
728 2977 1233 3050 manumissaexplodendampan·

182 3057 256 3106 enirn
267 3059 358 3126 opinio
368 3059 499 3128 quosdam
506 3060 639 3126 homines,
647 3080 686 3113 ar-
731 3081 812 3135 quarn
830 3063 1017 3123 falsissimam,
1035 3059 1108 3112 banc
1127 3061 1232 3128 opinio·

181 3132 257 3183 tibus
270 3134 431 3204 quibusdam
445 3139 473 3188 in
487 3137 566 3210 inpor
579 3142 685 3191 mutari.
731 3159 805 3208 nen,
821 3139 856 3194 de
869 3139 991 3212 frugibus
1003 3135 1232 3210 transportandis,

181 3211 224 3263 De
233 3211 688 3286 fabalaiuporuminbornineacon·
730 3232 822 3274 monet
831 3219 923 3272 senae.
937 3229 992 3269 nat.
1007 3229 1099 3288 queat.
1112 3217 1157 3284 W,
1168 3233 1193 3287 7.

183 3308 338 3360 versorum,
355 3293 422 3346 Plio.
437 3297 512 3362 vni,
529 3313 572 3349 aa.
588 3297 688 3369 Lycen·
766 3315 828 3352 roa.
842 3299 883 3352 Ne
895 3297 1036 3369 mpeioeir.
1050 3296 1153 3348 Nolunt
1163 3297 1234 3348 enin

180 3370 365 3443 ,thropiavero
374 3373 689 3430 estmorbuamelancbo·
733 3398 761 3434 oe
772 3378 858 3431 rideri
868 3379 995 3443 numina,
1009 3377 1061 3428 uiti
1068 3394 1106 3427 ex
1117 3377 1235 3429 necersi·

185 3449 268 3516 licus,
279 3469 332 3524 qno
343 3455 390 3524 qui
398 3453 553 3507 afficiuntur
561 3451 689 3524 adripe·
733 3470 788 3512 tate
795 3457 886 3511 rania.
897 3455 975 3510 Unde
983 3472 1033 3528 pro
1041 3456 1171 3509 munceio
1180 3455 1235 3508 dic·

183 3551 231 3582 aa
239 3530 689 3604 dicuntur:lupoteniniiniitantur,
730 3551 857 3602 tumeat,
870 3538 928 3590 AEn.
941 3535 1068 3606 11,v.591
1078 3559 1085 3600 ;
1094 3535 1175 3590 Alma
1184 3557 1235 3610 pa·

186 3615 215 3663 in
224 3628 291 3682 qnos
299 3629 327 3666 te
336 3629 480 3666 eonverioe
488 3627 597 3686 putant:
607 3629 690 3670 noctu
735 3637 806 3682 mr,
817 3615 933 3689 confecia
944 3614 1028 3668 deam·
1040 3615 1122 3684 Quod
1131 3619 1234 3670 nonfa-

182 3693 337 3761 exilientee,
352 3705 379 3746 et
393 3693 428 3746 ad
441 3693 511 3748 diem
523 3700 691 3768 utqueioter
733 3711 822 3762 *ceren
838 3697 888 3748 niei
907 3697 934 3746 in
943 3695 1068 3766 pariam
1080 3696 1137 3748 iiiii.
1149 3696 1223 3752 Serv.

181 3773 312 3845 pepulere
322 3772 487 3828 divertmtea
499 3797 505 3826 i
518 3794 612 3829 eorum
623 3795 691 3849 pro·
770 3775 831 3829 rob.
844 3772 922 3828 Nihil
930 3771 977 3826 itti
985 3773 1057 3840 door,
1064 3774 1108 3827 aii
1119 3778 1236 3828 comba

184 3853 689 3930 palietiaciet,titibuudi,etc.Rhodip·
735 3867 817 3910 curat.
830 3856 899 3910 sni·
911 3866 965 3920 eat,
978 3855 1052 3927 quod
1064 3867 1140 3927 putat
1151 3871 1236 3910 artem

222 3949 266 4003 99.
283 3935 370 4006 Atque
384 3946 450 3990 rator
467 3934 520 3988 aiio
536 3935 589 3989 uidi
602 3936 692 3988 trudu-
736 3932 1238 4008 magicarnniiralere.Qaidnmoicin·

102 4019 105 4025 ’
185 4016 345 4076 caementis.
357 4017 639 4090 Magicisqnibuadarn
652 4035 692 4070 ar-
736 4015 873 4088 teiligunt,
891 4013 1237 4085 quamvis-illeboee'omniu

184 4089 259 4144 ribot
271 4090 324 4145 boc
337 4093 425 4149 fiebat.
445 4095 524 4150 Unde
541 4110 582 4150 etr
597 4098 626 4150 in
644 4096 693 4151 xit
738 4103 902 4148 contemnat.
915 4093 986 4146 Serv.

260 4169 288 4224 t.
1025 4185 1054 4222 ar
