2998 4670
344 432 396 500 ru
419 425 804 496 osonumonun
829 427 920 490 nra.
945 395 1019 494 itt.
1136 433 1193 522 εει

162 569 219 616 aut
232 557 316 616 oris:
335 575 408 616 nam
421 552 481 612 boc
496 565 637 632 tempore
651 563 759 629 pectus
772 548 804 606 in
819 547 917 608 altum
930 551 1097 613 iracundus
1109 554 1200 615 attol-

164 645 215 718 lit:
229 644 334 726 lingua
348 643 575 705 immanissime
587 636 700 698 vibrat.

203 731 271 807 440.
292 735 435 792 Extrema
448 749 519 810 pars
530 727 604 786 libri
617 727 755 786 continet
766 723 908 800 morbos,
922 725 1034 805 quibus
1045 729 1144 792 solent
1157 735 1203 792 iu-

164 818 272 880 fcstari
286 841 409 902 pecora.
425 819 554 880 Initium
570 817 666 876 sumit
679 813 720 874 ab
735 815 860 890 ovibus,
879 835 952 874 mox
965 814 1058 896 longe
1072 821 1105 878 in
1122 820 1203 882 lianc

164 927 230 968 rem
242 907 406 982 dilabitur,
420 905 558 966 dicturus
570 923 695 966 caussas
706 903 904 976 morborum,
915 917 948 962 et
959 905 1056 984 signa.
1067 909 1113 966 En
1121 908 1203 986 jam,

166 1016 237 1076 qnae
249 995 287 1056 de
296 998 411 1058 caussis
420 995 573 1078 promisit.
584 990 723 1054 Scabiem
734 993 834 1066 enim,
845 991 989 1052 morbum
999 995 1121 1069 ovium,
1131 1019 1205 1076 qua-

163 1097 237 1145 tuor
246 1083 401 1158 afliciunt:
412 1081 514 1143 imber
523 1079 655 1162 frigidus
666 1081 757 1141 altius
767 1081 799 1139 in
810 1100 924 1161 eorpus
933 1094 1112 1161 penetrans:
1123 1105 1205 1144 sum·

166 1193 253 1232 mum
265 1173 363 1253 frigus
376 1191 504 1232 summoe
518 1169 655 1251 hyemis:
671 1169 782 1244 sudor,
797 1170 850 1250 qui
867 1190 930 1228 non
944 1171 1087 1250 tergitur,
1106 1192 1204 1251 quum

167 1277 240 1318 oves
252 1275 324 1320 sunt
335 1272 430 1320 tonse
443 1281 449 1316 :
463 1277 571 1338 vepres
578 1302 587 1331 ,
600 1271 632 1316 et
644 1259 740 1338 spinas
753 1277 810 1316 suo
822 1256 952 1316 laniatu.

206 1344 275 1420 445.
291 1346 439 1405 Acaussis
451 1347 564 1405 transit
580 1343 618 1404 ad
636 1343 772 1404 remedia
788 1344 900 1403 morbi.
913 1347 948 1404 ln
963 1345 1064 1425 prima
1078 1349 1141 1406 acie
1153 1367 1208 1428 po-

167 1437 216 1494 nit
233 1433 441 1508 ablutionem,
459 1433 498 1495 de
515 1455 577 1515 qua
593 1433 851 1507 discriminamus,
871 1453 966 1513 quam
981 1432 1019 1491 de
1033 1434 1117 1494 aliis:
1139 1456 1207 1517 per·

159 1523 318 1583 -fundatur
329 1543 421 1604 pecus
436 1521 533 1582 fluvio
546 1543 635 1606 aquae
649 1522 749 1583 dulcis
758 1568 765 1597 ‚
785 1521 858 1602 quia
874 1520 1018 1581 videlicet
1030 1521 1110 1581 salsa
1126 1543 1209 1604 aqua

168 1622 250 1670 creat
264 1613 477 1692 pruriginem
496 1613 599 1671 sinon
615 1613 689 1670 satis
704 1608 858 1692 perfusio,
877 1623 1035 1688 mergatur
1048 1611 1161 1691 saepius
1177 1613 1209 1669 in

169 1701 241 1782 ipsis
256 1701 449 1781 gurgitibus:
471 1699 495 1759 si
509 1720 610 1780 neque
622 1700 736 1758 mersio
749 1699 837 1772 satis,
852 1696 1046 1779 relinquatur
1060 1699 1094 1756 in
1109 1701 1209 1774 amni,

170 1787 322 1872 deturque
335 1803 469 1870 potestas
483 1787 626 1864 natandi,
640 1803 676 1848 ut
691 1808 777 1847 mora
790 1785 843 1845 illa
857 1787 904 1844 vis
915 1786 1015 1846 morbi
1026 1785 1209 1869 depellatur.

168 1909 263 1961 Nicen.
279 1911 358 1963 Ther.
371 1913 439 1982 diupi·
451 1909 563 1982 pariesi:
578 1912 669 1986 lingua
713 1923 753 1963 tus
765 1909 807 1963 rel
820 1911 908 1962 lautus
919 1909 1045 1962 dicimus:
1059 1909 1121 1962 inde
1133 1924 1211 1966 estet

168 1985 255 2058 bifida.
267 1987 363 2040 Corda.
713 1989 814 2042 lautam
831 2009 876 2051 eo,-
890 2009 951 2042 nam
966 1985 1033 2040 illud
1050 1989 1083 2041 ab
1100 1991 1210 2043 Horatio

205 2065 265 2134 440.
278 2070 427 2122 Morborum
442 2081 579 2144 quoquete
594 2087 669 2124 caus·
713 2071 776 2122 satis
791 2069 902 2122 licenter
920 2067 1020 2132 dictum
1037 2081 1089 2134 est,
1106 2071 1154 2122 Ast
1168 2072 1213 2123 ubi

127 2173 130 2178 ·
170 2164 221 2210 sas,
234 2157 260 2198 et
270 2149 343 2220 signa
354 2150 455 2202 docebo.
468 2152 532 2202 Tria
544 2149 668 2216 dioit,si-
713 2168 754 2200 me
764 2150 862 2220 fessum
880 2147 926 2200 Sol
941 2151 1025 2200 aanor
1042 2149 1078 2200 ire
1094 2149 1211 2202 lavatum

130 2255 133 2264 =
170 2244 223 2297 gna
232 2228 400 2293 morborum,
414 2247 535 2292 caussas,
546 2241 571 2279 et
584 2247 669 2280 reme·
712 2229 865 2280 Admonuit.
876 2227 949 2278 Serv.

171 2305 237 2358 dia:
262 2305 309 2358 sed
332 2326 386 2358 non
410 2320 497 2360 serrat
521 2307 667 2378 legitimum
747 2305 807 2372 444
816 2306 1208 2376 Vepms.Vepresinmasoulino

173 2385 306 2438 ordinem:
320 2406 381 2439 narn
397 2400 456 2458 post
469 2386 585 2439 remedia
596 2404 668 2437 mor·
712 2401 832 2456 genere:
857 2395 883 2434 at
906 2383 1042 2434 Lucretius
1069 2385 1207 2435 foeminino

172 2465 368 2536 borum,signa
382 2477 581 2517 commemorat.
596 2467 664 2516 Seru.
712 2461 796 2514 dixit:
821 2461 997 2527 ut,·1llorum
1018 2462 1105 2534 spoliis
1125 2483 1210 2536 vepres

171 2545 255 2594 -De
271 2561 391 2614 pecorum
408 2543 512 2607 morbis,
529 2561 668 2614 eorumque
713 2541 877 2592 volitantibus
884 2550 979 2592 auctus.
989 2540 1212 2613 Philarg-Hir-

171 2621 287 2673 remediis
308 2633 334 2672 et
355 2622 432 2694 siquis
451 2621 517 2672 Cato
539 2641 598 2693 cap.
623 2621 666 2691 96.
712 2621 762 2673 suti
777 2629 909 2672 secuerunt
925 2637 1031 2692 corpora
1048 2639 1140 2693 vepres.
1161 2621 1213 2674 Co.

172 2703 257 2753 Varro
270 2704 310 2768 11,
323 2721 344 2754 r.
358 2703 461 2756 Colum.
475 2704 537 2770 Vll,
550 2701 574 2755 5.
587 2701 669 2774 Didy-
713 2701 793 2752 lum:
807 2725 818 2747 ι
829 2701 852 2752 si
865 2709 970 2752 tonsum
983 2719 1088 2772 gregem
1101 2705 1212 2773 patiaris

173 2799 231 2833 mus
244 2780 328 2852 Geop.
341 2782 439 2846 xviri,
451 2782 481 2850 8,
499 2781 538 2834 15.
720 2802 730 2826 ι
742 2779 908 2833 silvestribus
925 2781 997 2832 rubis
1010 2801 1041 2833 ao
1054 2783 1135 2852 spinis
1153 2802 1215 2836 sau·

208 2861 269 2927 441.
290 2861 381 2933 Turpis
393 2863 491 2914 scabies
509 2863 574 2929 Quae
593 2879 671 2933 aspe-
718 2861 835 2912 sciaris
853 2858 948 2930 Cerda.
961 2889 996 2899 —
1009 2861 1109 2932 Vepres.
1122 2862 1216 2914 Ambi-

174 2957 233 2990 rnrn
247 2952 273 2991 et
287 2953 364 3010 turpe
381 2941 461 2994 efficit
477 2960 583 3014 corpus.
600 2943 668 2994 Seru.
715 2959 768 3012 gua
779 2942 853 3012 prior
865 2943 892 2991 in
908 2954 991 3011 uepres
1005 2940 1048 2991 hic
1061 2941 1211 3012 producta:

172 3018 331 3088 -Fn'pidus
341 3020 425 3069 imber.
437 3021 538 3072 Caussa
547 3019 603 3072 huc
614 3039 671 3073 sra-
716 3019 789 3090 apud
808 3021 901 3072 Horat.
922 3022 1004 3090 Epist.
1025 3021 1049 3084 l,
1074 3021 1110 3070 ¹6.
1130 3023 1215 3071 Coma

174 3094 228 3145 biei
240 3096 267 3144 in
279 3094 380 3146 Catone
391 3108 438 3146 ert.
452 3115 475 3147 c.
491 3102 515 3147 5.
527 3099 602 3148 Rust.
613 3101 673 3150 Sca·
717 3117 801 3172 vepres
812 3111 837 3150 et
846 3119 933 3172 puna
941 3100 1133 3169 femutsEmm.

175 3172 240 3224 biem
259 3173 359 3243 pecori,
379 3185 405 3223 et
417 3175 544 3245 jumentis
564 3187 670 3226 caveto:
744 3179 804 3243 446.
814 3175 1212 3248 Perfundunt.Debocremedio

176 3251 204 3303 id
210 3270 241 3302 ex
243 3251 331 3322 fame,
340 3251 405 3313 et‚si
412 3251 517 3323 impluit
521 3290 529 3316 ,
532 3250 594 3323 fieri
599 3253 671 3304 solet.
717 3257 815 3320 Varro,
825 3257 855 3305 ll.
866 3257 939 3306 Rust.
949 3256 985 3317 ll,
997 3254 1027 3305 3:
1039 3256 1150 3320 curatio,
1162 3269 1212 3309 etc.

176 3331 276 3382 Omnes
292 3349 355 3382 vero
371 3347 491 3394 caussas,
509 3349 575 3400 quas
589 3331 674 3403 Virgi-
722 3334 832 3404 Udisque
840 3333 904 3383 aries
915 3332 942 3382 iu
953 3333 1054 3404 gurgite
1066 3332 1133 3385 uillis
1145 3336 1216 3385 Mer·

178 3411 228 3462 lius
246 3411 340 3473 infert,
354 3427 386 3462 ex
403 3409 450 3462 illo
467 3408 577 3462 adducit
592 3409 674 3462 Goltt-
717 3423 795 3464 satur.
823 3410 990 3461 Mustnonem
1023 3410 1088 3462 dicit
1119 3411 1215 3465 ducem

178 3489 341 3556 mollaVlll,
355 3489 379 3542 5.
718 3491 818 3564 gregis,
838 3507 917 3562 quem
937 3491 973 3540 ita
993 3502 1020 3542 et
1040 3493 1124 3543 Varro
1144 3511 1216 3545 com·

214 3568 274 3636 442.
295 3568 381 3621 Altius
399 3567 433 3619 ad
451 3569 538 3620 viuum
556 3569 671 3640 persedit.
718 3583 862 3622 memorat:
875 3568 938 3620 huic
952 3579 1041 3620 autern
1052 3584 1155 3641 partem
1168 3573 1217 3625 ali-

178 3645 309 3700 Msdullas
322 3660 348 3698 et
362 3665 423 3700 ossa
434 3649 590 3718 penetrarit.
603 3648 672 3700 Serv.
720 3667 799 3722 quarn
816 3649 882 3700 lanu
899 3660 1019 3718 pastores
1034 3649 1120 3701 solent
1137 3653 1218 3704 relin-

180 3755 213 3767 -
224 3728 266 3780 Sic
276 3726 403 3797 Apuleius
415 3727 461 3780 lib.
475 3729 536 3792 vtt,
548 3727 675 3779 medulla·
721 3745 816 3800 quere,
834 3729 906 3780 unde
922 3731 959 3780 ait
977 3729 1034 3781 udis
1052 3729 1135 3783 villis:
1156 3751 1218 3786 nsm

179 3806 305 3870 risdolor,
316 3808 360 3876 qui
371 3805 448 3857 altius
456 3809 612 3877 penetrarit.
622 3808 676 3858 llos
721 3825 826 3879 semper
837 3825 899 3859 oves
912 3819 992 3858 tonsa:
1004 3807 1133 3860 lavantur.
1146 3811 1215 3861 Seru.

180 3903 272 3939 versus
289 3888 393 3956 attingit
409 3885 547 3938 Columell.
565 3886 625 3951 Vll,
646 3883 677 3949 5,
757 3885 817 3954 447.
836 3889 971 3940 Mersatnr.
992 3887 1095 3938 Colum.
1117 3889 1161 3952 tv,
1184 3905 1217 3958 7,

183 3982 236 4034 quo
247 3967 274 4018 in
284 3965 344 4017 loco
352 3979 378 4018 et
386 3966 558 4018 rectissimam
566 3981 678 4034 sequen·
723 3964 847 4016 distincte
857 3966 924 4016 boe:
941 3965 1048 4035 «Atque
1058 3967 1103 4016 nbi
1115 3985 1164 4037 per
1173 3970 1219 4019 tri·

183 4044 249 4094 tium
259 4047 504 4116 interpretationem
515 4042 648 4096 offendas.
727 4043 829 4096 eduum
847 4043 967 4096 delibuto
984 4057 1088 4117 tergore
1103 4045 1219 4098 medicu-

219 4123 280 4189 443.
293 4125 395 4178 Inlotus
406 4125 512 4178 adltoett't
524 4123 614 4178 Sutlor.
630 4125 680 4177 Lo·
729 4125 822 4178 «mina
838 4122 927 4194 (ovis)
945 4124 1104 4196 perbiberit,
1124 4139 1219 4198 quarto

255 4209 278 4262 5.
996 4211 1044 4265 ’36
