3000 4674
248 368 329 453 ,218
661 363 912 433 EDITORIS

264 517 341 564 mas
364 489 487 564 adhuc
506 490 574 563 sibi
596 489 767 562 conciliat
787 494 916 588 gratias
937 504 970 560 et
992 485 1135 578 laudes,
1160 503 1316 588 propter*

263 629 398 678 novam
414 603 721 706 magnilicamque
737 603 980 678 Classicorum
994 604 1211 676 Latinorum
1223 605 1311 676 Edi-

262 724 419 809 tionem,
434 721 541 820 cujus
556 737 639 795 octo
652 718 843 794 volumina
851 718 931 820 jam
942 744 1044 822 nunc
1057 723 1097 792 in
1115 718 1308 819 publicum

263 835 492 933 prodierunt.

312 950 469 1040 Omnes,
494 967 623 1050 praeter
647 948 875 1044 Fabricium,
901 948 1127 1020 admiserunt
1150 947 1330 1048 plurimav

264 1063 442 1137 Servianis
457 1069 640 1155 immixta,
661 1091 744 1165 quae
763 1064 870 1138 nobis
889 1061 1047 1136 absurda
1065 1063 1253 1176 videptur,
1277 1080 1311 1135 et

263 1180 402 1253 idcirco
419 1181 520 1253 velut
532 1181 684 1281 indigna
698 1179 762 1253 tali
778 1184 858 1252 viro
872 1177 1106 1269 sustulimus,
1123 1205 1233 1278 quem
1246 1184 1311 1250 nti-

263 1293 416 1368 rabilcm
429 1295 587 1386 faciunt,
604 1313 638 1368 et
654 1299 905 1395 grammatices
919 1294 1086 1366 doctrina
1099 1293 1310 1391 multiplex,

264 1428 299 1483 et
315 1409 427 1511 polita
443 1409 631 1484 literarum
642 1410 779 1500 studia,
792 1426 827 1482 et
840 1411 1014 1509 exquisita
1026 1407 1156 1507 judicii
1172 1413 1312 1506 perspi-

264 1529 406 1598 cacitas.
421 1527 549 1598 Unum
565 1531 660 1598 inter
675 1524 808 1615 millia,
827 1524 929 1625 quod
948 1528 993 1595 sit
1008 1527 1108 1612 satis,
1127 1521 1312 1622 proferam

264 1638 485 1736 exemplum.
494 1642 578 1714 Non
588 1638 702 1711 oblita
712 1638 778 1711 tibi
787 1655 891 1729 sunt,
901 1637 1165 1711 humanissime
1171 1639 1312 1728 Lector,

264 1751 328 1824 illa
343 1757 470 1851 primae
481 1753 626 1853 Eclogae
639 1753 717 1826 duo
731 1758 895 1828 carmina
908 1753 952 1850 39
964 1767 998 1823 et
1007 1751 1065 1842 ilo,
1087 1777 1170 1852 quae
1183 1751 1312 1824 durius

263 1866 311 1939 ab
334 1866 407 1940 hoc
432 1867 516 1942 loco
543 1867 678 1960 aliena,
702 1873 825 1942 nescio
850 1895 924 1970 qua
949 1867 995 1939 de
1020 1893 1143 1961 causa,
1169 1867 1312 1968 judicat

263 1981 447 2081 Heynius:
817 1989 831 2008 '⁸

342 2113 469 2196 Tityrus
480 2111 556 2176 hinc
567 2113 690 2190 aberat3
703 2116 780 2198 ipsae
793 2129 838 2191 te,
850 2115 970 2198 Tityre,
983 2116 1093 2198 pinus,

343 2209 409 2292 Ipsi
421 2223 451 2272 te
463 2208 579 2290 fontes,
593 2214 661 2296 ipsa
674 2211 739 2274 haec
752 2213 878 2274 arbusta
891 2211 1057 2275 vocabant.

262 2325 357 2399 vide
374 2327 448 2403 vol.
469 2329 504 2421 1,
523 2355 605 2430 pag.
626 2327 692 2421 82,
710 2331 844 2430 Heynii
862 2334 1079 2403 severiorem
1096 2331 1312 2402 sententiam

264 2441 310 2514 de
326 2442 399 2517 hoc
411 2470 517 2518 versu
531 2445 588 2544 39.
604 2446 752 2547 Ubique
761 2445 937 2545 leguntur
947 2445 1005 2518 hae
1015 2463 1192 2543 tanquam
1201 2445 1313 2516 Servii

265 2575 379 2630 notae:
400 2562 579 2658 «Tityrus,
595 2577 646 2632 est
657 2561 849 2661 Virgilium
863 2560 937 2635 hoc
947 2559 1178 2633 constat:sed
1188 2561 1313 2648 Pinus,

263 2673 382 2742 Roma
391 2672 447 2744 vel
458 2675 591 2746 Caesar:
603 2676 735 2762 Fontes,
744 2678 861 2748 Poetae
871 2675 928 2748 vel
937 2677 1140 2748 Senatores:
1152 2672 1314 2762 Arbusto,

263 2783 413 2876 fruteta,
431 2785 547 2874 idest,
563 2787 787 2861 Scholastici.
799 2824 813 2854 a
830 2789 947 2870 Proh!
963 2787 1092 2863 Phoebi
1102 2791 1314 2862 Musarum·

264 2925 337 2999 que
353 2899 493 2998 pudor!
509 2903 555 2973 Et
567 2901 678 2976 iidem
691 2903 863 2993 Librarii,
875 2907 940 3004 qui
951 2921 1003 2976 tot
1013 2930 1128 3004 nugas
1141 2903 1313 3004 pueriles,

264 3041 313 3088 ne
328 3014 493 3088 dicamus
510 3019 681 3117 ineptias,
699 3019 835 3091 audent
853 3020 977 3092 Servio
996 3018 1216 3110 adscribere,
1235 3013 1312 3092 non

265 3127 606 3224 reflectuntoculos,
619 3159 738 3234 neque
746 3150 919 3225 mentem,
930 3135 977 3208 ad
985 3151 1111 3209 notam
1120 3139 1158 3207 in
1167 3161 1313 3208 versum

264 3251 458 3346 quintum,
474 3274 589 3347 quam
607 3253 658 3322 sic
679 3249 860 3323 conclusit
875 3255 954 3324 sani
971 3250 1103 3351 judicii
1121 3254 1295 3349 interpres
1301 3279 1310 3340 ;

266 3360 358 3442 male
372 3363 514 3462 quidam
535 3364 657 3438 volunt
676 3363 901 3466 Amaryllida
916 3367 1044 3439 dictam
1058 3363 1257 3463 olleqorice,
1274 3364 1311 3437 id

266 3492 318 3547 cst
328 3532 337 3564 ,
349 3476 396 3548 dc
405 3479 522 3551 Roma
531 3479 764 3554 celebranda!
776 3480 855 3582 plus
863 3470 954 3554 enim
962 3496 1071 3580 stupet
1080 3478 1273 3570 Meliboeus,
1284 3485 1312 3552 si

265 3590 413 3688 Tityrus
431 3595 481 3664 ita
498 3619 646 3668 securus
666 3614 734 3688 est,
754 3613 793 3670 ut
810 3612 943 3670 tontum
965 3597 1094 3670 desua
1114 3600 1249 3686 amica,
1273 3596 1314 3667 dc

265 3709 334 3775 suis
353 3703 528 3780 amoribus
547 3724 669 3782 cantet.
694 3714 774 3809 lpse
796 3713 947 3812 quidem
967 3711 1153 3784 Fabricius
1175 3728 1312 3809 partem

267 3815 365 3891 hanc
375 3823 530 3893 veritatis
540 3827 706 3921 arripuit,
716 3826 777 3898 sed
788 3853 874 3900 mox
884 3831 1091 3918 immemor,
1100 3827 1192 3902 dum
1202 3833 1313 3901 inter-

268 3949 431 4037 pretatur
444 3933 537 4008 illud
555 3936 650 4010 infra
666 3945 860 4040 scriptum,
874 3940 949 4014 Ecl.
965 3945 1000 4031 l,
1017 3967 1051 4014 v,
1071 3942 1111 4014 31
1133 3969 1141 4014 :

347 4065 519 4147 Postquam
532 4090 589 4132 nos
602 4071 767 4155 Amaryllis
779 4073 890 4154 habet,
902 4071 1031 4152 Galatea
1043 4071 1187 4158 reliquit3
