2986 4694
276 419 334 498 164
516 411 550 473 P.
575 407 809 471 VlRGlLll
832 405 1063 476 MARONIS

315 539 383 600 Nec
396 532 472 598 dein
485 553 618 597 movere
630 529 761 595 lumbos
774 530 808 594 in
822 532 1024 597 crocotularn

359 640 489 706 Prensis
501 635 623 702 videbo
635 634 807 716 altaribus3

314 746 451 812 Flavum
465 767 568 833 prope
581 741 743 832 Thybrim
755 757 788 807 et
800 741 919 807 olentis
931 743 1101 809 nauticum

359 855 485 916 Vocare
497 873 504 913 :
518 848 575 914 ubi
587 846 734 937 adpulsae
746 863 832 913 rates

315 959 406 1024 Stant
418 957 452 1020 in
464 954 556 1021 vadis
568 976 663 1020 coeno
676 969 813 1018 retentae
824 951 976 1034 sordido,

357 1065 536 1152 Macraque
548 1062 710 1126 luctantes
720 1081 816 1149 aqua.

315 1173 431 1259 Neque
443 1170 477 1232 in
490 1167 648 1246 culinam,
662 1183 695 1230 et
707 1182 805 1231 uncta
818 1162 1020 1254 compitalia,

359 1278 536 1364 Dapesque
549 1271 651 1338 duces
663 1269 812 1337 sordidas
824 1293 832 1334 ι

314 1381 442 1464 Quibus
454 1380 600 1468 repletus
614 1395 651 1442 ut
663 1377 809 1442 salivosis
822 1377 930 1466 aquis,

359 1487 503 1554 Obesam
514 1483 556 1549 ad
568 1507 705 1549 uxorem
717 1480 822 1561 redis,
1284 1491 1314 1539 ³0

316 1595 358 1657 Et
369 1607 543 1657 aestuantes
556 1587 653 1654 docte
666 1587 765 1653 solvis
777 1587 938 1676 pantices,

271 1763 321 1818 que
334 1743 390 1813 (η)
404 1742 479 1793 duces
491 1759 533 1792 me
551 1739 579 1790 in
594 1737 720 1791 culinam.
742 1740 769 1790 in
815 1736 876 1788 loca
887 1738 916 1788 in
929 1735 1080 1802 suburbiis,
1097 1736 1125 1788 iu
1141 1733 1237 1806 quibus
1257 1735 1316 1786 inc-

272 1821 368 1893 quibus
379 1818 540 1890 propudium
552 1817 620 1878 illud
634 1817 698 1869 olim
710 1835 770 1868 ver-
816 1835 880 1888 pum
889 1819 985 1870 funera
997 1830 1023 1870 et
1035 1815 1120 1888 epulae
1132 1814 1257 1866 funebres
1267 1813 1316 1866 ba-

271 1911 359 1952 satum
388 1911 453 1950 erat.
487 1897 516 1948 ln
542 1899 623 1948 sacris
647 1895 770 1968 Cotyttiis
815 1893 1315 1968 bebantur:tumcompita,inqnibut

270 1977 436 2050 (eranteaex
448 1977 530 2027 initiis
542 1975 715 2033 a'l'bracibus
726 1995 771 2028 ac·
815 1977 927 2030 Laribus
944 1976 1132 2050 compitalibus
1156 1989 1183 2028 et
1202 1973 1315 2046 'quidem

270 2059 364 2129 ceptis.
372 2076 397 2108 v.
411 2057 505 2109 Strabo
517 2057 770 2127 X,p.721B.,qui
814 2057 873 2128 ipso
889 2055 1074 2128 compitaliurn
1090 2054 1133 2108 die
1149 2072 1256 2108 necesse
1276 2067 1316 2106 est

216 2203 220 2219 p
271 2138 396 2190 classicus
408 2137 495 2209 locus)
504 2137 602 2190 Veneri
612 2135 646 2187 ab
657 2135 771 2206 impudi-
816 2138 915 2208 apponi
926 2137 1018 2189 solitas
1027 2137 1110 2189 fnisse
1125 2134 1233 2206 epulas,
1248 2151 1315 2204 quas

271 2215 772 2288 cisbominibusbabitiapornpalasci·
815 2234 946 2288 pauperes
969 2233 1031 2268 mox
1055 2216 1161 2268 auferre
1184 2213 1314 2266 solebant.

271 2315 321 2350 nos
339 2311 456 2370 gestatos
473 2313 547 2361 esse,
563 2294 704 2367 probabile
724 2294 770 2346 lit:
815 2296 880 2348 Rem
903 2308 992 2348 tamen
1021 2292 1128 2348 aliunde
1152 2292 1315 2346 declaratam

272 2396 336 2451 ergo
349 2378 464 2449 feriatus
481 2395 548 2448 pro,
560 2375 657 2446 festus,
670 2373 772 2428 dictum
816 2374 934 2428 nondum
945 2374 1008 2428 vidi.
1021 2376 1132 2426 Factum
1144 2375 1234 2444 itaque
1246 2369 1318 2424 idem

271 2457 385 2510 videtur.
556 2511 562 2525 ‚
817 2454 890 2525 qnod
902 2456 929 2506 in
943 2472 1020 2507 coena
1028 2455 1149 2506 Hecates.
1160 2471 1186 2503 v.
1198 2453 1231 2504 ²8
1240 2453 1317 2503 doces

309 2553 351 2588 ar.
367 2553 407 2586 aa.
420 2533 536 2604 Scaliger
548 2532 675 2602 preclare
683 2550 771 2584 emen·
816 2533 891 2585 dedit
902 2535 1044 2587 burmann.
1054 2551 1104 2604 pro
1117 2532 1197 2584 ducis.
1211 2550 1261 2584 nec
1270 2529 1318 2581 du-

273 2617 366 2668 davit:
386 2613 502 2665 alut-ibus
512 2649 521 2677 ‚
539 2623 569 2661 ut
586 2607 703 2677 arripiet:
721 2613 773 2661 sint
819 2629 862 2664 ces
878 2631 920 2664 me
936 2614 964 2664 in
981 2611 1099 2664 culinas?
1114 2610 1141 2663 b.
1157 2629 1180 2662 e.
1195 2627 1250 2662 non
1267 2625 1318 2678 ego

272 2697 321 2748 ale
332 2696 412 2746 vestis
429 2705 558 2755 cruentae,
574 2707 639 2760 quas
656 2689 700 2741 ille
713 2709 773 2740 mu·
817 2691 915 2744 videbo
927 2704 953 2744 te
967 2691 1119 2745 adeuntem.

272 2773 508 2826 liebriterrestitus
516 2781 542 2820 et
549 2767 714 2819 muliebriter
721 2768 773 2819 sal·
854 2787 896 2840 ²9·
914 2770 1060 2823 Selinosum
1076 2769 1192 2841 Scaliger
1209 2770 1246 2821 ait
1260 2783 1317 2820 este

272 2865 346 2916 tans,
362 2848 480 2912 adducit,
493 2866 526 2898 ne
536 2847 675 2898 saltantem
689 2849 773 2918 impe-
818 2849 946 2921 quicquid
967 2862 1073 2921 gustum
1089 2847 1174 2901 reiicit
1190 2869 1197 2896 r
1228 2859 1318 2912 recte,

274 2931 357 2984 diant.
367 2929 394 2979 in
404 2923 536 2978 crocotula
545 2943 626 2996 porro
639 2927 725 2978 lenior
732 2939 772 2979 est
817 2927 863 2981 sed
873 2928 938 3000 quid
949 2945 1031 2998 porro
1041 2925 1158 2980 salivaris
1168 2927 1244 2999 aquis
1253 2927 1319 2977 taci-

273 3009 415 3075 medicine,
424 3023 503 3077 quam
515 3024 556 3071 ea,
567 3023 647 3076 quarn
656 3005 772 3078 Scaliger
816 3011 895 3061 mus?
910 3009 967 3062 Nisi
985 3009 1137 3081 corruptela
1153 3010 1181 3060 in
1195 3006 1270 3080 cquis
1280 3005 1320 3058 la·

274 3089 384 3145 adhibet
404 3099 461 3138 toto
483 3103 562 3138 versu
588 3088 769 3156 transposito:
817 3086 1319 3158 tet,utforte:utsclioosisupris,sa-

273 3168 542 3224 Moverelumbosnec
551 3165 772 3232 dein‚crocotuloe
817 3165 1317 3238 livammoventibus‚scriptun1fuerit:

275 3249 377 3304 Poensis
388 3248 478 3300 videbo
490 3245 624 3299 alaribus?
818 3251 934 3322 accipias
947 3267 1046 3321 uquam
1058 3245 1195 3302 salicosam
1213 3244 1246 3296 de
1259 3247 1320 3315 ipsa

311 3331 352 3397 al.
365 3327 516 3401 legendum
536 3345 596 3378 curn
612 3325 774 3380 Oudendor-
818 3329 910 3380 saliva.
921 3329 1046 3400 Repletus
1058 3329 1091 3378 iis
1101 3325 1187 3398 epulis
1197 3338 1226 3376 ut
1235 3323 1246 3394 (
1255 3341 1318 3395 quo·

274 3413 336 3480 pio,
351 3410 503 3460 Burmanno
514 3423 621 3477 quoque
631 3406 774 3473 suadente,
818 3409 899 3460 modo
909 3407 932 3478 t)
946 3406 1017 3460 redis
1030 3407 1114 3458 saliva
1126 3405 1271 3456 etiamnum
1286 3419 1319 3454 ex

274 3480 384 3540 Planum
395 3502 479 3556 prope
488 3493 515 3534 et
528 3482 654 3554 Thybrim
670 3496 694 3535 te
705 3483 776 3536 olen·
818 3487 1004 3539 recordatione
1016 3485 1156 3537 affluente!
1171 3486 1270 3535 Verum
1279 3493 1320 3531 to·

276 3579 311 3618 tes
328 3565 467 3616 nauticum
490 3565 604 3612 vocare?
625 3574 654 3614 ut
678 3563 774 3616 olentes
818 3577 874 3617 tum
892 3555 981 3617 locum
1002 3583 1097 3636 parurn
1118 3562 1249 3634 expedio,
1267 3577 1318 3614 nte

274 3645 412 3695 nauticum
423 3645 474 3692 sint
488 3655 590 3706 nautae,
605 3659 673 3710 quoa
687 3645 774 3714 impu·
818 3643 942 3715 expedire
955 3645 1044 3696 refert.

275 3723 393 3774 rissimus
416 3719 497 3772 botno
518 3719 703 3788 prestolatur,
727 3722 774 3773 ubi
854 3724 896 3774 31.
911 3723 1028 3794 pantices
1037 3723 1071 3776 de
1084 3725 1160 3776 fartis
1177 3739 1224 3775 seu
1238 3721 1319 3772 fariti-

276 3799 444 3871 appulerint‚
457 3810 486 3848 ut
499 3815 591 3848 eorum
603 3797 707 3850 libidini
722 3817 775 3854 ser·
818 3801 933 3855 minibus
945 3805 1079 3874 accipiunt
1091 3802 1207 3876 Scaliger
1218 3814 1246 3854 et
1256 3800 1320 3852 binc

276 3883 343 3944 viat,
352 3879 444 3949 (probe
456 3888 495 3927 est
505 3875 596 3926 vitium
606 3875 668 3928 edit.
677 3877 771 3952 Scalig.
819 3881 880 3942 alii;
892 3881 1027 3948 acerbolo,
1038 3899 1119 3952 quum
1127 3891 1262 3950 aestuantes
1272 3897 1320 3954 ap·

275 3978 342 4032 pro,
352 3957 457 4029 prope).
818 3959 974 4033 pellentur:
995 3973 1024 4010 ut
1045 3962 1186 4013 sarcimine
1203 3959 1318 4012 distenta

313 4057 354 4110 ²7·
366 4037 514 4109 Exprobrat
526 4038 621 4088 famem
632 4050 659 4088 et
672 4051 773 4110 egesta·
819 4041 906 4110 rumpi
916 4038 1065 4092 videantur.
1080 4042 1188 4112 Proprie
1198 4041 1318 4111 pantices

277 4133 345 4184 tem,
359 4137 412 4188 qua
424 4129 532 4168 coactus
545 4115 600 4166 adit
612 4115 732 4181 culinas,
745 4117 772 4170 b.
820 4130 882 4171 aunt
897 4120 1040 4184 intestina,
1060 4119 1157 4188 quibus
1175 4117 1211 4169 ad
1229 4117 1319 4170 edulia
