2918 4682
322 375 373 440 lu
397 368 783 438 GEORGICORUM
806 369 899 435 LIB.
925 371 997 436 111.
1114 372 1173 439 521

181 500 229 559 60.
243 497 340 558 Docet
358 494 532 578 legitimum
552 509 676 574 tempus
690 473 973 554 admissionis'esse
991 503 1061 576 post
1079 515 1178 555 annos

143 599 292 666 quatuor,
304 596 396 666 atque
406 597 478 644 ante
492 582 600 643 decem
613 604 619 639 :
635 601 708 640 nam
722 594 820 640 cetera
835 595 905 642 aetas
918 583 1023 663 inepta
1035 596 1081 642 est
1093 584 1181 663 geni·

141 687 234 748 turae,
247 687 276 733 et
291 675 408 734 aratris.
418 673 529 753 ltaque
539 673 678 754 quinque
689 683 813 732 tantum
824 691 922 730 annos
934 673 1083 752 assignat,
1096 669 1180 731 etad

140 761 350 842 gignendum,
362 781 393 822 et
404 762 444 822 ad
458 759 600 820 laborem
612 761 716 820 aratri.

182 851 231 910 63.
243 852 382 932 Spatium
393 849 471 910 illud
483 848 691 931 quinquennii
701 861 791 908 vocat
798 843 994 927 juventutem
1004 861 1182 924 taurorum;

142 949 218 996 tunc
234 957 334 998 mares
349 936 493 998 mittendi
509 939 541 996 in
553 935 712 1012 foeminas,
731 947 765 994 ut
779 933 884 1017 proles
899 934 960 996 alia
972 956 1008 995 ex
1023 933 1083 994 alia
1095 935 1182 995 suffi-

141 1025 259 1100 ciatur,
272 1033 519 1106 restaureturque
530 1045 587 1105 per
599 1025 842 1104 generationem.

181 1112 230 1172 66.
248 1111 362 1174 Reddit
380 1114 532 1173 rationem
551 1112 719 1194 superioris
738 1113 900 1172 sententia
917 1133 924 1169 :
941 1131 1016 1170 nam
1036 1110 1182 1189 juventus

141 1202 205 1261 cito
223 1201 340 1278 avolat,
359 1223 454 1282 quam
473 1216 648 1282 sequuntur
664 1200 781 1277 morbi,
802 1215 958 1276 senectus,
977 1199 1081 1276 labor,
1100 1217 1182 1258 mors

141 1290 224 1371 ipsa;
237 1310 307 1372 quae
319 1293 425 1350 omnia
437 1293 633 1372 generationi
644 1287 765 1350 infesta.

176 1451 219 1503 60.
228 1451 505 1527 Lucinam,justcsque
513 1456 571 1527 pati
582 1454 639 1526 Hy·
682 1456 725 1507 tie
735 1453 875 1526 rapiuntur
885 1455 912 1524 in
921 1454 1059 1504 Venerem.
1066 1448 1184 1504 -Sclue

139 1547 258 1582 menoeos.
282 1532 414 1603 Hysteron
434 1546 561 1604 proteron
580 1547 638 1586 est:
683 1553 785 1586 mares:
804 1547 866 1586 ante
883 1533 1057 1586 admissuram
1074 1548 1184 1601 separa-

141 1619 203 1660 ante
211 1611 281 1662 enim
291 1624 330 1662 est
340 1613 509 1684 Hymenuus,
519 1627 581 1685 post
590 1615 641 1666 Ln-
683 1613 783 1666 bantur
798 1612 832 1666 ab
846 1623 966 1665 armento
979 1612 1042 1681 equi
1054 1623 1079 1664 et
1088 1609 1183 1671 Tauri;

140 1689 202 1740 eina
220 1693 402 1762 consequitur.
423 1693 490 1746 Item
508 1695 641 1767 Hysteron
684 1695 724 1763 V,
745 1693 802 1748 123.
822 1693 855 1748 V.
873 1695 905 1744 G.
922 1721 956 1732 -
972 1691 1105 1742 Pecuariu-
1123 1689 1186 1740 Non

139 1780 269 1838 proteron
281 1782 337 1822 est:
352 1772 452 1824 Desinit
461 1784 523 1824 ante
537 1773 639 1837 decern,
684 1773 762 1836 loca;
780 1772 827 1825 sed
852 1773 912 1844 ipsa
930 1789 1029 1842 pecora
1048 1771 1132 1832 dixit;
1154 1778 1185 1819 ut

138 1858 198 1918 post
211 1859 324 1921 quatuor
343 1849 435 1922 incipit
454 1869 558 1906 anuos.-
580 1864 640 1904 ante
685 1852 749 1904 alibi
769 1851 840 1904 idem
858 1852 997 1922 usurpavit
1012 1850 1117 1914 estiva,
1133 1865 1184 1920 pro

140 1929 212 1979 enim
222 1930 332 2000 incipit,
341 1943 402 2001 post
410 1931 514 1985 desinit.
527 1933 641 2006 3ου).-
684 1931 828 2004 pecoribus
847 1947 905 2003 qute
925 1931 952 1981 in
969 1930 1064 1982 aestivis
1081 1940 1183 2000 agunt:

139 2006 274 2070 Lucinam.
287 2009 408 2063 Observa
419 2011 590 2081 politissimus
600 2009 639 2062 io·
687 2013 765 2064 nNec
777 2012 881 2084 singula
894 2009 981 2062 morbi
991 2009 1113 2080 Corpora
1125 2024 1185 2060 eor*

140 2088 261 2140 cutiones
277 2087 383 2142 Lucinae
399 2103 425 2142 et
438 2091 586 2163 Hymenaei,
605 2089 639 2142 ad
686 2094 826 2164 eripiunt,
847 2090 895 2143 sed
910 2103 967 2144 tota
983 2090 1074 2143 estiva
1088 2106 1184 2160 repen·

140 2168 284 2238 signandos
292 2173 378 2222 coitus
386 2170 545 2234 bestiarum3
556 2183 640 2223 trans·
685 2184 742 2224 «te.
753 2194 765 2218 s
780 2170 897 2242 Pbiiarp.

139 2247 193 2298 fert
210 2249 281 2300 enirn
296 2248 330 2300 ad
345 2248 393 2300 bat
407 2267 464 2318 qun
482 2261 543 2300 sunt
553 2249 641 2300 homi·
718 2249 761 2302 66.
769 2249 869 2300 Miceris
877 2247 1026 2298 mortalibus
1033 2247 1081 2298 reut'
1091 2245 1183 2296 Prima

139 2343 212 2376 num.
227 2356 261 2364 -
276 2328 369 2380 luscos.
386 2328 447 2377 Non
464 2327 570 2398 negligo
590 2344 639 2378 no·
657 2325 660 2330 '
679 2327 762 2399 sapit.
774 2327 828 2378 Ista
842 2328 1038 2378 sententianon
1053 2322 1185 2376 solumad

140 2413 195 2454 tam
205 2395 346 2475 Erythraei,
356 2405 555 2474 interpretantis
557 2407 642 2476 justos
687 2403 812 2458 animalia
823 2406 954 2476 pertinet,
967 2403 1014 2456 sed
1026 2402 1185 2475 generaliter

140 2481 304 2551 Hymenaeus,
312 2485 420 2552 nuptias
429 2482 569 2554 legitimas,
579 2501 642 2536 nam
686 2483 721 2538 ad
734 2485 832 2536 omnia.
844 2485 914 2538 Serv.
928 2513 962 2522 -
973 2481 1078 2536 Habere
1095 2493 1184 2553 potest

140 2558 266 2612 videlieet
284 2561 431 2614 secundum
451 2561 522 2633 leges
540 2575 643 2614 contra·
687 2565 817 2616 sententia
830 2563 887 2616 bae
898 2564 982 2616 vicem
994 2562 1143 2634 proverbii,
1155 2573 1185 2614 ut

139 2638 248 2692 huntur.
260 2641 374 2693 -Pati
393 2639 576 2715 signatissime
588 2661 640 2694 vox
684 2641 772 2696 multu
796 2642 861 2696 alia.
879 2643 1005 2695 Horatius
1028 2659 1135 2714 quoque
1156 2643 1186 2692 in

139 2717 175 2772 ad
197 2717 399 2792 significandum
423 2720 530 2792 pondus
551 2723 646 2789 tauri,
684 2723 749 2776 Arte
766 2723 838 2775 Poet.
859 2722 947 2775 dixit:
967 2721 1075 2774 «Multa
1095 2722 1185 2774 ferunt

139 2802 284 2872 prementis
300 2803 328 2853 in
345 2802 417 2854 coitu
432 2814 534 2876 tergum
546 2806 640 2874 juven·
687 2805 774 2856 «anni
783 2805 919 2858 venientes
930 2801 1070 2856 commoda
1080 2805 1184 2854 secum:

141 2899 186 2932 cas.
199 2882 261 2933 Non
273 2881 384 2934 dissidet
394 2883 569 2937 Horatiauum
579 2883 641 2936 tole·
688 2883 796 2936 uMulta
811 2883 965 2936 recedentes
982 2880 1111 2934 adimunt.
1124 2903 1135 2928 ι
1150 2907 1185 2919 --

140 2977 169 3011 ro
183 2960 210 3010 in
226 2959 329 3026 0d.11,
344 2962 379 3014 5:
399 2963 481 3014 Tauri
496 2965 592 3018 ruentis
606 2967 641 3016 In
685 2964 784 3016 Miceris
795 2962 953 3015 mortalibus.
961 2959 1003 3015 Ad
1012 2961 1123 3014 verbum
1132 2959 1186 3010 Ho-

143 3036 267 3089 Venerem
280 3039 387 3090 tolerare
396 3041 506 3111 pondus.
685 3059 750 3094 mer.
768 3041 862 3092 bractea
882 3039 993 3110 βροτοῖσι.
1011 3038 1104 3090 Alibi:
1121 3037 1185 3104 iige-

176 3115 219 3168 62.
243 3117 337 3168 Caura.
355 3119 428 3169 AEtus
446 3119 563 3186 scilicet,
583 3139 641 3192 que
686 3119 742 3188 ptiar
753 3119 855 3189 βροτοῖσι
869 3142 875 3170 :
888 3132 929 3184 et,
945 3113 1072 3170 tamisae:
1091 3114 1184 3184 sitdptr·

142 3207 182 3247 est
195 3192 308 3246 velante
321 3207 458 3265 quartum,
471 3197 512 3248 vei
525 3210 585 3268 post
596 3199 643 3251 de-
686 3198 826 3268 Euripides
837 3190 1187 3267 quoqueeaausuaipcuffipi·

142 3275 240 3326 nimum
257 3291 377 3326 annum:
399 3287 425 3326 et
442 3274 512 3328 bene
527 3277 643 3330 ostendit
687 3275 781 3328 theton
797 3275 871 3346 quod
889 3294 950 3327 rere
970 3275 1108 3346 congestim
1125 3292 1187 3326 nam

142 3371 191 3425 per
208 3351 264 3404 brec
284 3366 418 3425 ternpore,
436 3371 516 3424 posse
537 3353 644 3427 quidem
689 3367 718 3406 nt
729 3353 961 3410 Senecaadbiarc.
974 3371 1033 3423 cap.
1051 3353 1098 3405 16:
1112 3353 1189 3406 avita

143 3433 282 3499 armentis,
296 3433 343 3486 sed
356 3433 492 3502 inutilem,
503 3437 645 3508 provenire
691 3458 704 3482 ι
713 3447 753 3488 est
760 3433 841 3506 plena
848 3448 875 3486 et
881 3435 977 3486 infesta
984 3433 1063 3484 variis
1072 3431 1186 3498 casibus,

146 3514 280 3564 ioeturam.
292 3513 362 3566 Serv.
692 3515 836 3587 uaqnibus
849 3514 914 3567 nulii
929 3513 1008 3586 ionga
1020 3531 1086 3584 pax,
1098 3514 1141 3564 rix
1149 3514 1188 3564 in·

176 3592 220 3646 63.
239 3594 350 3666 Superat
367 3595 483 3668 prepibus
500 3595 564 3646 dum
584 3593 644 3648 ioetc
692 3593 798 3646 aduniat
808 3607 878 3646 sunt.
890 3616 902 3640 ι

138 3674 268 3745 juventas.
288 3673 357 3726 Dum
375 3677 493 3746 suppetit
511 3697 517 3727 :
536 3688 562 3728 et
579 3674 644 3728 dicit
722 3674 765 3745 67.
788 3675 873 3748 Fupit.
897 3673 998 3724 Seneca
1024 3672 1052 3722 in
1076 3671 1184 3743 Hippoi.

141 3752 253 3824 juvenili
266 3765 341 3808 aetate
351 3774 395 3808 eas
406 3755 504 3808 debere
517 3774 644 3810 eoncum-
688 3757 775 3808 AEtate
790 3755 896 3828 fratcre,
913 3751 1003 3804 mobili
1019 3770 1092 3804 cursu
1103 3751 1186 3822 sepit.
1252 3791 1253 3796 .

145 3831 224 3895 bere;
237 3834 370 3902 quia'cito
383 3833 525 3900 deficiunt,
542 3849 568 3889 et
581 3837 644 3906 quia
687 3835 785 3886 lterum
797 3853 803 3883 ι
816 3835 862 3886 Res
872 3831 1004 3904 estforma
1010 3830 1106 3902 supas.
1119 3831 1184 3882 Hor.

145 3921 265 3981 tempora
277 3911 388 3966 meliore
400 3913 554 3985 depereunt.
572 3913 641 3968 Seru.
687 3911 739 3965 0d.
750 3914 778 3978 1,
793 3929 838 3977 ιι,
853 3929 867 3982 7
878 3930 885 3963 ο
890 3910 993 3984 fiaperit
1005 3906 1094 3959 inuida
1104 3907 1186 3960 AEtas.

179 3989 221 4056 64.
230 3991 314 4044 Solve.
322 3993 380 4045 Vox
388 3994 488 4066 optima
496 3992 531 4048 ad
538 3995 644 4066 signam·
687 4023 721 4034 -
730 3993 844 4048 Suberant
854 3992 948 4056 morbi,
964 3989 1089 4060 tristisque
1101 4005 1187 4038 maec-

147 4063 210 4120 dum
219 4071 379 4128 effrenatum
388 4091 508 4143 cursum,
522 4091 575 4146 quo
584 4073 644 4128 bes·
688 4084 736 4130 tus.
759 4071 914 4128 Naturalem
939 4069 1061 4124 ormnem
1083 4068 1185 4130 tenuit;
