3000 4674
501 381 553 446 m
577 379 826 446 acaooan
851 383 888 446 v.
1154 392 1216 479 2⁸9

169 521 204 568 ut
216 506 273 568 tibi
285 517 408 568 tantum
420 527 438 566 a
452 502 630 586 pastoribus
640 523 725 566 sacra
739 501 830 578 liant3
840 525 907 565 non
917 505 961 566 sic
973 507 1045 566 erit:
1059 509 1118 569 eris
1130 514 1215 572 enim

173 595 380 678 agricolarum
398 597 492 656 etiam
508 595 607 666 Deus,
628 591 674 652 illi
692 589 751 652 tibi
766 607 840 652 vota
854 597 1021 673 quotannis
1036 595 1164 676 facient,
1183 615 1219 659 ut

174 681 291 744 Baccho
306 697 337 742 et
348 683 450 742 Cereri
463 681 525 742 suis
539 677 742 740 numinibus:
757 683 869 760 etquis
881 681 927 740 illi
940 681 1080 742 tibivota
1091 683 1219 762 facient,

170 786 206 831 tu
219 791 344 852 quoque
356 786 392 832 ut
408 791 488 830 unus
501 791 517 830 e
530 769 717 844 caelestibus,
733 766 803 828 illos
818 767 927 828 iisdem
943 773 1022 830 votis
1036 771 1218 834 damnabis:

135 853 138 858 ¹
172 862 260 942 quasi
272 860 368 935 dicat,
384 876 476 920 erunt
492 859 549 922 tibi
566 859 720 932 damnati,
740 857 772 917 id
785 871 843 932 est,
860 859 1011 935 devincti,
1031 873 1124 942 atque
1138 862 1218 924 obli·

174 952 237 1031 gati
254 951 346 1027 votis,
362 969 431 1032 quae
445 949 501 1008 tihi
518 947 663 1020 fecerint,
676 946 775 1007 donec
790 947 1010 1026 persolverint:
1028 950 1075 1010 vel
1091 949 1221 1012 damna-

172 1037 299 1100 bisillos
308 1041 398 1114 votis,
407 1037 693 1120 quaefecerinanisi
703 1035 1220 1120 persolverint,qutepromiserunt.

215 1128 262 1187 81.
277 1127 364 1188 Dicit
380 1147 411 1188 se
428 1125 541 1187 habere
557 1124 638 1184 nihil
653 1123 738 1206 quod
752 1123 861 1184 reddat
873 1145 932 1206 pro
947 1138 1012 1185 tam
1027 1125 1110 1186 dulci
1126 1129 1222 1187 canti·

173 1215 259 1291 lena,
268 1237 336 1298 quae
344 1230 468 1298 superat
479 1214 660 1288 dulcedine,
673 1215 838 1289 suavitate,
851 1214 1019 1296 voluptate,
1034 1217 1135 1275 Austri
1146 1213 1222 1276 sibi·

175 1303 242 1364 lum
257 1303 373 1367 blande
385 1305 575 1379 intonantis,
596 1303 689 1364 litora
703 1323 842 1388 percussa
857 1303 952 1364 fluctu
966 1305 1076 1379 maris,
1091 1317 1121 1364 et
1132 1304 1224 1366 fluvii

176 1395 328 1477 impetum
342 1395 527 1476 precipitati
540 1412 689 1474 persana.

216 1483 264 1545 85.
278 1483 395 1542 Pendet
408 1503 445 1542 ex
460 1481 690 1564 superioribus:
704 1482 794 1562 quasi
809 1479 907 1542 dieat:
923 1483 978 1541 etsi
995 1479 1076 1542 nihil
1091 1480 1226 1560 habeas,

176 1588 240 1650 quo
252 1587 301 1628 me
312 1567 424 1644 dones,
435 1581 538 1628 tamma
553 1581 583 1628 te
593 1587 650 1649 ego
663 1569 750 1650 prius
762 1567 887 1628 donabo
901 1565 957 1628 hac
970 1567 1087 1644 fistula3
1096 1567 1224 1652 jamque

176 1657 264 1716 illam
274 1658 308 1718 in
320 1678 430 1718 manus
440 1657 547 1734 trado,
558 1678 632 1739 cape
645 1680 651 1714 ι
663 1657 735 1717 vide
747 1659 857 1738 quanti
869 1657 951 1740 apud
968 1677 1017 1718 me
1029 1657 1139 1734 fuerit3
1150 1680 1224 1719 nam

177 1765 214 1804 ea
231 1766 281 1806 me
297 1747 404 1808 docuit
419 1747 529 1808 divina
548 1748 687 1808 carmina
704 1746 862 1824 secundm,
879 1761 909 1807 et
926 1749 1025 1808 tertiae
1037 1746 1179 1830 Eclogae:
1194 1747 1227 1808 id

179 1847 236 1908 est,
249 1855 364 1896 canens
376 1857 433 1918 ego
445 1857 517 1896 cum
530 1834 589 1896 hae
601 1834 720 1911 fistula,
733 1834 831 1897 didici
844 1837 1018 1896 carminum
1033 1849 1139 1898 artem.

217 1923 267 1986 88.
280 1927 350 1986 Non
363 1941 464 2008 potest
472 1924 538 2008 jam
550 1925 639 1986 aliter
648 1923 762 2001 facere,
773 1927 848 2008 quin
860 1927 928 2008 ipae
939 1946 1065 2008 quoque
1075 1927 1184 1986 donet:
1195 1941 1228 1988 et

178 2007 276 2072 donat
290 2015 420 2094 pedum,
434 2013 521 2096 cujus
536 2015 650 2097 duplex
664 2015 918 2075 commendatio:
934 2016 1034 2097 prior;
1049 2013 1090 2074 do
1105 2015 1163 2074 tibi
1179 2014 1227 2075 lu·

181 2098 269 2175 bens,
289 2115 319 2162 et
337 2118 462 2185 sponte,
482 2104 568 2186 quod
589 2125 654 2164 non
672 2105 746 2164 dedi
764 2105 909 2187 Antigoni
926 2104 965 2163 ab
982 2124 1019 2164 eo
1037 2117 1178 2185 rogatus,
1197 2119 1229 2165 et

181 2187 308 2267 quidem
320 2191 512 2267 merebatur,
528 2214 602 2253 nam
614 2190 758 2274 pulcher,
773 2205 802 2252 et
815 2213 921 2253 amore
933 2191 1063 2272 dignus:
1077 2193 1229 2273 posterior

182 2295 201 2337 a
215 2275 331 2355 forma,
343 2295 372 2339 et
384 2281 513 2341 materia
525 2304 532 2340 :
548 2279 643 2342 habet
656 2283 758 2342 nodos
772 2303 875 2364 pares,
886 2279 984 2340 habet
996 2301 1035 2340 aes
1048 2281 1081 2340 in
1093 2282 1169 2342 imo.

179 2431 292 2481 sanctu.
310 2427 352 2483 Sic
369 2434 397 2484 in
412 2432 550 2506 Georgicis
571 2452 579 2484 t
596 2433 684 2487 Vestro
729 2451 784 2484 noa
797 2434 869 2504 capit
881 2433 973 2485 Africa
988 2432 1084 2483 Mauro
1099 2431 1228 2484 Percussa

181 2507 205 2558 si
214 2526 321 2560 munere
332 2509 423 2577 tellus,
435 2511 580 2565 Chaoniam
587 2512 685 2585 pinque*
729 2513 848 2567 Oceano.
861 2537 871 2561 ι

180 2583 305 2658 plandem
320 2591 434 2642 mutavit
451 2592 540 2643 arista.
560 2591 684 2644 Cererem
764 2595 806 2647 85.
818 2595 877 2646 Hac
889 2605 911 2644 te
921 2611 966 2645 nos
970 2591 1068 2666 fraqili
1076 2591 1229 2644 donabimus

182 2680 293 2738 propter
308 2669 415 2736 aridos,
431 2671 556 2724 Liberum
572 2685 684 2743 propter
728 2682 790 2724 ante
805 2673 899 2726 cicuta.
915 2673 984 2724 Bene
1000 2673 1128 2740 anticipat
1145 2681 1172 2723 et
1189 2673 1230 2723 ol·

182 2743 307 2800 humidos
340 2752 450 2804 fructus.
484 2753 576 2824 ltaque
611 2769 683 2804 nuuc
728 2753 903 2814 fertmunus‚
917 2751 1229 2823 quodilleselacturam

182 2827 318 2900 Daphnim
330 2829 395 2882 dicit
405 2830 562 2898 colendum,
572 2845 684 2904 propter
729 2850 786 2886 esse
801 2834 967 2904 promiserat.
983 2861 1017 2871 -
1030 2831 1132 2885 Cicuta.
1145 2831 1231 2884 Fistu-

183 2907 318 2978 pecudum
330 2925 484 2982 proventus.
499 2911 542 2964 Id.
729 2911 771 2979 la,
784 2924 814 2964 at
824 2923 921 2984 septem
936 2921 1071 2984 compacta
1083 2911 1190 2977 cicutis:
1205 2922 1232 2962 et

220 2987 262 3039 81.
277 2987 393 3040 Reddam
406 3009 456 3063 pro
473 2989 590 3042 carmine
605 2989 683 3042 dona.
730 2991 823 3044 listulas
846 2991 1000 3063 qualitatem
1024 3009 1073 3062 per
1099 2990 1233 3062 principia

184 3063 231 3116 llle
241 3085 392 3138 eumsupra
401 3083 503 3122 tanturm
512 3069 686 3122 laudaverat:
733 3070 885 3144 eclogarum
898 3069 1030 3131 ostendit;
1043 3081 1089 3133 ut,
1103 3066 1157 3120 hoeo
1170 3085 1231 3132 uos,

185 3141 230 3194 hic
242 3155 268 3195 et
279 3143 388 3212 laudat,
401 3159 427 3200 et
439 3145 473 3200 de
485 3164 594 3200 manere
607 3149 689 3200 etiam
733 3151 883 3203 Famosum
892 3143 1229 3219 Corydoaardelsatdlexa'n.

187 3223 378 3294 cogitassem.
769 3231 812 3282 88.
824 3229 935 3282 Pedum.
946 3227 1073 3280 Baculam
1084 3227 1232 3292 incurvum,

224 3303 266 3356 82.
284 3303 356 3356 Nam
377 3321 462 3378 nepae
478 3315 591 3357 tantum
610 3305 690 3372 Qua·
734 3325 788 3378 quo
800 3319 923 3377 pastores
938 3317 1049 3357 utuntur
1065 3302 1100 3356 ad
1114 3319 1235 3374 compre·

188 3381 250 3435 dam
268 3401 317 3454 per
332 3385 560 3456 comparationem
578 3383 689 3436 laudata
733 3383 890 3439 hendendas
902 3384 1020 3456 pecudea
1031 3401 1046 3436 a
1052 3383 1176 3454 pedihus:
1186 3381 1232 3435 Gr.

188 3463 315 3533 majorem
329 3463 468 3535 emphasin
479 3463 593 3528 hahent,
606 3464 629 3515 ai
642 3481 687 3516 ne-
730 3464 867 3534 eeae'dpod,
880 3461 1018 3534 meda-l:
1032 3475 1057 3515 et
1068 3465 1233 3515 aversatione
1247 3513 1252 3529 ¹

188 3547 261 3617 patio
276 3547 363 3598 activa
377 3564 393 3599 a
409 3559 485 3618 parte
503 3547 631 3598 orationis
648 3546 688 3596 ia·
731 3542 864 3612 putatisne
881 3546 961 3599 etiam
977 3554 1108 3596 vocarant
1123 3563 1128 3592 :
1143 3541 1191 3594 sed
1208 3554 1234 3594 et

189 3627 286 3698 aipiat3
299 3641 329 3680 ιιι
340 3627 401 3680 Non
413 3626 595 3701 sicaqpert'hus
605 3625 688 3698 ruptis
732 3621 810 3694 :spritu
824 3624 924 3676 dictum
937 3636 991 3687 est,
1011 3641 1027 3673 a
1037 3620 1118 3674 clauoe
1130 3622 1233 3691 specie,
1254 3689 1258 3698 Ι

188 3725 272 3778 quum
285 3725 406 3779 spumeus
412 3707 498 3760 amnis
507 3706 579 3758 Exit.
586 3705 643 3758 Nec
652 3704 688 3757 sic
733 3723 813 3778 quarn
821 3722 876 3776 pre
886 3721 913 3756 se
922 3705 972 3756 lert
980 3702 1098 3754 crassitie
1107 3702 1233 3772 capitata.

191 3785 417 3860 immissisaurt'qoe
425 3786 555 3840 undantia
563 3783 618 3838 lora
628 3803 689 3837 con·
772 3785 813 3853 89.
830 3783 892 3835 Non
903 3779 972 3832 tulit.
987 3781 1047 3832 Noa
1066 3781 1235 3850 impetravit,

191 3868 379 3941 eusserejupis.
392 3868 431 3920 ld.
738 3866 831 3934 sapius
843 3862 904 3914 licet
921 3872 1023 3932 peteret
1036 3877 1052 3911 a
1063 3877 1114 3911 me·
1129 3857 1188 3910 Ter.
1204 3859 1234 3909 E.

227 3947 270 4000 83.
281 3947 405 4001 Percussa
420 3945 506 4000 litora.
519 3947 542 3999 A
555 3946 692 4000 collisione
736 3943 775 4006 V,
786 3941 816 4004 8,
829 3957 871 4010 a7.
883 3938 997 4009 Quodvis
1005 3937 1102 3989 dunum
1112 3956 1128 3986 a
1140 3955 1181 3986 me
1191 3955 1235 4005 op·

193 4025 330 4092 fluctuum,
339 4026 513 4080 adfluentium
523 4026 557 4078 ad
565 4025 636 4078 litus.
646 4025 693 4077 Ju-
739 4033 807 4083 tato;
816 4019 844 4072 t'd
850 4031 967 4091 optatum
972 4015 1237 4088 feren-Antiquam

195 4103 280 4155 renel.
289 4103 334 4158 Sat
340 4105 373 4158 X.
387 4107 450 4174 148:
468 4129 478 4156 ι
490 4107 540 4160 llic
550 4117 603 4173 est,
614 4123 693 4177 quem
739 4112 765 4160 et
774 4111 831 4160 erat
839 4111 894 4153 tum
906 4099 1000 4172 dipnus
1010 4095 1106 4148 amari.
1116 4095 1169 4146 dut
1177 4109 1238 4166 pas·

268 4191 290 4244 5.
1031 4203 1061 4255 ¹9
