2964 4690
258 299 323 382 344
588 291 972 358 couuaursnta

257 417 484 474 deluanounullis
497 413 750 488 curenturjpedqure
759 434 839 470 vera:
853 417 1102 489 agrestiaomniain
1113 421 1189 490 pejus
1202 432 1290 472 ruunt
1304 441 1313 470 ε

257 499 418 565 similitudo,
432 517 485 570 qua
500 497 552 549 boc
566 497 711 568 probatur,
729 497 874 566 187-203.
888 499 1039 552 Necessitas
1053 500 1218 573 Astrologise.
1234 503 1312 551 Prsa-

255 593 335 652 cepta
346 581 485 645 sementis,
503 577 600 650 quibus
613 576 694 630 docet
705 576 850 646 hordeum,
862 579 961 644 linum,
977 599 1097 652 papaver
1109 581 1220 634 serenda
1234 582 1313 633 inter

255 663 453 732 Equinoctium
465 662 607 727 Autumni,
624 672 651 712 et
662 661 803 712 Brumam:
821 659 927 726 fabam,
939 661 1084 729 medicam,
1099 662 1201 715 milium
1216 662 1313 733 Aprili

255 759 359 794 meuse:
368 744 485 795 triticum
496 753 523 794 et
530 742 572 794 far
582 757 673 792 mense
682 739 808 792 Octobri:
819 741 929 806 viciam,
939 741 1066 810 faselum,
1075 742 1187 808 lentem,
1198 741 1312 807 eodem,

255 822 413 888 aod-232.
430 821 563 876 Dividitur
579 819 679 892 spbera
695 821 751 872 caeli
766 821 795 872 in
813 821 899 872 Zonas
915 823 1048 893 quinque,
1065 823 1182 876 medica
1198 823 1309 892 calore,

256 914 378 954 extremae
388 901 447 954 duae
456 921 472 954 a
482 899 544 973 gelu
557 913 638 970 atquc
649 898 780 953 imbribus
793 898 998 967 inhabitabiles,
1008 901 1067 954 dure
1079 901 1187 973 reliquae
1197 922 1228 956 ex
1237 915 1310 955 tern-

208 1029 210 1036 ,
255 983 330 1052 peric
346 981 516 1034 habitabiles.
536 980 616 1032 Polus
630 980 753 1032 Arcticus
770 980 906 1052 superior;
926 981 1097 1034 Antarcticus
1109 983 1237 1034 inferior:
1257 982 1309 1036 ille

255 1073 388 1132 perpetuo
401 1061 488 1126 lucet,
506 1079 569 1112 nam
581 1076 662 1124 ursa,
682 1071 709 1110 et
723 1060 770 1131 qui
784 1059 844 1111 illas
856 1061 950 1130 anguis
964 1060 1149 1131 amplectitur,
1166 1079 1309 1131 nunquam

255 1140 400 1193 occidunt:
421 1143 471 1195 iste
490 1153 536 1193 aut
553 1141 690 1212 perpetuis
710 1139 828 1192 tenebris
847 1138 1004 1206 damnatur,
1022 1153 1068 1192 aut
1085 1161 1101 1193 a
1119 1141 1198 1194 nobis
1215 1141 1309 1194 lucem

254 1219 392 1273 mendicat
404 1219 522 1292 quadam
532 1218 724 1272 vicissitudine.
738 1218 890 1291 Astrolopia
904 1219 976 1272 utilis
991 1220 1026 1272 ad
1039 1220 1225 1292 cognoscenda
1238 1233 1309 1273 tem·

255 1319 325 1371 pora
343 1305 522 1375 tempestatis,
541 1303 648 1365 messia,
666 1301 792 1366 sationis,
811 1301 1004 1372 navigationis,
1024 1301 1155 1354 cedenda
1174 1302 1309 1366 materias,

259 1377 406 1433 233—256.
422 1381 484 1432 Non
499 1383 599 1432 frustra
610 1378 790 1450 Astrologiam
805 1380 881 1443 sciri,
895 1397 976 1449 Qum
990 1378 1126 1450 pendeant
1142 1399 1174 1432 ex
1189 1398 1234 1445 ea,
1247 1398 1312 1451 qua

255 1461 407 1512 necessaria
419 1473 480 1512 sunt
493 1461 592 1511 rustico
604 1481 610 1509 :
625 1477 657 1510 ex
668 1475 723 1528 qua
732 1457 874 1510 occasione
884 1456 978 1522 docet,
992 1457 1057 1529 quid
1071 1457 1224 1511 faciendum
1234 1459 1310 1530 agri·

256 1537 321 1589 colae
332 1537 473 1610 hyemante
486 1539 566 1601 ceelo;
577 1551 603 1590 et
613 1538 756 1604 subnectit,
767 1534 832 1608 quid
839 1538 915 1590 festis
923 1535 1033 1603 diebus,
1043 1533 1190 1608 257-275.
1199 1537 1312 1590 Transit

258 1617 293 1669 ad
311 1616 525 1671 observationem
543 1629 659 1689 quatuor
676 1616 780 1668 dierum
797 1617 958 1681 bunarium,
976 1635 1040 1668 uam
1056 1619 1193 1669 constituit
1212 1617 1310 1670 discri-

257 1699 331 1748 mina
340 1699 440 1768 quinti,
448 1701 527 1763 noni,
536 1698 648 1760 decimi3
657 1696 786 1750 admiscet
793 1696 970 1750 fabulashuic
978 1699 1141 1764 narrationi,
1154 1699 1305 1769 276-286.

258 1778 346 1849 Pergit
356 1777 391 1830 ad
401 1778 600 1830 distinctionem
609 1779 730 1830 noctium
738 1790 764 1830 et
771 1777 884 1830 dierum.
893 1779 993 1830 AEstisa
1003 1792 1082 1830 nocte
1092 1780 1207 1832 secanda
1218 1793 1308 1851 prata,

256 1855 377 1928 hyberna
393 1859 556 1930 inspicandae
572 1861 659 1925 laces,
677 1857 797 1910 texendae
813 1858 886 1924 telae,
903 1858 1046 1929 coquenda
1062 1877 1128 1931 sapa
1142 1881 1147 1910 ι
1161 1862 1251 1912 aestiva
1264 1861 1309 1913 die

257 1935 380 1988 secanda·
394 1951 509 2010 segetes,
523 1937 638 1991 terendae
653 1943 767 1990 messes:
780 1938 929 1990 autumnali
939 1937 1042 1990 manda
1050 1951 1076 1990 et
1087 1939 1200 1992 serenda
1210 1939 1307 1992 tellus:

258 2015 344 2068 cruda
359 2016 453 2089 hyeme
469 2019 627 2085 latendum,
643 2017 831 2092 gaudendum,
849 2017 1031 2090 epulandum:
1049 2021 1087 2072 ita
1103 2032 1205 2085 tamen,
1222 2033 1250 2072 ut
1263 2023 1307 2073 iu-

258 2095 400 2150 oumbatur
413 2099 533 2172 legendis
544 2101 701 2174 glandibus,
714 2100 819 2167 baccis,
832 2099 923 2160 olivis,
935 2100 1042 2172 myrtis,
1055 2102 1160 2153 interim
1173 2104 1252 2154 etiam
1263 2119 1311 2153 au-

258 2179 339 2248 cupio
351 2193 378 2232 et
389 2185 540 2251 venationi,
552 2183 708 2255 287-310.
724 2181 830 2234 Accidit
842 2193 986 2252 tempestas
995 2182 1071 2234 initio
1084 2183 1205 2234 autumni
1217 2205 1222 2234 ι
1237 2183 1309 2234 exitu

257 2259 344 2312 veris:
365 2261 526 2317 describitur
544 2267 632 2337 prima
651 2263 684 2317 ab
702 2263 835 2336 segetibus
852 2263 934 2316 erutis
953 2279 969 2314 a
986 2261 1076 2315 radice
1093 2262 1263 2335 expulsisque
1279 2262 1308 2313 in

258 2339 355 2406 altum,
366 2341 451 2399 altera
459 2345 494 2398 ab
505 2347 602 2398 eversis
612 2347 684 2398 satis.
703 2344 859 2396 Excurritur
871 2344 897 2395 in
911 2341 963 2396 fine
976 2341 1011 2394 ad
1023 2353 1151 2394 tremores
1164 2355 1309 2408 terrarum,

257 2421 376 2475 ferarum
393 2427 484 2498 fugas,
501 2444 616 2497 pavores
630 2425 783 2490 hominum,
800 2423 848 2476 311
858 2423 959 2489 -334
976 2422 1080 2494 Duplex
1097 2424 1185 2476 cautio
1203 2421 1237 2475 ad
1253 2425 1309 2474 esi-

259 2501 354 2554 tandas
367 2517 551 2576 tempestates,
562 2505 656 2570 altera,
665 2506 783 2577 cognitio
793 2504 850 2556 celi
861 2515 887 2556 et
899 2502 1026 2567 siderum,
1037 2503 1130 2570 altera,
1141 2502 1235 2575 religio
1245 2520 1308 2574 erga

258 2580 343 2646 Deos,
356 2587 502 2652 praesertim
515 2586 653 2650 Cererem,
666 2586 742 2654 cujus
754 2602 831 2637 sacra
845 2581 1048 2647 describuntur,
1061 2581 1219 2636 335-350.
1232 2581 1308 2632 Divi·

259 2657 360 2710 duntur
378 2662 550 2734 'tempestates
562 2665 589 2716 in
606 2663 735 2729 fulmina,
758 2663 883 2735 pluvias,
899 2674 1010 2724 ventos5
1031 2679 1123 2713 eorum
1142 2659 1308 2732 praescientia

260 2739 287 2788 in
299 2739 492 2814 Astrologiam,
507 2757 533 2797 et
544 2745 756 2817 Experientiam:
771 2743 864 2796 relicta
872 2741 1026 2813 Astrologia
1035 2740 1206 2794 adducuntur
1215 2740 1307 2793 decem

259 2821 432 2890 prognostica
442 2837 529 2876 sumta
541 2824 575 2877 ab
585 2825 769 2896 Experientia,
784 2823 880 2895 quibus
891 2820 1020 2874 indicium
1031 2819 1060 2870 lit
1073 2820 1236 2892 tempestatis
1246 2837 1308 2871 ven·

260 2907 350 2948 toruus
361 2900 389 2952 in
401 2904 483 2970 mari,
495 2901 543 2956 351
552 2905 652 2974 -369,
666 2905 754 2976 Pergit
765 2902 799 2954 ad
811 2901 984 2974 prognostica
993 2900 1159 2971 pluviarum,
1173 2917 1231 2971 quae
1243 2897 1309 2949 duo·

259 2973 361 3044 decim,
383 2981 542 3054 370-392.
561 2985 637 3037 Facit
657 2986 797 3036 transitum
819 2980 853 3033 ad
871 2981 1045 3054 prognostica
1062 2981 1226 3044 serenitatis,
1252 2995 1307 3048 qua

260 3075 380 3110 novem:
401 3060 489 3114 reddit
507 3065 655 3131 rationem,
674 3083 721 3116 cur
739 3062 787 3115 illa
808 3074 949 3114 sumantur
967 3059 1002 3112 ab
1022 3059 1132 3117 avibus,
1149 3057 1305 3127 393-423·

260 3138 434 3212 Prognostica
450 3146 567 3198 certiora
585 3145 716 3198 sumenda
733 3163 749 3196 a
765 3142 825 3196 Sole
843 3155 869 3195 et
880 3143 964 3194 Luna.
983 3142 1064 3193 Lunae
1077 3141 1127 3191 tria
1138 3139 1306 3190 afferuntur:

261 3218 373 3273 obscura
391 3223 509 3295 pluviam
522 3227 635 3292 indicat,
648 3226 747 3278 rubens
759 3237 868 3291 ventos,
882 3242 950 3294 pura
963 3223 1146 3286 serenitatem,
1158 3219 1307 3288 Aul-437.

259 3299 328 3352 Dein
341 3301 374 3356 de
384 3303 445 3358 Sole
455 3307 554 3375 multa,
570 3307 622 3359 hac
634 3306 822 3366 distinctione,
841 3317 870 3356 ut
883 3305 958 3375 prius
970 3302 1107 3366 dicantur,
1121 3319 1179 3372 qua
1192 3298 1309 3370 pendent

260 3395 277 3428 a
288 3379 345 3432 sole
358 3383 473 3450 oriente,
487 3385 583 3440 deinde
596 3405 653 3457 qua
666 3405 683 3438 a
695 3381 753 3438 selei
764 3384 919 3448 occidente,
934 3384 1013 3436 tertio
1027 3399 1084 3452 quse
1099 3381 1263 3450 conjunctim
1275 3377 1307 3430 ab

260 3468 390 3527 utroque,
410 3462 461 3528 438
470 3463 567 3530 -465
581 3465 751 3535 Persequitur
760 3465 891 3535 praesagia
902 3462 970 3514 Solis
983 3460 1152 3533 prodigiosa,
1171 3477 1230 3530 quse
1242 3475 1308 3529 prte-

261 3553 399 3592 cesseruut
414 3542 515 3595 bellum
527 3544 604 3596 civile
617 3546 731 3616 Augusti
744 3557 824 3616 atque
838 3545 949 3596 Antonii
965 3555 1059 3595 contra
1076 3543 1186 3593 brutum
1201 3553 1227 3592 et
1243 3540 1307 3591 Cas-

260 3618 343 3684 siurn,
360 3617 519 3694 466-49'7.
537 3623 659 3676 Absolvit
675 3625 773 3678 librum
788 3644 848 3678 curn
860 3625 1015 3696 precatione
1028 3623 1063 3676 ad
1076 3623 1146 3675 Deos
1161 3639 1211 3693 pro
1223 3617 1306 3671 salute

260 3695 387 3768 Augusti,
405 3701 451 3768 qui
462 3719 532 3753 uuus
543 3714 633 3773 potest
644 3702 786 3757 subvenire
798 3722 891 3757 everso
904 3703 979 3770 orbi,
999 3722 1030 3756 ac
1042 3701 1175 3755 bellorum
1191 3696 1308 3750 tumulti-

261 3774 311 3828 bus
321 3793 459 3830 concusso.
478 3779 579 3834 Dilatat
592 3781 663 3836 banc
678 3782 797 3852 cladem,
817 3797 872 3836 tum
884 3803 916 3836 ex
929 3781 1006 3838 malis
1019 3779 1234 3845 imminentibus,
1253 3790 1306 3829 tum

264 3855 401 3928 aptissima
413 3863 629 3931 comparatione,
641 3861 799 3932 498-514.

291 4021 323 4066 Ν·
339 4023 366 4070 Β·
380 4023 438 4084 Qua
449 4025 478 4070 V.
489 4027 518 4072 D.
531 4027 604 4074 VOSS
613 4027 682 4074 nobis
696 4028 869 4092 suppeditavit,
882 4039 905 4075 et
917 4043 929 4074 e
939 4026 1079 4073 Germanico
1090 4037 1197 4070 sermone
1208 4022 1234 4068 in
1246 4020 1305 4066 lati·

262 4115 319 4150 num
328 4100 443 4148 convertit
452 4097 496 4146 Cb.
508 4099 548 4146 DE
557 4089 705 4157 comunt,
717 4099 869 4163 designantur
882 4097 918 4146 bis
928 4097 1020 4146 duabus
1028 4095 1119 4150 literis,
1135 4096 1166 4140 V.
1177 4092 1206 4138 G.
