2918 4682
297 315 360 382 512
619 307 996 376 COMMENTARIA

297 439 412 499 durum
425 435 457 494 in
471 433 670 514 imponendis
683 434 824 515 imperiis
836 431 979 493 Herculi?
992 431 1071 509 Quis
1083 433 1197 492 nescit
1212 453 1308 494 aras
1326 435 1388 494 nu-

295 525 397 587 siridis
409 525 498 604 Regia
511 523 726 606 AEgyptiorum
739 521 881 604 hospites
893 520 1073 582 mactantis?
1083 535 1229 604 propter
1245 543 1340 604 quae
1352 527 1384 582 iu

296 613 358 674 tale
372 611 481 674 odium
496 611 677 674 mortalium
693 613 839 686 incurrit,
853 624 889 671 ut
903 609 1071 671 illaudatus
1085 609 1218 693 ubique
1235 610 1383 672 dicere·

297 717 363 777 tur,
387 703 419 762 id
440 714 500 776 est,
520 703 609 762 nulla
632 701 745 783 dignus
767 699 873 774 laude,
893 703 979 762 omui
1000 699 1115 780 dignus
1137 700 1379 760 contumelia.

237 859 240 864 Ι
296 789 373 865 Quis
388 809 454 848 non
471 791 583 849 cecinit
599 789 729 872 Hylam,
747 788 890 849 Herculis
906 809 1052 870 puerum,
1070 801 1208 870 raptum
1225 809 1249 848 a
1271 790 1378 868 Nym·

294 877 368 960 phis
386 880 418 938 in
436 876 539 939 lontel
557 881 626 960 quis
641 901 706 939 uon
721 877 837 953 Delon,
856 878 972 938 dictant
989 880 1175 955 Latonium,
1199 877 1311 959 quod
1331 879 1373 936 ihi

298 965 451 1027 Phoebum
465 980 496 1027 et
506 969 641 1028 Dianam
654 969 773 1026 Latona
785 965 956 1048 pepererit?
967 965 1044 1041 Quis
1059 968 1161 1025 nescit
1178 963 1373 1046 Hippoda-

295 1073 383 1130 men,
395 1075 465 1136 qute
474 1069 582 1136 nupsit
591 1055 716 1136 Pelopi?
727 1055 804 1132 Quis
817 1075 881 1115 uon
894 1057 994 1136 ipsum
1006 1052 1175 1135 Pelopem,
1191 1055 1258 1134 qui
1276 1055 1372 1134 equis

296 1143 458 1201 victoriam
480 1144 610 1224 adeptus
629 1146 742 1203 meruit
760 1143 888 1224 nuptias
906 1141 1136 1223 Hippodames,
1155 1153 1192 1202 et
1214 1143 1279 1200 cui
1303 1153 1371 1200 erat

296 1225 446 1290 humerus
461 1227 618 1292 eburneus
630 1252 687 1313 pro
701 1251 824 1290 carneo.

339 1319 367 1377 8.
383 1317 538 1396 Absolvit,
556 1341 587 1380 se
602 1339 727 1403 quoque
741 1318 860 1380 clarum
874 1317 1015 1378 futurum
1030 1319 1063 1377 in
1077 1314 1141 1376 hoc
1155 1329 1367 1396 argumento

335 1457 359 1512 5.
370 1459 425 1512 Aut
438 1458 568 1512 inlaudati
584 1462 662 1514 nescit
675 1461 798 1516 Busiridis
842 1480 892 1534 qus
905 1459 1016 1513 revinxit
1021 1482 1031 1521 ;
1044 1459 1090 1512 ubi
1103 1457 1235 1510 rabulam
1249 1457 1363 1529 plenius

300 1557 365 1592 aras.
383 1540 481 1592 Busiris
498 1560 543 1593 rex
558 1543 608 1594 fuit
620 1543 740 1614 Egypti3
753 1545 799 1612 qui
843 1539 973 1602 diximus,
985 1537 1107 1590 stabilem
1119 1538 1198 1588 fecit.
1210 1539 1294 1588 Seru.

300 1638 383 1690 quum
397 1633 533 1691 susceptos
547 1620 666 1692 hospites
680 1622 800 1674 immola-
880 1635 904 1687 7.
922 1615 1146 1689 Hippodameque.
1164 1615 1283 1667 Fabula
1301 1614 1359 1666 talis

300 1711 357 1766 ret,
374 1699 408 1750 ah
426 1699 540 1752 Hercule
554 1701 727 1772 interemptus
746 1713 800 1764 est,
845 1710 906 1751 est:
923 1696 1091 1768 Hippodame
1108 1695 1162 1747 filia
1180 1697 1239 1746 fuir
1261 1695 1360 1748 OEno·

301 1798 384 1850 quum
396 1782 474 1832 etism
488 1799 547 1832 curn
557 1781 685 1834 voluisset
700 1781 803 1834 occide-
846 1780 916 1840 mai,
932 1778 1001 1848 regis
1013 1776 1096 1828 Elidis
1110 1788 1136 1827 ει
1152 1777 1284 1826 Pisas-un
1297 1798 1304 1825 :
1317 1774 1358 1826 hit

300 1875 345 1910 re:
356 1857 434 1927 hujus
444 1858 536 1910 laudes
544 1862 650 1931 scripsit
657 1861 801 1924 Isocraten
846 1875 930 1928 equos
939 1855 1032 1908 hahuit
1040 1856 1244 1920 velocissimos,
1260 1869 1357 1926 utpote

300 1937 373 1990 unde
381 1937 518 2004 inlaudati,
527 1943 697 2010 participium
704 1953 744 1992 est
751 1959 800 2011 pro
846 1949 985 1989 ventorum
1001 1933 1065 1986 datu
1082 1947 1206 1998 creatos,
1225 1937 1277 2004 qui
1297 1951 1355 2004 pro-

301 2019 422 2080 nomine;
433 2029 461 2068 ut
470 2019 503 2068 sit
511 2018 683 2084 illaudabilis,
693 2037 746 2070 non
756 2021 802 2090 qui
846 2032 891 2068 cos
906 2014 964 2068 filius
978 2014 1075 2066 multos
1087 2015 1213 2078 necarit,
1232 2013 1289 2064 suh
1306 2012 1355 2064 hae

294 2095 427 2163 ,laudatus
439 2113 493 2148 non
505 2098 554 2163 sit,
572 2097 618 2152 sed
635 2100 680 2168 qui
697 2098 801 2152 laudari
846 2097 998 2150 conditione
1017 2107 1178 2168 provocatos
1200 2093 1238 2146 ad
1260 2095 1353 2146 curule

303 2193 358 2227 non
370 2179 481 2240 meruit;
498 2190 528 2229 ut
545 2191 583 2230 est
599 2177 706 2230 illudio
721 2181 801 2250 septi·
845 2188 996 2242 certamen,
1014 2189 1044 2227 ut
1060 2187 1106 2226 aut
1123 2176 1212 2225 rictus
1232 2173 1352 2226 maderet

302 2273 347 2306 mo
362 2255 487 2308 AEueidos
501 2279 507 2308 z
522 2258 598 2310 Dives
613 2259 746 2312 inaccessos
759 2259 802 2310 uhi
845 2254 943 2320 filiam,
960 2267 1005 2306 aut
1017 2256 1103 2305 victor
1119 2265 1239 2305 necaret.
1255 2255 1351 2305 Postea

303 2333 370 2390 Solis
372 2333 435 2408 filia
446 2336 523 2399 lucos,
532 2357 582 2408 pro
591 2337 799 2390 inaccessibiles:
846 2353 927 2405 quum
941 2334 1066 2405 Pelopem
1083 2345 1198 2385 amasset
1209 2333 1350 2403 Hippoda-

289 2428 358 2466 'uuu
375 2414 409 2468 ad
425 2433 492 2486 quos
506 2416 593 2470 nullus
611 2419 738 2482 accessit,
755 2416 801 2470 sed
846 2414 916 2480 mis,
933 2413 1052 2483 corrupit
1070 2411 1207 2482 Myrtilum
1228 2413 1348 2483 aurigans

305 2494 339 2546 ad
356 2513 423 2564 quos
444 2497 531 2548 nullus
551 2496 678 2550 accedere
697 2497 801 2550 debeat.
846 2494 948 2564 patris,
960 2494 1040 2565 primi
1050 2493 1135 2544 coitus
1148 2493 1275 2562 pactione
1285 2515 1292 2544 :
1304 2496 1347 2563 qui

304 2573 373 2626 Serv.
387 2601 422 2610 -
435 2574 510 2624 Hanc
523 2573 642 2626 fabulam
655 2594 713 2644 qnae
725 2577 802 2627 nimis
845 2573 925 2625 lactis
938 2575 1021 2626 ocreis
1034 2571 1142 2638 axibus,
1154 2573 1345 2642 qnnmrictore

303 2650 363 2700 fera
375 2661 401 2700 et
413 2652 558 2720 sanguinea
571 2651 647 2702 nohis
656 2652 802 2716 videretur,
847 2651 945 2724 Pelope
955 2673 971 2706 a
980 2652 1070 2724 puella
1081 2653 1243 2724 promissum
1254 2669 1346 2723 posce·

304 2739 406 2778 veteres
418 2726 504 2780 Graeei
515 2729 543 2779 in
555 2728 675 2780 dramate
689 2732 803 2802 satyrico
847 2745 888 2789 ret
898 2733 1050 2802 premium,
1063 2731 1097 2783 ah
1106 2733 1163 2800 ejus
1175 2732 1271 2782 marito
1282 2749 1343 2802 pra·

305 2805 369 2857 etin
379 2805 530 2874 comoediis,
540 2808 623 2858 instar
633 2810 747 2860 convivii
756 2810 804 2881 Gy·
848 2815 971 2884 cipitatus
987 2814 1015 2864 in
1028 2829 1101 2862 mare
1117 2822 1171 2874 est,
1188 2813 1232 2862 cui
1251 2829 1342 2862 nornen

305 2883 430 2954 clopum,
449 2885 514 2936 risui
537 2885 677 2938 excitando
695 2885 805 2940 exhibe·
848 2894 990 2962 imposuit;
1003 2909 1065 2942 uam
1078 2890 1112 2942 ah
1122 2908 1155 2942 eo
1165 2891 1296 2959 Myrtoum
1307 2888 1342 2940 di·

305 2965 389 3030 hant,
401 2976 430 3015 ut
440 2983 454 3016 e
464 2965 621 3036 fragmentis
634 2979 747 3037 apparet
757 2967 806 3018 Bn-
850 2973 919 3024 citur
933 2970 1052 3046 pelagus.
1065 2999 1100 3010 -
1113 2971 1277 3042 Humemqus
1291 2971 1339 3020 Pe-

306 3044 395 3097 siridis
403 3043 549 3114 cujusdam,
559 3063 638 3116 quem
645 3047 806 3117 scripserant
851 3049 907 3123 lcps
916 3049 1022 3124 iusipnis
1030 3050 1133 3101 dumo.
1145 3049 1284 3114 Tantalos,
1296 3067 1339 3120 pa·

305 3123 480 3196 Epicharmus
495 3138 521 3178 et
534 3125 739 3180 Mnesimschus·
754 3127 807 3180 Sed
850 3129 1234 3202 terPelopis,rolensdeoram
1243 3141 1337 3180 tentare

306 3203 437 3258 Homerus
450 3205 515 3258 nihil
532 3206 565 3259 de
577 3205 706 3260 Busiride.
722 3207 749 3260 V
752 3245 757 3259 .
773 3209 804 3260 G.
851 3211 1032 3276 divinitatem,
1050 3211 1167 3263 inritatis
1186 3211 1241 3276 eis,
1260 3207 1335 3260 lilium

342 3285 367 3337 6.
383 3286 429 3337 Cui
441 3303 492 3338 aon
505 3285 588 3338 dicaci
595 3286 679 3356 Hylas
688 3305 760 3359 puer.
775 3286 806 3339 ld
851 3309 928 3344 suurn
938 3289 1100 3363 epulandum
1111 3290 1250 3360 apposuit:
1261 3307 1275 3340 a
1286 3305 1333 3358 quo

306 3376 359 3429 est,
372 3381 388 3414 a
400 3382 462 3434 quo.
473 3366 598 3416 Horatius
611 3387 616 3414 :
629 3366 746 3420 Scriberis
756 3367 784 3421 V
780 3387 807 3418 a·
852 3389 943 3423 omues
962 3369 1000 3422 dii
1018 3368 1220 3434 abstinuerunt,
1235 3381 1334 3437 excepte

306 3444 345 3495 rio
353 3442 433 3514 fortis
446 3454 471 3494 et
487 3443 610 3508 hostium,
625 3463 674 3516 pro
687 3464 703 3496 a
714 3447 804 3496 Vario.
850 3451 963 3516 Cerere,
980 3467 1038 3520 quse
1053 3445 1191 3500 brachium
1208 3449 1260 3516 ejus
1275 3465 1333 3500 con·

307 3519 391 3588 Hylas
402 3535 491 3572 autem
503 3524 591 3573 socius
604 3523 726 3575 Herculis
738 3527 805 3592 suit,
849 3532 969 3601 sumpsit.
987 3531 1081 3579 Postea
1101 3526 1195 3598 punito
1210 3525 1329 3594 Tantulo,

308 3599 354 3668 qui
365 3611 491 3666 aquatum
504 3599 655 3668 profectus,
665 3614 806 3670 raptusest
849 3622 930 3680 quum
942 3606 980 3658 dii
989 3607 1134 3658 volnissent
1146 3607 1201 3674 ejus
1210 3604 1282 3656 lilium
1295 3625 1332 3660 re·

308 3695 324 3729 a
342 3674 470 3746 Nymphis
488 3677 515 3726 in
536 3677 629 3747 Mysia.
644 3707 679 3717 —
694 3681 805 3735 Latonia
848 3705 944 3739 vocare
957 3685 990 3737 ab
1008 3686 1113 3748 inferis,
1130 3683 1208 3735 Ceres
1223 3686 1245 3736 ei
1258 3684 1328 3736 sbar-

307 3753 392 3810 Delos.
414 3756 444 3806 lu
468 3775 520 3826 qna
542 3758 645 3810 Latona
664 3763 742 3814 enixa
765 3779 805 3817 est
848 3783 928 3818 neum
953 3764 1092 3816 brachium
1116 3763 1234 3814 restitnit.
1256 3763 1327 3830 Quod

307 3834 459 3908 Apollinem
469 3848 494 3887 ει
504 3837 631 3900 Dianam
645 3858 724 3911 φιειιι
734 3844 805 3894 insu·
848 3843 910 3896 ideo
922 3843 1045 3915 fingitur,
1058 3845 1118 3914 quin
1135 3841 1212 3894 Ceres
1227 3842 1276 3910 ipsa
1291 3857 1325 3896 est

306 3915 361 3969 loru
373 3928 434 3968 ante
443 3934 538 3988 vagam
547 3917 660 3988 Apollo,
672 3933 702 3972 ut
714 3923 741 3974 in
754 3936 805 3976 ter·
847 3937 936 3989 terra,
949 3943 1007 3997 que
1021 3941 1135 3994 corpora
1146 3924 1259 3973 universa
1267 3941 1324 3974 con·

307 3997 346 4048 tio
360 3995 470 4072 legimus
481 4017 488 4050 s
499 3999 612 4070 Mycona
621 3999 689 4056 celsa
705 4003 804 4074 Gyaro·
848 4005 941 4074 sumit,
952 4021 1013 4058 ossa
1024 4015 1126 4056 tautum
1138 4017 1272 4056 resernus.
1282 4003 1306 4056 S.
