2998 4670
376 387 427 452 ru
450 379 836 452 ouonerconuu
858 385 950 452 arn.
976 389 1037 454 rr.
1160 395 1222 483 ⁵95

192 525 353 592 percusso:
374 511 448 590 quia
462 506 588 568 demum
604 505 681 568 adeo
695 501 793 568 avide
808 521 881 568 sunt
894 505 1052 588 vindicta,
1071 525 1102 574 et
1117 533 1225 596 prona

193 599 225 658 in
238 599 312 672 irae,
324 612 360 658 ut
371 616 434 680 prte
445 595 625 658 ulciscendo
637 596 726 658 hoste
738 600 807 660 ritae
821 615 883 658 suat
897 601 959 658 sint
972 603 1121 684 prodigae.

232 685 299 768 ²³9·
311 685 421 746 Monet
432 699 524 767 poeta
535 698 733 746 castratorem
747 683 904 762 favorum,
924 700 960 746 ut
973 691 999 746 ai
1014 690 1142 771 quando
1155 714 1227 754 ven·

192 786 294 834 taram
305 772 463 857 hyemem,
484 772 593 836 duram
605 775 673 835 fore
684 773 883 852 intellexerit,
901 795 936 838 ac
949 793 1114 860 propterea
1129 795 1229 845 tactus

190 860 399 923 misericordia
411 875 506 924 cesset
519 883 538 922 a
551 864 754 940 castratione;
774 876 894 940 tamen,
913 885 952 926 ne
965 879 1034 926 turn
1048 866 1170 930 dubitet
1184 872 1227 932 al·

190 951 292 1010 vearia
307 951 453 1026 inrisere3
473 971 544 1034 apes
556 950 759 1034 suffumigare
773 951 899 1036 thymo,
918 970 981 1035 quo
995 952 1057 1014 illae
1072 959 1229 1021 convalea-

191 1051 279 1112 cunt3
293 1059 332 1099 ne
343 1038 463 1100 dubitet
476 1059 561 1100 cerae
573 1042 680 1101 inanes
691 1054 722 1101 et
732 1061 845 1102 vacuae
857 1041 948 1104 melle
959 1041 1082 1102 eradere
1096 1049 1229 1109 omnino

190 1145 227 1188 ac
236 1127 384 1204 recidere,
394 1148 433 1188 ne
441 1128 486 1188 ibi
496 1143 645 1210 parentur
654 1127 793 1207 latebre,
803 1143 833 1190 et
843 1130 1003 1192 domicilia
1014 1131 1227 1194 animalculis:

190 1233 262 1296 apes
275 1235 344 1276 cera
356 1235 421 1276 non
432 1217 583 1278 victitant.
602 1216 660 1278 Sed
674 1238 770 1299 quare
783 1235 878 1302 poeta
891 1221 1076 1280 sententiam
1089 1239 1161 1281 cum
1175 1223 1230 1282 ad·

190 1302 357 1363 miratione
368 1301 493 1363 intulit?
503 1303 602 1365 Credo
615 1303 696 1366 banc
710 1325 774 1368 esse
785 1305 850 1388 ejus
865 1321 1017 1368 mentem:
1031 1325 1119 1390 apes,
1132 1329 1228 1390 quum

191 1401 364 1451 cantantur
381 1390 460 1470 iovi,
478 1392 630 1476 pellendae
651 1411 725 1456 aunt
744 1394 833 1457 furno
853 1417 888 1457 er
910 1396 1019 1472 alveis;
1039 1417 1103 1457 non
1124 1396 1228 1474 alitem

190 1476 350 1562 pelluntur
363 1495 466 1544 autem
483 1498 612 1566 propter
625 1486 719 1561 irem,
740 1506 809 1567 quae
824 1483 885 1547 illis
903 1500 950 1547 est
967 1507 1060 1569 supra
1079 1487 1227 1548 modum:

191 1567 265 1630 inde
276 1585 338 1646 est,
350 1575 451 1656 utqui
466 1572 653 1636 beneficiam
666 1577 701 1636 in
713 1574 783 1636 illae
796 1574 864 1636 vult
878 1575 1019 1637 conferre
1030 1589 1084 1635 aut
1096 1575 1229 1637 suffitio·

191 1659 254 1733 nis,
273 1675 327 1720 aut
341 1657 516 1723 abrasionis
532 1664 673 1723 inanium
687 1683 841 1738 cerarum,
856 1661 926 1744 jure
939 1665 1036 1746 possit
1048 1665 1170 1738 timere,
1190 1684 1230 1726 ne

189 1744 253 1808 itte
263 1748 389 1808 irritatre
400 1747 630 1812 benefactorem
644 1751 803 1812 invadant.
823 1752 905 1832 Ergo
917 1765 1011 1832 poeta
1022 1749 1155 1811 excitans
1169 1749 1229 1812 ho·

191 1838 307 1897 minem
318 1838 413 1898 iatum
425 1839 464 1900 ad
475 1838 615 1901 laborem
626 1863 634 1899 ε
647 1842 733 1922 quis,
745 1842 861 1922 inquit,
874 1837 1012 1914 dubitet,
1026 1837 1095 1900 illas
1107 1838 1229 1916 suffire,

189 1938 254 1986 uta
271 1927 362 1987 rebus
380 1925 486 1988 fractis
504 1929 737 1990 convalescant?
755 1931 825 2012 quia
841 1949 923 1990 ceres
938 1927 1088 2005 recidere,
1105 1939 1140 1989 ut
1155 1931 1229 1992 inde

188 2015 336 2096 fugentur
346 2015 512 2091 animalia,
524 2019 619 2078 etiam
631 2020 656 2078 si
668 2039 699 2079 se
711 2031 870 2099 exponant
883 2019 1073 2078 irritatorum
1085 2016 1230 2098 indigna·

191 2103 288 2178 tioni,
301 2103 413 2165 ictibus
417 2148 428 2178 ,
442 2102 594 2165 stimulis?

230 2189 297 2264 ada.
311 2191 456 2250 Contexit
471 2191 647 2272 catalogum
665 2189 884 2266 bestiolarum,
899 2209 969 2270 quse
980 2209 1054 2271 apes
1067 2189 1231 2266 infestant,

191 2297 257 2336 non
268 2279 426 2351 omnium,
441 2277 494 2336 sed
508 2295 559 2336 eea
570 2291 701 2338 tantum.
720 2275 839 2337 Pendet
851 2278 1001 2336 sententia
1015 2295 1051 2336 err
1065 2279 1230 2357 superiori-

190 2363 248 2423 but
261 2365 318 2436 ita3
331 2361 484 2422 suffienda
495 2376 569 2422 sunt
579 2361 729 2437 alvearia,
742 2381 821 2424 cerat
830 2379 935 2422 vacum
944 2361 1121 2437 eradeudoe3
1136 2383 1231 2446 prop-

188 2465 236 2512 ter
247 2449 438 2528 stellionem,
453 2447 584 2527 blattas,
600 2451 724 2527 fucum,
741 2452 938 2527 crabronem,
949 2454 1062 2525 tineas,
1073 2471 1230 2512 araneam.

190 2536 295 2599 Stellio
310 2536 395 2600 favos
408 2538 525 2613 exodit;
540 2537 645 2600 blattae
659 2537 776 2602 cubilia
789 2551 962 2620 congerunt
975 2538 1010 2596 in
1021 2535 1129 2612 alveis,
1141 2537 1230 2600 fucus

191 2729 262 2780 ferit.
276 2725 687 2800 sarda-Splonlacuomliu·
730 2729 804 2783 uibus
828 2727 936 2782 aetheriis
960 2738 1037 2780 terras
1053 2723 1143 2799 suffire
1157 2727 1232 2799 fera-

190 2819 283 2880 quunt.
302 2807 457 2874 ldcoeaeco,
473 2809 537 2880 qaia
552 2807 689 2862 brevicala
731 2825 779 2862 oea.
799 2837 835 2850 -
856 2809 978 2880 &ramus
1006 2805 1112 2858 recidere
1137 2805 1230 2858 inanis.

192 2886 352 2956 admodum,
364 2901 391 2942 et
402 2889 440 2940 ita
454 2901 511 2940 tota
526 2887 618 2941 latent.
632 2887 689 2940 Ob·
732 2889 803 2940 Dum
813 2889 869 2939 sine
878 2885 957 2938 melle
965 2897 1028 2937 aunt
1037 2901 1118 2946 ceram
1128 2883 1181 2935 hoc
1190 2883 1231 2934 di·

190 2979 278 3018 aerrat
292 2967 439 3020 Germanae
455 2987 473 3020 a
490 2981 587 3021 natura
605 2985 686 3040 apum
733 2968 785 3018 cit:
802 2967 825 3017 ai
840 2963 906 3018 nihil
917 2963 1060 3016 habuerint
1076 2964 1103 3012 in
1120 2961 1231 3014 alveari·

190 3043 290 3097 dietam
300 3043 422 3096 Ciceroni
434 3064 485 3117 pro
496 3047 608 3098 flaccos
620 3065 690 3100 mor·
733 3045 799 3114 baa,
811 3045 867 3112 rel,
878 3057 903 3096 te
913 3041 1035 3106 tollente,
1045 3039 1087 3092 vel
1097 3039 1233 3093 exedenti-

190 3135 249 3176 tuut
259 3133 295 3176 eat
303 3121 455 3196 muleojam
465 3123 582 3190 dimisso,
595 3145 627 3177 ac
635 3126 690 3178 die·
733 3127 784 3178 bus
794 3127 884 3197 previa
895 3121 1065 3188 animalibus,
1076 3119 1172 3192 apibus
1184 3123 1232 3172 mi·

189 3215 217 3255 to
229 3203 379 3255 testimonio.
390 3202 591 3270 Quibutrerbit
603 3205 690 3256 imita·
733 3207 847 3256 nutatim
866 3203 976 3254 incisam
994 3217 1082 3252 ceram
1101 3201 1233 3266 ministre,

189 3297 234 3336 tna
248 3283 352 3336 videtur
362 3282 456 3336 Cicero
472 3283 624 3350 Platonem,
641 3285 688 3355 qui
732 3281 871 3336 stelliones
878 3295 942 3331 vero
950 3293 976 3331 et
983 3277 1183 3350 cetera,tbpmi
1191 3281 1232 3331 lu·

190 3364 218 3416 in
234 3363 366 3418 Phaedone
382 3365 438 3416 ait:
455 3361 532 3432 imp
542 3359 645 3430 plum·
661 3360 689 3415 el
732 3377 777 3414 mo
789 3359 824 3414 ab
839 3361 878 3412 eie
890 3359 997 3431 repelle.
1014 3359 1083 3412 Serv.
1098 3387 1132 3398 -
1143 3359 1232 3411 Pestea

189 3440 276 3510 airam
293 3439 460 3509 lymerun
476 3440 599 3509 οἷχόοομιι
610 3463 617 3492 a
630 3459 688 3494 nto·
733 3439 829 3512 apibus
842 3440 940 3504 noxio,
953 3451 1015 3490 aunt
1026 3439 1156 3509 imprimis
1170 3439 1233 3491 stel-

190 3522 245 3572 rior
252 3520 338 3574 relicto
349 3523 438 3575 aculeo
446 3523 596 3594 immraplr.
605 3551 637 3562 -·
645 3519 686 3572 Gl.
731 3522 784 3587 lio,
795 3519 893 3582 Μηνᾶς
902 3517 1135 3590 blatta,tloporte,·
1143 3521 1232 3587 moue,

190 3599 258 3652 Vota
268 3599 334 3653 dicit
342 3603 464 3656 aculeum
474 3620 568 3655 aarum
580 3619 652 3667 etse,
661 3611 687 3654 ct
729 3602 832 3674 palpo,-
846 3597 957 3664 crabro,
963 3597 1071 3671 sellom
1085 3599 1174 3666 tinea,
1191 3617 1236 3654 uer

191 3681 296 3734 dnobus
314 3683 422 3755 spiculis
438 3682 594 3755 praeditam
608 3694 687 3752 atque
732 3697 858 3753 mnpeure
871 3689 897 3731 et
909 3695 1020 3744 aranea,
1033 3679 1161 3754 amiqnle.

192 3762 221 3812 in
233 3773 349 3814 extrema
360 3761 430 3814 illiue
444 3773 520 3833 parte
532 3761 634 3813 bullam
646 3777 689 3814 aa·
771 3758 830 3826 all.
851 3757 942 3813 Stellio
963 3761 1072 3833 iqnotua.
1091 3760 1134 3811 Sic
1153 3756 1231 3810 Ovid.

192 3838 512 3912 beuevmenoplenam.
689 3893 695 3910 ,
733 3837 1234 3915 Fasti,157.19notabimndo,qua

229 3919 691 3996 alr.Susfiretlrymo.ldett,iami·
735 3917 892 3989 aliquandiu
902 3915 1184 3971 nonrisaexlatibnlia
1193 3920 1234 3970 in-

192 4016 269 4072 flans
279 4015 309 4054 ut
318 4001 526 4056 exindeinimica
535 3999 586 4053 illia
595 4000 693 4053 anima·
736 3997 850 4070 cognitie
863 3995 967 4069 prodit,
977 3999 1014 4048 ita
1021 3993 1104 4049 stellio
1117 3995 1233 4070 iqnotus,

194 4079 230 4134 lia
246 4083 357 4154 fugiant.
373 4083 519 4135 -Lucret
533 4081 579 4134 lib.
595 4081 632 4148 ll,
647 4081 692 4154 lq·
738 4081 785 4151 qui
798 4095 830 4130 ex
841 4073 1083 4149 insidiit'prorepit.
1097 4103 1131 4150 -7
1143 4075 1233 4132 Stellio
