2998 4670
357 392 407 454 ΙΝ
432 385 819 454 GEORGICORUM
844 389 936 454 LIB.
962 393 1024 455 lV.
1150 391 1212 478 587

171 511 345 588 felicitatis,
365 514 439 593 quia
456 509 537 570 nihil
554 509 601 570 illi
619 509 726 570 deerat
742 509 780 570 ad
799 508 901 584 cib0s3
920 534 994 574 nam
1009 516 1132 576 tametsi
1147 533 1215 574 sero

172 599 345 661 admodum
364 602 496 662 domum
514 597 643 674 rediret,
663 613 779 680 paratae
801 598 847 658 illi
868 617 959 661 eraut
979 604 1095 685 epulas,
1116 619 1217 684 neque

172 691 239 752 ista
253 705 382 772 emptae,
395 709 496 770 neque
509 689 657 762 modica,
670 708 769 769 quum
783 685 849 768 ejus
863 709 1000 750 mensam
1016 693 1218 774 complerent.

217 779 281 856 134.
300 781 503 840 Discriminat
521 777 682 838 felicitates
700 775 794 860 hujus
813 779 896 838 senis
914 800 971 861 per
988 795 1125 861 quatuor
1144 781 1219 842 anni

173 881 329 950 tempora,
340 871 417 944 Ver,
425 871 633 940 Autumnum,
645 867 812 949 Hyemem,
821 867 978 928 AEstatem.
990 869 1050 928 Ver
1060 870 1106 928 illi
1117 887 1221 930 rosam

173 957 590 1041 suppeditabat3dutumnua
598 956 1222 1040 poma,Hyeussacanthumfflstasapes,

172 1048 282 1126 mella,
298 1051 451 1110 examina.
471 1047 622 1130 Adjuugit
641 1047 714 1108 huic
734 1050 871 1110 orationi
891 1061 1127 1122 oruamentum,
1141 1047 1222 1108 indi·

174 1138 276 1200 cando
287 1139 426 1202 studium
436 1141 531 1212 senis,
546 1140 599 1220 qui
611 1141 645 1198 in
657 1136 770 1222 hyeme
780 1159 880 1220 quum
890 1154 983 1214 esset,
993 1153 1131 1201 estatem
1140 1139 1222 1197 votis

174 1230 365 1303 accersebat,
379 1231 411 1289 in
424 1249 487 1311 qua
502 1225 548 1288 illi
560 1227 686 1290 futurus
698 1249 830 1312 magnus
844 1228 945 1290 mellis
960 1243 1141 1311 proventus.

219 1313 284 1389 141.
296 1315 441 1396 Intellige
455 1331 592 1376 mentem
604 1330 718 1398 poetae3
732 1315 804 1376 ideo
816 1317 919 1376 tiliam
931 1317 1056 1392 statuit,
1069 1328 1099 1376 et
1111 1316 1223 1398 pinum

174 1403 208 1462 in
227 1400 288 1462 hoc
305 1402 450 1480 hortulo,
470 1418 505 1464 ut
522 1405 588 1464 sint
603 1405 743 1480 arbores,
764 1425 801 1466 ex
820 1405 934 1486 quibus
950 1406 1116 1488 proveniat
1132 1401 1224 1484 gluti-

175 1511 268 1566 num,
284 1489 368 1573 quod
384 1493 593 1553 necessarium
606 1491 647 1552 ad
662 1492 789 1574 opificia
804 1513 910 1574 apum.

221 1577 283 1655 142.
297 1583 377 1642 Rara
385 1580 453 1644 haec
463 1582 605 1642 felicitas.
617 1582 721 1643 Solent
732 1583 922 1664 plerumque
932 1581 1060 1650 arbores
1072 1584 1106 1641 in
1117 1579 1226 1654 initio,

177 1689 275 1750 quum
290 1685 464 1750 gemmant,
485 1669 680 1731 fertilitatem
694 1671 850 1745 indicare;
869 1670 984 1731 deinde
1004 1684 1058 1732 aut
1073 1669 1226 1750 grandine

177 1759 377 1838 quatiuntur,
398 1775 453 1820 aut
470 1775 607 1822 uruntur
623 1759 756 1842 frigore,
775 1774 829 1821 aut
847 1773 932 1843 peste
949 1762 1053 1844 aliqua
1070 1760 1224 1820 vermium

176 1846 222 1905 ita
243 1846 440 1924 afficiuntur,
459 1863 496 1909 ut
512 1851 607 1910 miser
624 1851 755 1910 rusticus
772 1869 860 1931 spem
876 1851 1002 1910 inanem
1021 1848 1133 1909 aluerit
1147 1845 1228 1906 frus·

177 1945 258 1995 trsto
273 1951 395 1998 eventa.
410 1939 480 1999 Non
492 1940 538 1999 sio
549 1935 623 1999 huic
635 1941 719 1999 seni:
734 1937 886 2021 quicquid
902 1939 994 2000 initio
1007 1935 1227 2022 gemmationis

178 2022 271 2084 arbor
282 2026 469 2109 spopondit,
481 2026 514 2087 id
526 2041 633 2088 totum
642 2044 797 2090 autumno
809 2029 921 2090 tenuit.

223 2114 288 2191 144.
307 2117 466 2198 Esagatur
483 2118 523 2179 ad
539 2118 618 2179 alias
634 2139 742 2194 curas,
763 2132 793 2179 et
809 2118 938 2179 delicias
955 2117 1117 2179 hortulani
1136 2115 1230 2189 senis,

179 2205 236 2284 qui
249 2225 287 2265 eo
299 2204 362 2267 loci
374 2210 514 2268 consevit
527 2208 643 2282 ulmos,
660 2229 770 2290 pyros,
791 2209 915 2288 spinos,
930 2207 1114 2289 platanum:
1131 2203 1230 2264 afficit

179 2289 238 2350 has
251 2294 376 2355 arbores
388 2298 450 2356 suis
462 2297 591 2376 elogiis:
606 2297 711 2355 ulmus
726 2317 793 2356 aera
808 2311 869 2372 est,
883 2310 919 2355 ut
933 2315 1004 2377 quae
1018 2293 1106 2355 tarde
1118 2311 1229 2374 prove-

180 2382 260 2454 niat;
275 2403 371 2464 pyrus
383 2382 494 2458 edura,
512 2383 544 2444 id
557 2397 619 2456 est,
633 2383 754 2456 valida3
773 2385 856 2464 spini
869 2385 1007 2463 insignes
1019 2395 1093 2442 sunt
1104 2379 1231 2462 prunis3

137 2539 140 2547 ,
178 2467 298 2549 platani
321 2470 462 2529 umbram
477 2469 624 2531 exhibent
637 2469 821 2532 deliciosam
836 2467 1096 2543 convivantibus,
1117 2479 1230 2550 potan-

180 2555 276 2630 tibus,
289 2553 503 2618 lusitantibus.

224 2642 289 2726 147.
301 2646 433 2706 Excusat
445 2667 491 2724 se,
504 2647 589 2730 quod
601 2669 667 2710 non
676 2647 802 2730 longius
811 2646 970 2730 produaat
979 2644 1146 2707 historiam
1155 2641 1231 2703 hor·

181 2746 301 2810 torum,
321 2749 421 2796 sumta
441 2736 624 2820 metaphora
645 2737 685 2798 ab
705 2740 804 2812 circo;
826 2739 915 2820 quasi
934 2735 1038 2797 dicat:
1058 2731 1232 2809 discludor,

181 2822 392 2906 excludorque
406 2825 519 2888 abhoc
534 2825 657 2904 studio,
677 2841 714 2888 ut
727 2829 782 2910 qui
796 2829 856 2888 aim
869 2829 903 2888 in
918 2827 1047 2908 iniquo,
1062 2823 1095 2884 id
1109 2833 1167 2900 est,
1180 2841 1234 2881 an-

183 2925 275 2992 gusto
290 2916 393 2993 spatio
409 2916 498 2991 circi,
518 2937 621 3000 neque
637 2919 756 2999 possim
773 2917 912 2999 evagari3
936 2913 1007 2975 ideo
1022 2915 1112 2972 istam
1126 2927 1234 2971 curam

185 3000 331 3080 relinquo
342 3007 473 3081 posteris
487 3006 695 3067 tractandam.

222 3090 304 3148 Paas
314 3109 446 3164 Quaars.
461 3091 524 3173 149.
534 3097 616 3155 Hinc
625 3097 736 3177 incipit
745 3093 910 3176 descriptio
919 3087 1110 3173 Reipublicae
1121 3105 1233 3168 apum,

184 3196 254 3258 quae
265 3179 329 3237 visa
343 3178 449 3239 multis
461 3181 500 3240 ad
510 3181 685 3243 humanam
695 3184 999 3244 administrationem
1010 3176 1164 3240 accedere.
1175 3175 1233 3235 Res

184 3321 276 3376 regum
289 3323 362 3358 nore
374 3307 442 3360 eibis
454 3325 509 3359 non
521 3313 684 3382 conparatis
729 3311 875 3365 Seru-l).
883 3310 952 3359 Voss
958 3305 1093 3378 improbat
1102 3302 1233 3368 Gerdam,

184 3385 318 3438 utebatur.
334 3389 402 3440 San.
415 3417 450 3428 -
461 3390 574 3442 Romam
588 3407 685 3462 proee—
731 3388 804 3462 quod
813 3388 880 3441 nihil
890 3385 935 3440 hie
945 3386 1043 3439 viderit
1052 3385 1104 3436 nisi
1115 3382 1234 3455 epitheta

185 3484 244 3530 res,
262 3469 299 3518 ait
313 3469 394 3534 Voss,
412 3470 510 3539 sapius
526 3467 685 3521 dicabantur
730 3463 1061 3522 maadeorationismed
1068 3479 1160 3516 esaon
1167 3461 1235 3513 shait

185 3547 276 3616 Reges.
287 3573 323 3588 -
331 3547 367 3598 ln
377 3565 484 3600 venam.
498 3551 528 3600 la
540 3547 670 3602 orditam.
729 3549 831 3612 Gerdn;
841 3560 945 3602 tantum
952 3547 1106 3598 interiorem
1114 3543 1167 3596 loci
1178 3559 1236 3595 seu-

224 3626 281 3695 139·
299 3627 369 3698 Etyv
381 3627 471 3698 ῬΜ
476 3627 685 3698 ,411ώῆωῶ
731 3649 792 3684 sum
803 3629 965 3701 nonattigit.

185 3723 236 3779 qus
247 3705 367 3758 sumine
376 3704 469 3758 nudas.
482 3707 525 3758 Na
537 3705 593 3758 sius
605 3723 686 3758 caasa
770 3713 829 3781 ¹⁴9·
842 3711 958 3764 Natura
967 3709 1059 3782 apibus
1069 3723 1134 3780 quas
1142 3705 1238 3777 duppi-

186 3787 280 3840 hortos
292 3785 465 3859 descripsisse
475 3785 619 3840 sidat-etan.
631 3787 659 3840 S.
733 3801 772 3842 ter
780 3791 833 3862 ipse
843 3787 960 3841 Addidit.
973 3787 1089 3839 Naturas
1097 3801 1147 3856 pro
1157 3785 1238 3836 mori·

227 3867 284 3935 144.
305 3867 386 3921 Sem.
406 3867 542 3937 Majoscs3
565 3866 687 3930 adultas,
733 3869 890 3940 bnspesait.
901 3865 1011 3920 Addidit
1023 3877 1124 3928 autem,
1136 3873 1181 3914 aut
1192 3861 1236 3914 de·

188 3950 263 4020 quod
279 3949 366 4002 nimiu
381 3947 548 4000 difficultatis
563 3959 611 4000 ast.
622 3945 688 4001 Vids
734 3947 789 4011 δίας
809 3959 856 3999 aut
874 3963 968 4000 revera
988 3943 1107 3998 addidit:
1127 3957 1236 3993 necesse

187 4031 281 4083 Horat.
292 4044 319 4082 st
328 4023 586 4082 duran-Disradr.
595 4027 691 4080 Trans·
734 4027 805 4079 euim
818 4037 873 4092 est,
887 4043 931 4077 eas
943 4026 1023 4077 etiam
1036 4033 1097 4074 ante
1108 4017 1236 4074 hahuisse

189 4108 263 4173 tulit3
272 4128 334 4163 narn
344 4109 456 4164 mutarit
465 4108 689 4181 propositionem.
735 4121 824 4160 nares
834 4104 939 4176 sliquos
951 4105 1084 4176 proprios.
1095 4101 1164 4156 Serv.
