3000 4674
164 420 167 430 ·
277 407 340 476 226
453 349 456 356 ’
604 399 983 464 conntnnrtnrs

315 528 361 590 25.
375 523 482 606 Aperit
493 540 629 581 errorem
641 541 732 580 suum
743 543 749 578 :
760 540 818 601 ogo
830 519 861 580 id
873 517 1038 601 putabam,
1051 519 1104 580 sed
1115 521 1225 582 stulte:
1240 543 1313 584 nam

274 618 317 676 ita
336 616 401 674 baec
419 611 492 672 urbs
511 624 636 692 superat
654 623 784 684 ceteras,
802 623 838 670 ut
856 607 995 691 cupressi
1014 625 1163 692 superant
1181 611 1314 673 viburna

272 704 368 765 lenta.
384 701 529 781 Opponit
545 696 695 779 praeclare
711 711 828 758 rectam
848 712 880 758 et
896 710 1028 757 erectam
1045 697 1188 758 arborem
1208 698 1315 760 arbori

272 793 379 865 lentae3
396 809 464 872 quae
477 790 560 848 cuim
574 788 659 848 lenta
676 802 767 864 sum,
783 807 819 846 eo
837 788 905 868 ipso
922 784 1081 868 depressa,
1097 808 1198 871 neque
1214 803 1315 865 recta,

177 917 180 926 ι
272 899 375 960 neque
387 879 449 938 cita
462 887 613 938 crescunt.

313 987 361 1052 ²7·
375 968 487 1028 Merito
499 979 607 1048 pastor
618 977 649 1025 et
661 977 765 1045 rogat,
779 975 810 1024 et
822 962 1008 1039 admiratur,
1024 985 1094 1046 quae
1106 977 1194 1025 tanta
1205 985 1313 1041 caussa

189 1055 192 1062 ’
271 1072 430 1140 pastorem
449 1054 558 1118 feccrit
575 1054 717 1121 deserere
736 1073 825 1114 auam
846 1053 1004 1130 villulam,
1023 1057 1155 1115 Romam
1171 1055 1237 1114 ire?
1255 1057 1313 1114 Cui

271 1141 344 1204 ille:
360 1142 518 1204 Libertas:
535 1158 566 1204 et
579 1143 654 1224 quia
667 1141 735 1202 hoec
749 1138 880 1201 libertas
894 1139 941 1200 illi
953 1141 1068 1201 accidit
1079 1161 1163 1218 seru,
1177 1157 1208 1202 et
1221 1143 1253 1202 iu
1269 1162 1314 1202 se·

269 1245 410 1308 nectute,
424 1230 495 1292 ideo
510 1231 554 1292 ait
567 1231 659 1291 inerti
675 1227 839 1290 accidisse:
856 1247 947 1290 senes
961 1229 1061 1305 enim,
1075 1243 1112 1289 ut
1125 1226 1314 1312 plurimum,

271 1321 400 1398 inertes,
421 1323 532 1396 otiosi,
553 1317 707 1400 languidi.
727 1320 779 1379 Bis
799 1319 912 1400 repetit
932 1317 1063 1377 verbnm
1085 1321 1217 1400 respexit,
1242 1335 1313 1398 quae

271 1407 439 1468 inculcatio
454 1409 586 1490 pastoris
600 1408 704 1466 suavis
718 1418 779 1480 est,
797 1420 828 1465 et
845 1405 985 1487 profecta
1002 1426 1039 1465 ex
1055 1402 1169 1486 gaudio
1184 1405 1315 1485 gestien-

270 1497 326 1573 tis,
338 1511 369 1557 et
381 1499 430 1555 vix
441 1495 594 1558 credentis
606 1509 767 1576 receptum
778 1515 811 1555 se
821 1496 854 1554 io
864 1494 1056 1569 libertatem,
1069 1495 1190 1554 etiamsi
1202 1515 1314 1554 seram.

271 1584 349 1660 Quae
358 1598 532 1665 sequuntur
541 1583 580 1644 de
589 1582 687 1644 barba
700 1582 845 1659 candida,
855 1587 1014 1666 pertinent
1024 1583 1063 1644 ad
1073 1583 1313 1666 explicationem

271 1669 371 1746 illius,
386 1671 470 1753 quod
487 1674 658 1754 precessit,
674 1669 788 1732 libertas
800 1693 862 1732 scm
876 1675 995 1734 inertem
1013 1675 1149 1754 περαίη
1164 1673 1251 1752 quasi
1267 1670 1314 1730 di·

271 1773 337 1818 cat:
354 1761 401 1819 vis
416 1761 494 1819 scire
509 1780 603 1840 quam
618 1780 684 1820 sera
698 1759 824 1820 libertas
854 1782 947 1842 quam
962 1782 1020 1842 ego
1034 1763 1136 1822 iners:
1147 1757 1212 1840 jam
1228 1779 1312 1819 eram

270 1849 373 1928 capite
386 1869 480 1923 cano;
491 1849 556 1930 jam
570 1849 691 1910 tonsori
704 1869 775 1910 meo
786 1805 885 1910 barba
898 1872 967 1912 mea
979 1850 1112 1912 cadebat
1122 1847 1266 1910 candida.

310 1937 358 1997 31.
378 1940 471 1998 Ponit
490 1958 645 2000 summam
668 1938 787 2021 adeptae
806 1937 974 2016 libertatis,
995 1941 1152 2000 servitutis
1171 1937 1313 1998 ademtae.

269 2025 381 2087 Habeo
396 2026 589 2103 libertatem,
609 2049 646 2088 ex
658 2041 721 2108 qu'o
736 2049 784 2088 me
796 2026 892 2088 habet
904 2027 1082 2110 Amaryllis3
1102 2029 1171 2086 erui
1184 2027 1314 2086 servitu·

272 2125 350 2190 tem,
367 2134 404 2174 er
420 2131 483 2197 quo
500 2135 550 2175 mo
567 2115 695 2199 reliquit
710 2115 852 2178 Galatea.
868 2119 974 2195 Quum
990 2115 1182 2198 praecesserit
1196 2115 1315 2174 mentio

268 2299 328 2334 rum
338 2294 426 2336 tamen
437 2282 581 2338 bestiarum
594 2287 673 2338 ioetus
683 2283 768 2338 catuli
849 2301 890 2356 ²9·
900 2283 1043 2338 Candidior
1046 2293 1184 2355 postquam
1194 2279 1312 2332 tondenti

269 2363 408 2430 dicuntur,
420 2377 449 2416 ut
461 2365 531 2418 Non.
545 2367 696 2420 Marcellus.
709 2367 768 2417 Vir·
815 2367 894 2418 baria
917 2365 1032 2418 cadebat.
1053 2367 1107 2414 Ant
1126 2363 1238 2414 mutatio
1255 2376 1314 2431 pen

221 2446 224 2454 ’
268 2442 537 2514 pilius,Ge.lll,n45=
548 2448 699 2520 uTempore
711 2465 767 2500 non
813 2463 885 2497 soom
903 2459 959 2511 est,
978 2455 1009 2496 ut
1025 2441 1168 2515 quemdam
1185 2441 1313 2492 rusticum

269 2523 321 2574 ulio
335 2525 484 2577 catulorum
501 2526 586 2579 oblita
601 2526 719 2580 lenna·
736 2525 768 2580 Et
814 2527 976 2596 accipiamus
993 2523 1163 2595 loquentem,
1180 2539 1236 2572 non
1251 2521 1313 2574 Vir·

267 2600 770 2677 eodcmlibro,437:uCumpositisno-
813 2605 926 2677 gilium,
951 2621 1000 2675 per
1022 2602 1171 2668 stimulas.
1194 2601 1262 2653 Nam
1283 2611 1312 2650 ut

269 2683 770 2754 rutenus-iisnitidusqusjuventavol·
813 2683 943 2747 diximus,
961 2683 1069 2734 xxvm
1081 2697 1212 2733 annorum
1228 2681 1313 2750 scrip-

268 2759 355 2822 situr,
372 2774 419 2811 aut
437 2761 541 2813 catulos
556 2765 636 2816 tectis
654 2776 700 2815 aut
717 2780 769 2815 ova
813 2765 847 2814 sit
854 2763 988 2816 Bucolica.
996 2763 1049 2814 Aut
1057 2775 1128 2815 certe
1138 2774 1178 2813 est
1186 2759 1313 2812 mutanda

269 2835 430 2908 relinquens.
443 2859 454 2885 ι
467 2839 551 2892 ΡΙιιιι.
565 2843 592 2891 in
603 2841 683 2893 Truc.
697 2845 729 2907 ll,
741 2859 766 2908 a,
813 2841 950 2894 distinctio
962 2866 967 2894 :
980 2855 1009 2895 ut
1022 2846 1056 2898 ait
1067 2861 1121 2895 non
1134 2842 1211 2893 barba
1223 2837 1314 2892 condi·

271 2917 315 2968 13:
332 2917 768 2993 Quariamoutulot,pedibutpro·
811 2923 888 2989 dior,
908 2923 955 2976 sed
977 2924 1088 2976 libertos.
1112 2925 1181 2975 Nam
1204 2921 1313 2974 XXVlll

268 3007 431 3064 teram,etc.
447 2996 625 3066 Plaudrusd,
640 3003 685 3054 ab:
701 2999 768 3058 Vul-
813 3021 944 3056 annorum
972 3003 1083 3056 barbam
1111 3017 1200 3075 potest
1227 3003 1312 3076 quirit

266 3077 344 3150 pinos
362 3074 468 3129 catulos.
488 3077 558 3129 Gitat
574 3079 646 3131 hunc
662 3095 767 3133 renum
812 3085 934 3136 mittere:
948 3082 1061 3135 sednon
1075 3101 1177 3136 canam.
1195 3083 1226 3134 ur
1245 3083 1312 3134 bene

267 3157 406 3210 Columell.
419 3157 472 3224 lll,
483 3171 517 3225 9:
536 3159 608 3230 quod
618 3169 713 3210 notura
725 3179 768 3212 so-
813 3162 953 3214 candidior
963 3161 1081 3214 libcrtas:
1095 3175 1124 3214 ut
1135 3161 1312 3234 intelligamus

267 3235 352 3292 lolem
364 3235 526 3290 suisimilem
534 3238 671 3310 producut.
682 3241 766 3291 Emm.
812 3245 893 3294 etiarn
911 3256 972 3295 ante
989 3245 1015 3294 in
1035 3243 1175 3308 libertate,
1194 3240 1311 3294 sednon

304 3336 345 3388 ²7·
359 3319 395 3370 Et
405 3335 465 3391 quae
477 3319 623 3389 tantufuit.
634 3321 699 3388 Quae
710 3333 768 3372 tau·
811 3321 873 3383 tali,
882 3323 964 3373 luisse
972 3321 1119 3393 Virgilium.
1133 3321 1313 3371 Seru—Bur·

267 3413 317 3453 tn:
336 3399 370 3452 ad
386 3417 511 3472 magnum
524 3401 595 3452 enim
609 3401 711 3472 aliquid
726 3403 768 3452 ni·
812 3400 844 3451 bn
857 3400 1310 3452 caretascomssriamsententiam

267 3480 322 3532 mia
342 3481 486 3530 necessitas
506 3481 597 3531 venire
621 3481 764 3553 compellit.
812 3477 1311 3552 dejuveutnte,etcmnmodulopene

268 3556 346 3610 Unde
359 3563 435 3627 quasi
444 3560 556 3609 mit-ntur
564 3558 698 3612 bominum
709 3577 768 3612 rus·
811 3561 960 3633 Virgiliano
971 3561 1098 3626 Juvenal,
1112 3564 1149 3612 ita
1162 3561 1254 3613 extulit
1266 3560 1312 3612 Sa·

268 3647 352 3687 ticum
366 3635 477 3685 Romam
494 3634 584 3687 ridere
596 3641 723 3706 potuisse.
739 3639 764 3691 S.
811 3651 861 3712 tyr.
875 3643 895 3706 l,
910 3642 942 3694 25
952 3661 959 3692 s
971 3641 1030 3712 Quo
1040 3641 1160 3692 tondente
1169 3640 1257 3712 prauis
1264 3641 1309 3711 ju·

304 3713 346 3765 aa.
363 3713 483 3782 Respexit
495 3713 611 3765 inertem.
624 3716 765 3784 Desidem,
810 3721 872 3772 neni
893 3719 963 3771 mili
984 3721 1063 3772 barba
1083 3720 1199 3772 sonabat.
1225 3721 1310 3787 Quem

266 3811 324 3846 sese
336 3809 390 3843 non
401 3792 587 3861 requirentem.
596 3794 664 3845 Nam
674 3796 765 3868 culpat
811 3817 916 3851 vorsum
925 3801 1031 3870 repetit.
1043 3798 1098 3851 Sat.
1107 3797 1140 3864 X,
1151 3799 1210 3850 2²6.
1218 3798 1309 3850 Cerdo.

266 3891 343 3926 suam
354 3871 477 3923 inertiam
488 3870 562 3942 qood
575 3889 629 3924 non
642 3887 702 3926 anto
714 3877 764 3926 llo·
845 3879 888 3931 3¹.
901 3879 1005 3943 Habet,
1022 3891 1073 3931 otc.
1086 3877 1244 3928 Amantibus
1256 3875 1309 3928 sol·

265 3971 336 4006 mam
348 3952 423 4017 ierit,
438 3963 463 4002 et
476 3952 511 4002 sit
526 3969 590 4003 usus
603 3969 671 4022 puer
686 3953 765 4008 liber·
809 3958 900 4012 lenuis
912 3957 1009 4024 verbu,
1021 3958 1138 4022 Habete,
1150 3969 1189 4020 et,
1202 3958 1307 4009 Tenere.

265 4049 336 4098 tate,
355 4051 409 4105 qua
427 4034 466 4084 uti
485 4033 566 4106 coepit
588 4037 764 4106 provectioris
809 4039 850 4089 lta
869 4037 923 4089 Ecl.
941 4039 992 4102 lll,
1015 4053 1080 4108 ¹⁰7²
1102 4034 1230 4108 Phyllida
1241 4036 1310 4088 sotus

264 4116 359 4170 artatis.
373 4113 443 4166 Seru.
810 4116 910 4172 tabeo.
923 4117 1000 4173 olid.
1014 4117 1062 4192 up.
1074 4116 1183 4174 Heroid.
1194 4117 1228 4186 ll,
1244 4115 1306 4172 toda
