<?xml version="1.0" encoding="UTF-8"?>
<!DOCTYPE html PUBLIC "-//W3C//DTD XHTML 1.0 Transitional//EN"
    "http://www.w3.org/TR/xhtml1/DTD/xhtml1-transitional.dtd">
<html xmlns="http://www.w3.org/1999/xhtml" xml:lang="en" lang="en">
 <head>
  <title>
</title>
<meta http-equiv="Content-Type" content="text/html;charset=utf-8" />
  <meta name='ocr-system' content='tesseract 3.04.00' />
  <meta name='ocr-capabilities' content='ocr_page ocr_carea ocr_par ocr_line ocrx_word'/>
</head>
<body>
  <div class='ocr_page' id='page_1' title='image "./pvirgiliusmaroq04barbgoog_0597.png"; bbox 0 0 2998 4670; ppageno 0'>
   <div class='ocr_carea' id='block_1_1' title="bbox 363 435 1213 508">
    <p class='ocr_par' dir='ltr' id='par_1_1' title="bbox 363 435 1213 508">
     <span class='ocr_line' id='line_1_1' title="bbox 363 435 1213 508; baseline -0.001 0"><span class='ocrx_word' id='word_1_1' title='bbox 363 442 416 508; x_wconf 84' lang='lat' dir='ltr'><strong>IN</strong></span> <span class='ocrx_word' id='word_1_2' title='bbox 438 435 824 507; x_wconf 86' lang='lat' dir='ltr'><strong>GEORGICORUM</strong></span> <span class='ocrx_word' id='word_1_3' title='bbox 846 439 940 504; x_wconf 89' lang='lat' dir='ltr'><strong>LlB.</strong></span> <span class='ocrx_word' id='word_1_4' title='bbox 965 441 1028 505; x_wconf 85' lang='lat' dir='ltr'><strong>lV.</strong></span> <span class='ocrx_word' id='word_1_5' title='bbox 1149 439 1213 508; x_wconf 83' lang='lat'><strong>613</strong></span> 
     </span>
    </p>
   </div>
   <div class='ocr_carea' id='block_1_2' title="bbox 171 557 1218 2238">
    <p class='ocr_par' dir='ltr' id='par_1_2' title="bbox 174 557 1218 1437">
     <span class='ocr_line' id='line_1_2' title="bbox 178 557 1217 645; baseline 0 -22"><span class='ocrx_word' id='word_1_6' title='bbox 178 581 255 645; x_wconf 89' lang='lat' dir='ltr'><strong>que;</strong></span> <span class='ocrx_word' id='word_1_7' title='bbox 272 560 385 624; x_wconf 86' lang='lat' dir='ltr'><strong>deinde</strong></span> <span class='ocrx_word' id='word_1_8' title='bbox 403 563 470 622; x_wconf 81' lang='lat' dir='ltr'><strong>vult</strong></span> <span class='ocrx_word' id='word_1_9' title='bbox 491 561 554 622; x_wconf 90' lang='lat' dir='ltr'><strong>duo</strong></span> <span class='ocrx_word' id='word_1_10' title='bbox 574 563 666 636; x_wconf 86' lang='lat' dir='ltr'><strong>scire,</strong></span> <span class='ocrx_word' id='word_1_11' title='bbox 688 581 752 643; x_wconf 89' lang='lat' dir='ltr'><strong>quo</strong></span> <span class='ocrx_word' id='word_1_12' title='bbox 768 557 900 641; x_wconf 88' lang='lat' dir='ltr'><strong>jubente</strong></span> <span class='ocrx_word' id='word_1_13' title='bbox 918 581 990 622; x_wconf 85' lang='lat' dir='ltr'><strong>eum</strong></span> <span class='ocrx_word' id='word_1_14' title='bbox 1009 581 1102 623; x_wconf 86' lang='lat' dir='ltr'><strong>ausus</strong></span> <span class='ocrx_word' id='word_1_15' title='bbox 1123 561 1217 624; x_wconf 83' lang='lat' dir='ltr'><strong>fuerit</strong></span> 
     </span>
     <span class='ocr_line' id='line_1_3' title="bbox 178 648 1216 732; baseline 0.001 -24"><span class='ocrx_word' id='word_1_16' title='bbox 178 649 279 725; x_wconf 84' lang='lat' dir='ltr'><strong>adire,</strong></span> <span class='ocrx_word' id='word_1_17' title='bbox 300 665 330 712; x_wconf 87' lang='lat' dir='ltr'><strong>et</strong></span> <span class='ocrx_word' id='word_1_18' title='bbox 348 652 425 732; x_wconf 92' lang='lat' dir='ltr'><strong>quid</strong></span> <span class='ocrx_word' id='word_1_19' title='bbox 443 650 524 711; x_wconf 88' lang='lat' dir='ltr'><strong>velit.</strong></span> <span class='ocrx_word' id='word_1_20' title='bbox 544 648 720 732; x_wconf 81' lang='lat' dir='ltr'>Respondet</span> <span class='ocrx_word' id='word_1_21' title='bbox 734 651 859 732; x_wconf 87' lang='lat' dir='ltr'><strong>utrique</strong></span> <span class='ocrx_word' id='word_1_22' title='bbox 877 651 920 708; x_wconf 89' lang='lat' dir='ltr'><strong>rei</strong></span> <span class='ocrx_word' id='word_1_23' title='bbox 938 653 1104 712; x_wconf 79' lang='lat' dir='ltr'><strong>dristaeus:</strong></span> <span class='ocrx_word' id='word_1_24' title='bbox 1125 669 1216 731; x_wconf 77' lang='lat' dir='ltr'><strong>rogas</strong></span> 
     </span>
     <span class='ocr_line' id='line_1_4' title="bbox 177 736 1216 820; baseline 0.003 -25"><span class='ocrx_word' id='word_1_25' title='bbox 177 736 252 817; x_wconf 88' lang='lat' dir='ltr'><strong>quid</strong></span> <span class='ocrx_word' id='word_1_26' title='bbox 271 737 381 798; x_wconf 76' lang='lat' dir='ltr'><strong>velim?</strong></span> <span class='ocrx_word' id='word_1_27' title='bbox 399 751 430 798; x_wconf 89' lang='lat' dir='ltr'><strong>at</strong></span> <span class='ocrx_word' id='word_1_28' title='bbox 443 741 502 800; x_wconf 90' lang='lat' dir='ltr'><strong>scis</strong></span> <span class='ocrx_word' id='word_1_29' title='bbox 519 741 599 820; x_wconf 87' lang='lat' dir='ltr'><strong>ipse,</strong></span> <span class='ocrx_word' id='word_1_30' title='bbox 620 750 649 796; x_wconf 90' lang='lat' dir='ltr'><strong>et</strong></span> <span class='ocrx_word' id='word_1_31' title='bbox 665 757 736 797; x_wconf 82' lang='lat' dir='ltr'><strong>vere</strong></span> <span class='ocrx_word' id='word_1_32' title='bbox 752 738 830 811; x_wconf 89' lang='lat' dir='ltr'><strong>scis;</strong></span> <span class='ocrx_word' id='word_1_33' title='bbox 851 757 950 819; x_wconf 84' lang='lat' dir='ltr'><strong>neque</strong></span> <span class='ocrx_word' id='word_1_34' title='bbox 967 740 1051 798; x_wconf 89' lang='lat' dir='ltr'><strong>euim</strong></span> <span class='ocrx_word' id='word_1_35' title='bbox 1068 741 1216 820; x_wconf 84' lang='lat' dir='ltr'><strong>cuiquam</strong></span> 
     </span>
     <span class='ocr_line' id='line_1_5' title="bbox 176 825 1218 908; baseline 0.004 -24"><span class='ocrx_word' id='word_1_36' title='bbox 176 825 285 887; x_wconf 91' lang='lat' dir='ltr'><strong>datum</strong></span> <span class='ocrx_word' id='word_1_37' title='bbox 300 841 346 888; x_wconf 85' lang='lat' dir='ltr'><strong>est</strong></span> <span class='ocrx_word' id='word_1_38' title='bbox 360 842 388 888; x_wconf 92' lang='lat' dir='ltr'><strong>te</strong></span> <span class='ocrx_word' id='word_1_39' title='bbox 401 827 521 902; x_wconf 81' lang='lat' dir='ltr'><strong>fallere3</strong></span> <span class='ocrx_word' id='word_1_40' title='bbox 539 847 644 908; x_wconf 79' lang='lat' dir='ltr'><strong>rogas,</strong></span> <span class='ocrx_word' id='word_1_41' title='bbox 660 847 723 906; x_wconf 90' lang='lat' dir='ltr'><strong>quo</strong></span> <span class='ocrx_word' id='word_1_42' title='bbox 731 825 862 906; x_wconf 86' lang='lat' dir='ltr'><strong>jubente</strong></span> <span class='ocrx_word' id='word_1_43' title='bbox 874 825 936 887; x_wconf 91' lang='lat' dir='ltr'><strong>huc</strong></span> <span class='ocrx_word' id='word_1_44' title='bbox 950 828 1148 888; x_wconf 81' lang='lat' dir='ltr'><strong>accesserim?</strong></span> <span class='ocrx_word' id='word_1_45' title='bbox 1163 827 1218 888; x_wconf 86' lang='lat' dir='ltr'><strong>ds·</strong></span> 
     </span>
     <span class='ocr_line' id='line_1_6' title="bbox 176 915 1218 1000; baseline 0.004 -25"><span class='ocrx_word' id='word_1_46' title='bbox 176 915 243 975; x_wconf 89' lang='lat' dir='ltr'><strong>sine</strong></span> <span class='ocrx_word' id='word_1_47' title='bbox 256 916 334 978; x_wconf 80' lang='lat' dir='ltr'><strong>velle</strong></span> <span class='ocrx_word' id='word_1_48' title='bbox 348 921 406 978; x_wconf 88' lang='lat' dir='ltr'><strong>ista</strong></span> <span class='ocrx_word' id='word_1_49' title='bbox 420 937 568 1000; x_wconf 82' lang='lat' dir='ltr'><strong>quoerere3</strong></span> <span class='ocrx_word' id='word_1_50' title='bbox 581 918 663 976; x_wconf 87' lang='lat' dir='ltr'><strong>Deos</strong></span> <span class='ocrx_word' id='word_1_51' title='bbox 676 937 802 998; x_wconf 81' lang='lat' dir='ltr'><strong>sequor3</strong></span> <span class='ocrx_word' id='word_1_52' title='bbox 820 915 864 976; x_wconf 95' lang='lat' dir='ltr'><strong>illi</strong></span> <span class='ocrx_word' id='word_1_53' title='bbox 879 937 928 977; x_wconf 86' lang='lat' dir='ltr'><strong>me</strong></span> <span class='ocrx_word' id='word_1_54' title='bbox 939 916 977 977; x_wconf 86' lang='lat' dir='ltr'><strong>ad</strong></span> <span class='ocrx_word' id='word_1_55' title='bbox 987 930 1017 976; x_wconf 86' lang='lat' dir='ltr'><strong>te</strong></span> <span class='ocrx_word' id='word_1_56' title='bbox 1027 919 1171 994; x_wconf 89' lang='lat' dir='ltr'><strong>mittunt,</strong></span> <span class='ocrx_word' id='word_1_57' title='bbox 1182 931 1218 980; x_wconf 89' lang='lat' dir='ltr'><strong>ut</strong></span> 
     </span>
     <span class='ocr_line' id='line_1_7' title="bbox 176 1003 1217 1086; baseline 0.008 -26"><span class='ocrx_word' id='word_1_58' title='bbox 176 1004 326 1086; x_wconf 77' lang='lat' dir='ltr'><strong>accipiam</strong></span> <span class='ocrx_word' id='word_1_59' title='bbox 344 1027 362 1066; x_wconf 87' lang='lat' dir='ltr'><strong>a</strong></span> <span class='ocrx_word' id='word_1_60' title='bbox 379 1020 409 1066; x_wconf 87' lang='lat' dir='ltr'><strong>te</strong></span> <span class='ocrx_word' id='word_1_61' title='bbox 428 1005 605 1079; x_wconf 87' lang='lat' dir='ltr'><strong>oraculum,</strong></span> <span class='ocrx_word' id='word_1_62' title='bbox 624 1025 688 1086; x_wconf 92' lang='lat' dir='ltr'><strong>quo</strong></span> <span class='ocrx_word' id='word_1_63' title='bbox 705 1006 820 1085; x_wconf 88' lang='lat' dir='ltr'><strong>possim</strong></span> <span class='ocrx_word' id='word_1_64' title='bbox 836 1006 952 1065; x_wconf 88' lang='lat' dir='ltr'><strong>mederi</strong></span> <span class='ocrx_word' id='word_1_65' title='bbox 967 1003 1060 1064; x_wconf 88' lang='lat' dir='ltr'><strong>rebus</strong></span> <span class='ocrx_word' id='word_1_66' title='bbox 1075 1005 1217 1085; x_wconf 86' lang='lat' dir='ltr'><strong>perditis.</strong></span> 
     </span>
     <span class='ocr_line' id='line_1_8' title="bbox 175 1087 1217 1172; baseline 0.004 -24"><span class='ocrx_word' id='word_1_67' title='bbox 175 1087 251 1150; x_wconf 86' lang='lat' dir='ltr'><strong>Haec</strong></span> <span class='ocrx_word' id='word_1_68' title='bbox 263 1105 383 1152; x_wconf 89' lang='lat' dir='ltr'><strong>tantum</strong></span> <span class='ocrx_word' id='word_1_69' title='bbox 392 1093 549 1165; x_wconf 75' lang='lat' dir='ltr'><strong>Aristaeus:</strong></span> <span class='ocrx_word' id='word_1_70' title='bbox 561 1111 654 1172; x_wconf 86' lang='lat' dir='ltr'><strong>quem</strong></span> <span class='ocrx_word' id='word_1_71' title='bbox 665 1092 794 1151; x_wconf 88' lang='lat' dir='ltr'><strong>Proteus</strong></span> <span class='ocrx_word' id='word_1_72' title='bbox 804 1103 891 1152; x_wconf 84' lang='lat' dir='ltr'><strong>torve</strong></span> <span class='ocrx_word' id='word_1_73' title='bbox 902 1094 1048 1167; x_wconf 79' lang='lat' dir='ltr'><strong>intuitus,</strong></span> <span class='ocrx_word' id='word_1_74' title='bbox 1060 1089 1217 1152; x_wconf 84' lang='lat' dir='ltr'><strong>frendens·</strong></span> 
     </span>
     <span class='ocr_line' id='line_1_9' title="bbox 176 1177 1216 1261; baseline 0.005 -25"><span class='ocrx_word' id='word_1_75' title='bbox 176 1197 238 1258; x_wconf 87' lang='lat' dir='ltr'><strong>que</strong></span> <span class='ocrx_word' id='word_1_76' title='bbox 254 1181 433 1242; x_wconf 88' lang='lat' dir='ltr'><strong>immaniter</strong></span> <span class='ocrx_word' id='word_1_77' title='bbox 447 1177 595 1239; x_wconf 75' lang='lat' dir='ltr'><strong>dentibus</strong></span> <span class='ocrx_word' id='word_1_78' title='bbox 612 1178 797 1260; x_wconf 83' lang='lat' dir='ltr'><strong>alloquitur,</strong></span> <span class='ocrx_word' id='word_1_79' title='bbox 819 1179 959 1261; x_wconf 86' lang='lat' dir='ltr'><strong>pandens</strong></span> <span class='ocrx_word' id='word_1_80' title='bbox 973 1179 1153 1240; x_wconf 86' lang='lat' dir='ltr'><strong>oraculum:</strong></span> <span class='ocrx_word' id='word_1_81' title='bbox 1171 1190 1216 1240; x_wconf 85' lang='lat' dir='ltr'><strong>est</strong></span> 
     </span>
     <span class='ocr_line' id='line_1_10' title="bbox 174 1267 1216 1352; baseline 0.004 -28"><span class='ocrx_word' id='word_1_82' title='bbox 174 1282 249 1328; x_wconf 85' lang='lat' dir='ltr'><strong>vero</strong></span> <span class='ocrx_word' id='word_1_83' title='bbox 268 1267 414 1328; x_wconf 87' lang='lat' dir='ltr'><strong>terribilis</strong></span> <span class='ocrx_word' id='word_1_84' title='bbox 430 1267 545 1344; x_wconf 86' lang='lat' dir='ltr'><strong>oculis,</strong></span> <span class='ocrx_word' id='word_1_85' title='bbox 564 1283 594 1329; x_wconf 89' lang='lat' dir='ltr'><strong>et</strong></span> <span class='ocrx_word' id='word_1_86' title='bbox 611 1269 734 1331; x_wconf 87' lang='lat' dir='ltr'><strong>frendet</strong></span> <span class='ocrx_word' id='word_1_87' title='bbox 750 1268 915 1346; x_wconf 87' lang='lat' dir='ltr'><strong>dentibus,</strong></span> <span class='ocrx_word' id='word_1_88' title='bbox 933 1268 1098 1352; x_wconf 81' lang='lat' dir='ltr'><strong>horretque</strong></span> <span class='ocrx_word' id='word_1_89' title='bbox 1114 1281 1216 1345; x_wconf 87' lang='lat' dir='ltr'><strong>totus,</strong></span> 
     </span>
     <span class='ocr_line' id='line_1_11' title="bbox 174 1355 1083 1437; baseline 0.007 -25"><span class='ocrx_word' id='word_1_90' title='bbox 174 1355 248 1434; x_wconf 90' lang='lat' dir='ltr'><strong>quia</strong></span> <span class='ocrx_word' id='word_1_91' title='bbox 260 1357 382 1437; x_wconf 79' lang='lat' dir='ltr'><strong>cogitur</strong></span> <span class='ocrx_word' id='word_1_92' title='bbox 394 1357 510 1418; x_wconf 86' lang='lat' dir='ltr'><strong>invitus</strong></span> <span class='ocrx_word' id='word_1_93' title='bbox 522 1372 553 1418; x_wconf 88' lang='lat' dir='ltr'><strong>et</strong></span> <span class='ocrx_word' id='word_1_94' title='bbox 564 1357 674 1420; x_wconf 90' lang='lat' dir='ltr'><strong>nolens</strong></span> <span class='ocrx_word' id='word_1_95' title='bbox 689 1359 727 1419; x_wconf 86' lang='lat' dir='ltr'><strong>ad</strong></span> <span class='ocrx_word' id='word_1_96' title='bbox 740 1357 896 1420; x_wconf 88' lang='lat' dir='ltr'><strong>edendum</strong></span> <span class='ocrx_word' id='word_1_97' title='bbox 911 1357 1083 1419; x_wconf 89' lang='lat' dir='ltr'><strong>oraculum.</strong></span> 
     </span>
    </p>

    <p class='ocr_par' dir='ltr' id='par_1_3' title="bbox 171 1439 1215 2238">
     <span class='ocr_line' id='line_1_12' title="bbox 210 1439 1215 1529; baseline 0.005 -28"><span class='ocrx_word' id='word_1_98' title='bbox 210 1439 280 1516; x_wconf 72' lang='lat'><strong>453.</strong></span> <span class='ocrx_word' id='word_1_99' title='bbox 295 1447 461 1522; x_wconf 83' lang='lat' dir='ltr'><strong>Exercent,</strong></span> <span class='ocrx_word' id='word_1_100' title='bbox 474 1449 578 1529; x_wconf 92' lang='lat' dir='ltr'><strong>inquit</strong></span> <span class='ocrx_word' id='word_1_101' title='bbox 592 1450 735 1524; x_wconf 89' lang='lat' dir='ltr'><strong>Proteus,</strong></span> <span class='ocrx_word' id='word_1_102' title='bbox 750 1461 796 1525; x_wconf 87' lang='lat' dir='ltr'><strong>te,</strong></span> <span class='ocrx_word' id='word_1_103' title='bbox 809 1470 827 1508; x_wconf 93' lang='lat' dir='ltr'><strong>o</strong></span> <span class='ocrx_word' id='word_1_104' title='bbox 839 1449 979 1523; x_wconf 79' lang='lat' dir='ltr'><strong>Aristaee,</strong></span> <span class='ocrx_word' id='word_1_105' title='bbox 990 1449 1043 1508; x_wconf 85' lang='lat' dir='ltr'><strong>irae</strong></span> <span class='ocrx_word' id='word_1_106' title='bbox 1053 1445 1215 1528; x_wconf 86' lang='lat' dir='ltr'><strong>cujusdam</strong></span> 
     </span>
     <span class='ocr_line' id='line_1_13' title="bbox 172 1527 1215 1619; baseline 0.009 -32"><span class='ocrx_word' id='word_1_107' title='bbox 172 1527 317 1593; x_wconf 83' lang='lat' dir='ltr'><strong>Numinis</strong></span> <span class='ocrx_word' id='word_1_108' title='bbox 338 1537 562 1615; x_wconf 85' lang='lat' dir='ltr'><strong>potentissimi,</strong></span> <span class='ocrx_word' id='word_1_109' title='bbox 581 1550 612 1598; x_wconf 86' lang='lat' dir='ltr'><strong>et</strong></span> <span class='ocrx_word' id='word_1_110' title='bbox 632 1535 711 1598; x_wconf 89' lang='lat' dir='ltr'><strong>ultio</strong></span> <span class='ocrx_word' id='word_1_111' title='bbox 732 1539 949 1619; x_wconf 85' lang='lat' dir='ltr'><strong>persequitur:</strong></span> <span class='ocrx_word' id='word_1_112' title='bbox 972 1535 1068 1597; x_wconf 84' lang='lat' dir='ltr'><strong>solvis</strong></span> <span class='ocrx_word' id='word_1_113' title='bbox 1087 1556 1215 1617; x_wconf 88' lang='lat' dir='ltr'><strong>poenam</strong></span> 
     </span>
     <span class='ocr_line' id='line_1_14' title="bbox 172 1621 1215 1707; baseline 0.006 -30"><span class='ocrx_word' id='word_1_114' title='bbox 172 1621 279 1700; x_wconf 72' lang='lat' dir='ltr'><strong>magni</strong></span> <span class='ocrx_word' id='word_1_115' title='bbox 288 1621 422 1700; x_wconf 89' lang='lat' dir='ltr'><strong>sceleris,</strong></span> <span class='ocrx_word' id='word_1_116' title='bbox 434 1624 519 1706; x_wconf 92' lang='lat' dir='ltr'><strong>quod</strong></span> <span class='ocrx_word' id='word_1_117' title='bbox 531 1624 685 1686; x_wconf 84' lang='lat' dir='ltr'><strong>admisisti</strong></span> <span class='ocrx_word' id='word_1_118' title='bbox 698 1649 704 1684; x_wconf 93' lang='lat'><strong>:</strong></span> <span class='ocrx_word' id='word_1_119' title='bbox 721 1625 829 1686; x_wconf 82' lang='lat' dir='ltr'><strong>infelix</strong></span> <span class='ocrx_word' id='word_1_120' title='bbox 841 1624 1000 1707; x_wconf 89' lang='lat' dir='ltr'><strong>Orpheus,</strong></span> <span class='ocrx_word' id='word_1_121' title='bbox 1013 1625 1215 1685; x_wconf 85' lang='lat' dir='ltr'><strong>miseratione</strong></span> 
     </span>
     <span class='ocr_line' id='line_1_15' title="bbox 173 1702 1214 1795; baseline 0.006 -31"><span class='ocrx_word' id='word_1_122' title='bbox 173 1702 302 1786; x_wconf 75' lang='lat' dir='ltr'><strong>dignus,</strong></span> <span class='ocrx_word' id='word_1_123' title='bbox 315 1711 348 1770; x_wconf 90' lang='lat' dir='ltr'><strong>in</strong></span> <span class='ocrx_word' id='word_1_124' title='bbox 361 1726 392 1772; x_wconf 89' lang='lat' dir='ltr'><strong>te</strong></span> <span class='ocrx_word' id='word_1_125' title='bbox 403 1715 504 1787; x_wconf 80' lang='lat' dir='ltr'><strong>sterit,</strong></span> <span class='ocrx_word' id='word_1_126' title='bbox 520 1727 551 1774; x_wconf 85' lang='lat' dir='ltr'><strong>et</strong></span> <span class='ocrx_word' id='word_1_127' title='bbox 563 1734 685 1795; x_wconf 84' lang='lat' dir='ltr'><strong>poenas,</strong></span> <span class='ocrx_word' id='word_1_128' title='bbox 702 1716 838 1773; x_wconf 86' lang='lat' dir='ltr'><strong>minores</strong></span> <span class='ocrx_word' id='word_1_129' title='bbox 850 1711 953 1772; x_wconf 86' lang='lat' dir='ltr'><strong>adhuc</strong></span> <span class='ocrx_word' id='word_1_130' title='bbox 966 1733 1061 1794; x_wconf 87' lang='lat' dir='ltr'><strong>quam</strong></span> <span class='ocrx_word' id='word_1_131' title='bbox 1071 1725 1103 1771; x_wconf 92' lang='lat' dir='ltr'><strong>tu</strong></span> <span class='ocrx_word' id='word_1_132' title='bbox 1117 1730 1214 1770; x_wconf 90' lang='lat' dir='ltr'><strong>mere·</strong></span> 
     </span>
     <span class='ocr_line' id='line_1_16' title="bbox 171 1793 1215 1882; baseline 0.004 -30"><span class='ocrx_word' id='word_1_133' title='bbox 171 1793 230 1868; x_wconf 90' lang='lat' dir='ltr'><strong>ris,</strong></span> <span class='ocrx_word' id='word_1_134' title='bbox 245 1799 388 1876; x_wconf 89' lang='lat' dir='ltr'><strong>suscitat,</strong></span> <span class='ocrx_word' id='word_1_135' title='bbox 402 1802 461 1860; x_wconf 90' lang='lat' dir='ltr'><strong>nisi</strong></span> <span class='ocrx_word' id='word_1_136' title='bbox 471 1800 536 1862; x_wconf 84' lang='lat' dir='ltr'><strong>fata</strong></span> <span class='ocrx_word' id='word_1_137' title='bbox 547 1803 687 1874; x_wconf 71' lang='lat' dir='ltr'><strong>obstent:</strong></span> <span class='ocrx_word' id='word_1_138' title='bbox 698 1800 845 1882; x_wconf 84' lang='lat' dir='ltr'><strong>Orpheus</strong></span> <span class='ocrx_word' id='word_1_139' title='bbox 855 1803 953 1860; x_wconf 87' lang='lat' dir='ltr'><strong>iratus</strong></span> <span class='ocrx_word' id='word_1_140' title='bbox 964 1799 996 1858; x_wconf 87' lang='lat' dir='ltr'><strong>in</strong></span> <span class='ocrx_word' id='word_1_141' title='bbox 1007 1811 1036 1858; x_wconf 88' lang='lat' dir='ltr'><strong>te</strong></span> <span class='ocrx_word' id='word_1_142' title='bbox 1047 1796 1123 1858; x_wconf 85' lang='lat' dir='ltr'><strong>furit</strong></span> <span class='ocrx_word' id='word_1_143' title='bbox 1133 1810 1215 1856; x_wconf 86' lang='lat' dir='ltr'><strong>atro·</strong></span> 
     </span>
     <span class='ocr_line' id='line_1_17' title="bbox 172 1881 1214 1970; baseline 0.004 -30"><span class='ocrx_word' id='word_1_144' title='bbox 172 1881 263 1956; x_wconf 88' lang='lat' dir='ltr'><strong>citer,</strong></span> <span class='ocrx_word' id='word_1_145' title='bbox 284 1887 369 1967; x_wconf 92' lang='lat' dir='ltr'><strong>quod</strong></span> <span class='ocrx_word' id='word_1_146' title='bbox 384 1887 512 1970; x_wconf 86' lang='lat' dir='ltr'><strong>propter</strong></span> <span class='ocrx_word' id='word_1_147' title='bbox 527 1902 557 1950; x_wconf 92' lang='lat' dir='ltr'><strong>te</strong></span> <span class='ocrx_word' id='word_1_148' title='bbox 570 1910 698 1950; x_wconf 87' lang='lat' dir='ltr'><strong>uxorem</strong></span> <span class='ocrx_word' id='word_1_149' title='bbox 715 1891 851 1950; x_wconf 81' lang='lat' dir='ltr'><strong>amiserit</strong></span> <span class='ocrx_word' id='word_1_150' title='bbox 865 1885 1058 1969; x_wconf 75' lang='lat' dir='ltr'><strong>Eurydicen:</strong></span> <span class='ocrx_word' id='word_1_151' title='bbox 1075 1884 1128 1944; x_wconf 91' lang='lat' dir='ltr'><strong>illa</strong></span> <span class='ocrx_word' id='word_1_152' title='bbox 1143 1887 1214 1965; x_wconf 92' lang='lat' dir='ltr'><strong>qui-</strong></span> 
     </span>
     <span class='ocr_line' id='line_1_18' title="bbox 172 1965 1213 2061; baseline 0.005 -31"><span class='ocrx_word' id='word_1_153' title='bbox 172 1965 251 2046; x_wconf 89' lang='lat' dir='ltr'><strong>dem,</strong></span> <span class='ocrx_word' id='word_1_154' title='bbox 263 1986 292 2034; x_wconf 84' lang='lat' dir='ltr'><strong>te</strong></span> <span class='ocrx_word' id='word_1_155' title='bbox 302 1975 472 2056; x_wconf 90' lang='lat' dir='ltr'><strong>aliquando</strong></span> <span class='ocrx_word' id='word_1_156' title='bbox 481 1976 604 2060; x_wconf 78' lang='lat' dir='ltr'><strong>fugiens</strong></span> <span class='ocrx_word' id='word_1_157' title='bbox 615 2000 670 2061; x_wconf 85' lang='lat' dir='ltr'><strong>per</strong></span> <span class='ocrx_word' id='word_1_158' title='bbox 680 1982 780 2060; x_wconf 86' lang='lat' dir='ltr'><strong>ripam</strong></span> <span class='ocrx_word' id='word_1_159' title='bbox 791 1979 945 2053; x_wconf 84' lang='lat' dir='ltr'><strong>fluminis,</strong></span> <span class='ocrx_word' id='word_1_160' title='bbox 954 1975 1098 2038; x_wconf 88' lang='lat' dir='ltr'><strong>currendi</strong></span> <span class='ocrx_word' id='word_1_161' title='bbox 1108 1972 1213 2035; x_wconf 88' lang='lat' dir='ltr'><strong>studio</strong></span> 
     </span>
     <span class='ocr_line' id='line_1_19' title="bbox 171 2051 1214 2139; baseline 0.006 -25"><span class='ocrx_word' id='word_1_162' title='bbox 171 2051 309 2139; x_wconf 81' lang='lat' dir='ltr'><strong>hydrum</strong></span> <span class='ocrx_word' id='word_1_163' title='bbox 321 2083 386 2124; x_wconf 94' lang='lat' dir='ltr'><strong>non</strong></span> <span class='ocrx_word' id='word_1_164' title='bbox 401 2063 481 2126; x_wconf 83' lang='lat' dir='ltr'><strong>vidit</strong></span> <span class='ocrx_word' id='word_1_165' title='bbox 492 2065 640 2127; x_wconf 84' lang='lat' dir='ltr'><strong>latentem</strong></span> <span class='ocrx_word' id='word_1_166' title='bbox 654 2069 686 2128; x_wconf 89' lang='lat' dir='ltr'><strong>in</strong></span> <span class='ocrx_word' id='word_1_167' title='bbox 699 2065 797 2128; x_wconf 86' lang='lat' dir='ltr'><strong>herba</strong></span> <span class='ocrx_word' id='word_1_168' title='bbox 810 2091 816 2126; x_wconf 96' lang='lat'><strong>:</strong></span> <span class='ocrx_word' id='word_1_169' title='bbox 830 2065 869 2126; x_wconf 92' lang='lat' dir='ltr'><strong>ab</strong></span> <span class='ocrx_word' id='word_1_170' title='bbox 882 2086 918 2126; x_wconf 88' lang='lat' dir='ltr'><strong>co</strong></span> <span class='ocrx_word' id='word_1_171' title='bbox 933 2084 1036 2125; x_wconf 88' lang='lat' dir='ltr'><strong>morsa</strong></span> <span class='ocrx_word' id='word_1_172' title='bbox 1050 2074 1112 2138; x_wconf 86' lang='lat' dir='ltr'><strong>est,</strong></span> <span class='ocrx_word' id='word_1_173' title='bbox 1124 2059 1164 2122; x_wconf 91' lang='lat' dir='ltr'><strong>ab</strong></span> <span class='ocrx_word' id='word_1_174' title='bbox 1177 2081 1214 2120; x_wconf 89' lang='lat' dir='ltr'><strong>eo</strong></span> 
     </span>
     <span class='ocr_line' id='line_1_20' title="bbox 171 2145 987 2238; baseline 0.01 -34"><span class='ocrx_word' id='word_1_175' title='bbox 171 2145 304 2227; x_wconf 81' lang='lat' dir='ltr'><strong>interiit3</strong></span> <span class='ocrx_word' id='word_1_176' title='bbox 316 2153 370 2213; x_wconf 83' lang='lat' dir='ltr'><strong>sed</strong></span> <span class='ocrx_word' id='word_1_177' title='bbox 384 2166 418 2215; x_wconf 90' lang='lat' dir='ltr'><strong>tu</strong></span> <span class='ocrx_word' id='word_1_178' title='bbox 430 2177 534 2218; x_wconf 85' lang='lat' dir='ltr'><strong>caussa</strong></span> <span class='ocrx_word' id='word_1_179' title='bbox 547 2160 672 2234; x_wconf 88' lang='lat' dir='ltr'><strong>mortis,</strong></span> <span class='ocrx_word' id='word_1_180' title='bbox 684 2161 758 2238; x_wconf 86' lang='lat' dir='ltr'><strong>quis</strong></span> <span class='ocrx_word' id='word_1_181' title='bbox 772 2177 880 2217; x_wconf 87' lang='lat' dir='ltr'><strong>caussa</strong></span> <span class='ocrx_word' id='word_1_182' title='bbox 894 2153 987 2233; x_wconf 75' lang='lat' dir='ltr'><strong>fugae.</strong></span> 
     </span>
    </p>
   </div>
   <div class='ocr_carea' id='block_1_3' title="bbox 137 2297 1277 4128">
    <p class='ocr_par' dir='ltr' id='par_1_4' title="bbox 137 2297 1277 4128">
     <span class='ocr_line' id='line_1_21' title="bbox 171 2297 1212 2382; baseline 0.004 -35"><span class='ocrx_word' id='word_1_183' title='bbox 171 2297 223 2348; x_wconf 87' lang='lat' dir='ltr'><strong>tius</strong></span> <span class='ocrx_word' id='word_1_184' title='bbox 239 2301 267 2352; x_wconf 89' lang='lat' dir='ltr'><strong>in</strong></span> <span class='ocrx_word' id='word_1_185' title='bbox 284 2303 458 2360; x_wconf 83' lang='lat' dir='ltr'><strong>Phormione:</strong></span> <span class='ocrx_word' id='word_1_186' title='bbox 473 2311 543 2361; x_wconf 82' lang='lat' dir='ltr'><strong>Nam</strong></span> <span class='ocrx_word' id='word_1_187' title='bbox 561 2327 619 2382; x_wconf 82' lang='lat' dir='ltr'><strong>qua:</strong></span> <span class='ocrx_word' id='word_1_188' title='bbox 634 2321 670 2362; x_wconf 85' lang='lat' dir='ltr'><strong>est</strong></span> <span class='ocrx_word' id='word_1_189' title='bbox 713 2309 741 2360; x_wconf 89' lang='lat' dir='ltr'><strong>di</strong></span> <span class='ocrx_word' id='word_1_190' title='bbox 760 2309 895 2360; x_wconf 85' lang='lat' dir='ltr'><strong>luculenta</strong></span> <span class='ocrx_word' id='word_1_191' title='bbox 916 2304 1061 2375; x_wconf 86' lang='lat' dir='ltr'><strong>descriptio</strong></span> <span class='ocrx_word' id='word_1_192' title='bbox 1078 2313 1133 2368; x_wconf 86' lang='lat' dir='ltr'><strong>est,</strong></span> <span class='ocrx_word' id='word_1_193' title='bbox 1153 2301 1212 2352; x_wconf 79' lang='lat' dir='ltr'><strong>AEn.</strong></span> 
     </span>
     <span class='ocr_line' id='line_1_22' title="bbox 172 2373 940 2458; baseline 0.005 -28"><span class='ocrx_word' id='word_1_194' title='bbox 172 2373 225 2428; x_wconf 58' lang='grc' dir='ltr'><strong>ἧσο</strong></span> <span class='ocrx_word' id='word_1_195' title='bbox 238 2397 304 2432; x_wconf 86' lang='lat' dir='ltr'><strong>anus</strong></span> <span class='ocrx_word' id='word_1_196' title='bbox 316 2383 426 2454; x_wconf 74' lang='lat' dir='ltr'><strong>afratoe</strong></span> <span class='ocrx_word' id='word_1_197' title='bbox 440 2405 534 2458; x_wconf 73' lang='lat' dir='ltr'><strong>eqressa</strong></span> <span class='ocrx_word' id='word_1_198' title='bbox 548 2391 624 2438; x_wconf 84' lang='lat' dir='ltr'><strong>meo?</strong></span> <span class='ocrx_word' id='word_1_199' title='bbox 641 2388 666 2438; x_wconf 91' lang='lat' dir='ltr'><strong>S.</strong></span> <span class='ocrx_word' id='word_1_200' title='bbox 712 2389 760 2452; x_wconf 84' lang='lat' dir='ltr'><strong>vt,</strong></span> <span class='ocrx_word' id='word_1_201' title='bbox 777 2405 818 2456; x_wconf 79' lang='lat'><strong>77.</strong></span> <span class='ocrx_word' id='word_1_202' title='bbox 833 2387 940 2438; x_wconf 79' lang='lat' dir='ltr'><strong>Taulm.</strong></span> 
     </span>
     <span class='ocr_line' id='line_1_23' title="bbox 169 2457 1213 2538; baseline -0.003 -23"><span class='ocrx_word' id='word_1_203' title='bbox 169 2481 205 2494; x_wconf 87' lang='lat'><strong>·-</strong></span> <span class='ocrx_word' id='word_1_204' title='bbox 215 2457 328 2514; x_wconf 66' lang='lat' dir='ltr'><strong>Nostrae.</strong></span> <span class='ocrx_word' id='word_1_205' title='bbox 339 2461 429 2515; x_wconf 87' lang='lat' dir='ltr'><strong>Ordo:</strong></span> <span class='ocrx_word' id='word_1_206' title='bbox 442 2466 575 2537; x_wconf 83' lang='lat' dir='ltr'><strong>quisnam,</strong></span> <span class='ocrx_word' id='word_1_207' title='bbox 586 2463 667 2538; x_wconf 85' lang='lat' dir='ltr'><strong>confi·</strong></span> <span class='ocrx_word' id='word_1_208' title='bbox 747 2467 808 2533; x_wconf 71' lang='lat'><strong>453.</strong></span> <span class='ocrx_word' id='word_1_209' title='bbox 817 2469 878 2520; x_wconf 88' lang='lat' dir='ltr'><strong>Non</strong></span> <span class='ocrx_word' id='word_1_210' title='bbox 889 2462 995 2516; x_wconf 88' lang='lat' dir='ltr'><strong>nullius.</strong></span> <span class='ocrx_word' id='word_1_211' title='bbox 1004 2461 1034 2514; x_wconf 93' lang='lat' dir='ltr'><strong>ld</strong></span> <span class='ocrx_word' id='word_1_212' title='bbox 1042 2473 1095 2526; x_wconf 88' lang='lat' dir='ltr'><strong>est,</strong></span> <span class='ocrx_word' id='word_1_213' title='bbox 1103 2477 1156 2510; x_wconf 89' lang='lat' dir='ltr'><strong>non</strong></span> <span class='ocrx_word' id='word_1_214' title='bbox 1164 2459 1213 2512; x_wconf 83' lang='lat' dir='ltr'><strong>hu·</strong></span> 
     </span>
     <span class='ocr_line' id='line_1_24' title="bbox 169 2533 1212 2615; baseline 0.003 -28"><span class='ocrx_word' id='word_1_215' title='bbox 169 2533 326 2606; x_wconf 63' lang='lat' dir='ltr'><strong>densissime,</strong></span> <span class='ocrx_word' id='word_1_216' title='bbox 339 2562 388 2615; x_wconf 93' lang='lat' dir='ltr'><strong>pro</strong></span> <span class='ocrx_word' id='word_1_217' title='bbox 401 2544 591 2610; x_wconf 81' lang='lat' dir='ltr'><strong>audacissime,</strong></span> <span class='ocrx_word' id='word_1_218' title='bbox 603 2565 667 2596; x_wconf 85' lang='lat' dir='ltr'><strong>cou-</strong></span> <span class='ocrx_word' id='word_1_219' title='bbox 711 2545 795 2610; x_wconf 86' lang='lat' dir='ltr'><strong>milis,</strong></span> <span class='ocrx_word' id='word_1_220' title='bbox 807 2545 854 2598; x_wconf 80' lang='lat' dir='ltr'><strong>sed</strong></span> <span class='ocrx_word' id='word_1_221' title='bbox 866 2545 963 2614; x_wconf 65' lang='lat' dir='ltr'><strong>magni.</strong></span> <span class='ocrx_word' id='word_1_222' title='bbox 977 2543 1017 2593; x_wconf 86' lang='lat' dir='ltr'><strong>lta</strong></span> <span class='ocrx_word' id='word_1_223' title='bbox 1027 2543 1084 2594; x_wconf 79' lang='lat' dir='ltr'><strong>AEn.</strong></span> <span class='ocrx_word' id='word_1_224' title='bbox 1097 2539 1141 2590; x_wconf 82' lang='lat' dir='ltr'><strong>XI.</strong></span> <span class='ocrx_word' id='word_1_225' title='bbox 1155 2539 1212 2590; x_wconf 77' lang='lat' dir='ltr'><strong>«Aa</strong></span> 
     </span>
     <span class='ocr_line' id='line_1_25' title="bbox 161 2611 1212 2697; baseline 0.002 -31"><span class='ocrx_word' id='word_1_226' title='bbox 161 2611 303 2686; x_wconf 75' lang='lat' dir='ltr'><strong>fidentiam</strong></span> <span class='ocrx_word' id='word_1_227' title='bbox 316 2624 386 2676; x_wconf 86' lang='lat' dir='ltr'><strong>euim</strong></span> <span class='ocrx_word' id='word_1_228' title='bbox 398 2638 500 2678; x_wconf 74' lang='lat' dir='ltr'><strong>veteres</strong></span> <span class='ocrx_word' id='word_1_229' title='bbox 513 2645 564 2697; x_wconf 85' lang='lat' dir='ltr'><strong>pro</strong></span> <span class='ocrx_word' id='word_1_230' title='bbox 578 2627 666 2696; x_wconf 85' lang='lat' dir='ltr'><strong>impu·</strong></span> <span class='ocrx_word' id='word_1_231' title='bbox 714 2643 789 2676; x_wconf 68' lang='lat' dir='ltr'><strong>anon</strong></span> <span class='ocrx_word' id='word_1_232' title='bbox 808 2623 865 2676; x_wconf 73' lang='lat' dir='ltr'><strong>linc</strong></span> <span class='ocrx_word' id='word_1_233' title='bbox 882 2623 961 2674; x_wconf 86' lang='lat' dir='ltr'><strong>nullis</strong></span> <span class='ocrx_word' id='word_1_234' title='bbox 981 2621 1120 2672; x_wconf 87' lang='lat' dir='ltr'><strong>hominum</strong></span> <span class='ocrx_word' id='word_1_235' title='bbox 1138 2631 1212 2670; x_wconf 85' lang='lat' dir='ltr'><strong>sator</strong></span> 
     </span>
     <span class='ocr_line' id='line_1_26' title="bbox 169 2691 1212 2776; baseline -0.007 -21"><span class='ocrx_word' id='word_1_236' title='bbox 169 2691 243 2749; x_wconf 70' lang='lat' dir='ltr'><strong>‘lenti</strong></span> <span class='ocrx_word' id='word_1_237' title='bbox 255 2700 368 2756; x_wconf 77' lang='lat' dir='ltr'><strong>audacia</strong></span> <span class='ocrx_word' id='word_1_238' title='bbox 380 2703 665 2772; x_wconf 82' lang='lat' dir='ltr'><strong>dicebant‚utTeren·</strong></span> <span class='ocrx_word' id='word_1_239' title='bbox 714 2718 817 2776; x_wconf 72' lang='lat' dir='ltr'><strong>satque</strong></span> <span class='ocrx_word' id='word_1_240' title='bbox 839 2705 955 2756; x_wconf 87' lang='lat' dir='ltr'><strong>Deorum</strong></span> <span class='ocrx_word' id='word_1_241' title='bbox 974 2701 1126 2753; x_wconf 85' lang='lat' dir='ltr'><strong>Observnns</strong></span> <span class='ocrx_word' id='word_1_242' title='bbox 1148 2716 1212 2750; x_wconf 87' lang='lat' dir='ltr'><strong>ocu·</strong></span> 
     </span>
     <span class='ocr_line' id='line_1_27' title="bbox 137 2776 1212 2857; baseline 0.003 -30"><span class='ocrx_word' id='word_1_243' title='bbox 137 2831 141 2842; x_wconf 45' lang='lat'><strong>,</strong></span> <span class='ocrx_word' id='word_1_244' title='bbox 169 2776 237 2830; x_wconf 83' lang='lat' dir='ltr'><strong>tius:</strong></span> <span class='ocrx_word' id='word_1_245' title='bbox 249 2797 264 2830; x_wconf 89' lang='lat' dir='ltr'><strong>o</strong></span> <span class='ocrx_word' id='word_1_246' title='bbox 274 2779 402 2854; x_wconf 72' lang='lat' dir='ltr'><strong>irtqentem</strong></span> <span class='ocrx_word' id='word_1_247' title='bbox 411 2781 610 2857; x_wconf 80' lang='lat' dir='ltr'><strong>confidentiaml</strong></span> <span class='ocrx_word' id='word_1_248' title='bbox 714 2807 725 2834; x_wconf 78' lang='lat' dir='ltr'><strong>a</strong></span> <span class='ocrx_word' id='word_1_249' title='bbox 736 2785 768 2837; x_wconf 88' lang='lat' dir='ltr'><strong>lis</strong></span> <span class='ocrx_word' id='word_1_250' title='bbox 777 2809 798 2836; x_wconf 74' lang='lat' dir='ltr'><strong>s.</strong></span> <span class='ocrx_word' id='word_1_251' title='bbox 809 2784 837 2836; x_wconf 92' lang='lat' dir='ltr'><strong>ld</strong></span> <span class='ocrx_word' id='word_1_252' title='bbox 848 2797 896 2852; x_wconf 86' lang='lat' dir='ltr'><strong>est,</strong></span> <span class='ocrx_word' id='word_1_253' title='bbox 905 2782 1100 2844; x_wconf 84' lang='lat' dir='ltr'><strong>curiosissimis,</strong></span> <span class='ocrx_word' id='word_1_254' title='bbox 1107 2777 1212 2832; x_wconf 74' lang='lat' dir='ltr'><strong>Servius</strong></span> 
     </span>
     <span class='ocr_line' id='line_1_28' title="bbox 205 2857 1213 2935; baseline -0.005 -22"><span class='ocrx_word' id='word_1_255' title='bbox 205 2857 265 2927; x_wconf 78' lang='grc'>447.</span> <span class='ocrx_word' id='word_1_256' title='bbox 283 2861 388 2914; x_wconf 79' lang='lat' dir='ltr'><strong>Protea.</strong></span> <span class='ocrx_word' id='word_1_257' title='bbox 401 2864 544 2915; x_wconf 84' lang='lat' dir='ltr'><strong>Voeauvus</strong></span> <span class='ocrx_word' id='word_1_258' title='bbox 560 2863 666 2916; x_wconf 71' lang='lat' dir='ltr'><strong>Graecus</strong></span> <span class='ocrx_word' id='word_1_259' title='bbox 714 2863 878 2935; x_wconf 75' lang='lat' dir='ltr'><strong>Tisiphone-m</strong></span> <span class='ocrx_word' id='word_1_260' title='bbox 887 2863 932 2915; x_wconf 92' lang='lat' dir='ltr'><strong>hic</strong></span> <span class='ocrx_word' id='word_1_261' title='bbox 942 2861 1055 2914; x_wconf 88' lang='lat' dir='ltr'><strong>indicari</strong></span> <span class='ocrx_word' id='word_1_262' title='bbox 1065 2861 1114 2922; x_wconf 87' lang='lat' dir='ltr'><strong>ait,</strong></span> <span class='ocrx_word' id='word_1_263' title='bbox 1123 2857 1149 2910; x_wconf 91' lang='lat' dir='ltr'><strong>id</strong></span> <span class='ocrx_word' id='word_1_264' title='bbox 1159 2869 1213 2922; x_wconf 83' lang='lat' dir='ltr'><strong>est,</strong></span> 
     </span>
     <span class='ocr_line' id='line_1_29' title="bbox 169 2936 1213 3012; baseline -0.019 -7"><span class='ocrx_word' id='word_1_265' title='bbox 169 2949 226 3004; x_wconf 66' lang='lat' dir='ltr'><strong>⁰⁸ts</strong></span> <span class='ocrx_word' id='word_1_266' title='bbox 250 2951 279 2990; x_wconf 72' lang='lat'><strong>²¹2</strong></span> <span class='ocrx_word' id='word_1_267' title='bbox 302 2943 414 3012; x_wconf 73' lang='lat' dir='ltr'><strong>Orphea.</strong></span> <span class='ocrx_word' id='word_1_268' title='bbox 436 2973 471 2984; x_wconf 91' lang='lat'><em>-</em></span> <span class='ocrx_word' id='word_1_269' title='bbox 490 2943 590 2995; x_wconf 81' lang='lat' dir='ltr'><strong>Fallere</strong></span> <span class='ocrx_word' id='word_1_270' title='bbox 612 2944 668 2994; x_wconf 89' lang='lat' dir='ltr'><strong>cui-</strong></span> <span class='ocrx_word' id='word_1_271' title='bbox 711 2945 799 2995; x_wconf 80' lang='lat' dir='ltr'><strong>mortis</strong></span> <span class='ocrx_word' id='word_1_272' title='bbox 815 2943 949 3002; x_wconf 74' lang='lat' dir='ltr'><strong>ultricem:</strong></span> <span class='ocrx_word' id='word_1_273' title='bbox 963 2954 991 2992; x_wconf 88' lang='lat' dir='ltr'><strong>ut</strong></span> <span class='ocrx_word' id='word_1_274' title='bbox 1008 2940 1068 2990; x_wconf 83' lang='lat' dir='ltr'><strong>etl.</strong></span> <span class='ocrx_word' id='word_1_275' title='bbox 1085 2936 1213 3006; x_wconf 74' lang='lat' dir='ltr'><strong>Philas-qi·</strong></span> 
     </span>
     <span class='ocr_line' id='line_1_30' title="bbox 166 3017 1212 3093; baseline -0.002 -28"><span class='ocrx_word' id='word_1_276' title='bbox 166 3033 255 3086; x_wconf 84' lang='lat' dir='ltr'><strong>quam.</strong></span> <span class='ocrx_word' id='word_1_277' title='bbox 269 3017 322 3068; x_wconf 76' lang='lat' dir='ltr'><strong>Alii</strong></span> <span class='ocrx_word' id='word_1_278' title='bbox 338 3021 480 3090; x_wconf 85' lang='lat' dir='ltr'><strong>quidquam</strong></span> <span class='ocrx_word' id='word_1_279' title='bbox 496 3022 595 3093; x_wconf 80' lang='lat' dir='ltr'><strong>legunt.</strong></span> <span class='ocrx_word' id='word_1_280' title='bbox 610 3023 666 3074; x_wconf 85' lang='lat' dir='ltr'><strong>lloc</strong></span> <span class='ocrx_word' id='word_1_281' title='bbox 712 3025 868 3091; x_wconf 81' lang='lat' dir='ltr'><strong>rius.Asper</strong></span> <span class='ocrx_word' id='word_1_282' title='bbox 879 3021 1026 3089; x_wconf 81' lang='lat' dir='ltr'><strong>aliique,et</strong></span> <span class='ocrx_word' id='word_1_283' title='bbox 1036 3018 1149 3067; x_wconf 82' lang='lat' dir='ltr'><strong>foetasse</strong></span> <span class='ocrx_word' id='word_1_284' title='bbox 1156 3029 1212 3064; x_wconf 83' lang='lat' dir='ltr'><strong>rec·</strong></span> 
     </span>
     <span class='ocr_line' id='line_1_31' title="bbox 168 3093 1211 3173; baseline -0.003 -29"><span class='ocrx_word' id='word_1_285' title='bbox 168 3105 255 3145; x_wconf 78' lang='lat' dir='ltr'><strong>autem</strong></span> <span class='ocrx_word' id='word_1_286' title='bbox 277 3093 356 3159; x_wconf 72' lang='lat' dir='ltr'><strong>dicit:</strong></span> <span class='ocrx_word' id='word_1_287' title='bbox 377 3115 459 3167; x_wconf 88' lang='lat' dir='ltr'><strong>quum</strong></span> <span class='ocrx_word' id='word_1_288' title='bbox 474 3102 563 3150; x_wconf 80' lang='lat' dir='ltr'><strong>omnia</strong></span> <span class='ocrx_word' id='word_1_289' title='bbox 584 3119 666 3153; x_wconf 82' lang='lat' dir='ltr'><strong>nuvo-</strong></span> <span class='ocrx_word' id='word_1_290' title='bbox 712 3105 779 3166; x_wconf 87' lang='lat' dir='ltr'><strong>tius,</strong></span> <span class='ocrx_word' id='word_1_291' title='bbox 803 3099 939 3173; x_wconf 78' lang='lat' dir='ltr'><strong>Nymphas</strong></span> <span class='ocrx_word' id='word_1_292' title='bbox 959 3095 1129 3165; x_wconf 77' lang='lat' dir='ltr'><strong>intelligunt,</strong></span> <span class='ocrx_word' id='word_1_293' title='bbox 1151 3109 1211 3162; x_wconf 80' lang='lat' dir='ltr'><strong>quas</strong></span> 
     </span>
     <span class='ocr_line' id='line_1_32' title="bbox 167 3171 1211 3245; baseline -0.002 -21"><span class='ocrx_word' id='word_1_294' title='bbox 167 3173 220 3240; x_wconf 85' lang='lat' dir='ltr'><strong>ris,</strong></span> <span class='ocrx_word' id='word_1_295' title='bbox 234 3173 324 3228; x_wconf 80' lang='lat' dir='ltr'><strong>desine</strong></span> <span class='ocrx_word' id='word_1_296' title='bbox 337 3173 465 3226; x_wconf 82' lang='lat' dir='ltr'><strong>atlventus</strong></span> <span class='ocrx_word' id='word_1_297' title='bbox 480 3178 530 3228; x_wconf 86' lang='lat' dir='ltr'><strong>mei</strong></span> <span class='ocrx_word' id='word_1_298' title='bbox 543 3195 664 3229; x_wconf 84' lang='lat' dir='ltr'><strong>caussam</strong></span> <span class='ocrx_word' id='word_1_299' title='bbox 710 3182 821 3230; x_wconf 81' lang='lat' dir='ltr'><strong>Aristaeo</strong></span> <span class='ocrx_word' id='word_1_300' title='bbox 833 3182 923 3242; x_wconf 80' lang='lat' dir='ltr'><strong>iratur,</strong></span> <span class='ocrx_word' id='word_1_301' title='bbox 938 3173 1011 3245; x_wconf 89' lang='lat' dir='ltr'><strong>quod</strong></span> <span class='ocrx_word' id='word_1_302' title='bbox 1028 3184 1139 3222; x_wconf 78' lang='lat' dir='ltr'><strong>:nortem</strong></span> <span class='ocrx_word' id='word_1_303' title='bbox 1156 3171 1211 3222; x_wconf 85' lang='lat' dir='ltr'><strong>Eu-</strong></span> 
     </span>
     <span class='ocr_line' id='line_1_33' title="bbox 167 3251 1210 3328; baseline -0.002 -24"><span class='ocrx_word' id='word_1_304' title='bbox 167 3252 237 3304; x_wconf 82' lang='lat' dir='ltr'><strong>relle</strong></span> <span class='ocrx_word' id='word_1_305' title='bbox 250 3271 418 3325; x_wconf 76' lang='lat' dir='ltr'><strong>cognoscere.</strong></span> <span class='ocrx_word' id='word_1_306' title='bbox 431 3256 542 3306; x_wconf 69' lang='lat' dir='ltr'><strong>Setu—</strong></span> <span class='ocrx_word' id='word_1_307' title='bbox 551 3255 664 3306; x_wconf 78' lang='lat' dir='ltr'><strong>Gllloss</strong></span> <span class='ocrx_word' id='word_1_308' title='bbox 710 3257 812 3328; x_wconf 73' lang='lat' dir='ltr'><strong>rytlices</strong></span> <span class='ocrx_word' id='word_1_309' title='bbox 830 3266 953 3305; x_wconf 81' lang='lat' dir='ltr'><strong>causatus</strong></span> <span class='ocrx_word' id='word_1_310' title='bbox 971 3263 1054 3314; x_wconf 80' lang='lat' dir='ltr'><strong>esset,</strong></span> <span class='ocrx_word' id='word_1_311' title='bbox 1066 3267 1130 3320; x_wconf 82' lang='lat' dir='ltr'><strong>apes</strong></span> <span class='ocrx_word' id='word_1_312' title='bbox 1143 3251 1210 3302; x_wconf 77' lang='lat' dir='ltr'><strong>iute-</strong></span> 
     </span>
     <span class='ocr_line' id='line_1_34' title="bbox 167 3329 976 3405; baseline -0.002 -23"><span class='ocrx_word' id='word_1_313' title='bbox 167 3329 308 3386; x_wconf 82' lang='lat' dir='ltr'><strong>lectionem</strong></span> <span class='ocrx_word' id='word_1_314' title='bbox 320 3335 440 3405; x_wconf 86' lang='lat' dir='ltr'><strong>cuiquam</strong></span> <span class='ocrx_word' id='word_1_315' title='bbox 455 3335 622 3404; x_wconf 83' lang='lat' dir='ltr'><strong>anteposuit.</strong></span> <span class='ocrx_word' id='word_1_316' title='bbox 638 3346 665 3386; x_wconf 85' lang='lat' dir='ltr'><strong>et</strong></span> <span class='ocrx_word' id='word_1_317' title='bbox 710 3347 852 3388; x_wconf 75' lang='lat' dir='ltr'><strong>tentarunt.</strong></span> <span class='ocrx_word' id='word_1_318' title='bbox 868 3332 976 3382; x_wconf 83' lang='lat' dir='ltr'><strong>Taubm.</strong></span> 
     </span>
     <span class='ocr_line' id='line_1_35' title="bbox 167 3407 1277 3484; baseline -0.008 -20"><span class='ocrx_word' id='word_1_319' title='bbox 167 3409 240 3464; x_wconf 80' lang='lat' dir='ltr'><strong>huno</strong></span> <span class='ocrx_word' id='word_1_320' title='bbox 254 3431 360 3466; x_wconf 87' lang='lat' dir='ltr'><strong>sensum</strong></span> <span class='ocrx_word' id='word_1_321' title='bbox 372 3416 490 3484; x_wconf 84' lang='lat' dir='ltr'><strong>profert:</strong></span> <span class='ocrx_word' id='word_1_322' title='bbox 510 3427 534 3466; x_wconf 89' lang='lat' dir='ltr'><strong>te</strong></span> <span class='ocrx_word' id='word_1_323' title='bbox 551 3415 664 3478; x_wconf 88' lang='lat' dir='ltr'><strong>Proteu,</strong></span> <span class='ocrx_word' id='word_1_324' title='bbox 745 3415 776 3482; x_wconf 55' lang='lat'><strong>4³</strong></span> <span class='ocrx_word' id='word_1_325' title='bbox 780 3412 803 3464; x_wconf 84' lang='lat'><strong>5.</strong></span> <span class='ocrx_word' id='word_1_326' title='bbox 813 3411 1029 3483; x_wconf 84' lang='lat' dir='ltr'><strong>Haudquaquam</strong></span> <span class='ocrx_word' id='word_1_327' title='bbox 1038 3407 1069 3459; x_wconf 81' lang='lat' dir='ltr'><strong>od</strong></span> <span class='ocrx_word' id='word_1_328' title='bbox 1076 3407 1207 3459; x_wconf 84' lang='lat' dir='ltr'><strong>meritum.</strong></span> <span class='ocrx_word' id='word_1_329' title='bbox 1272 3449 1277 3464; x_wconf 92' lang='grc'>,</span> 
     </span>
     <span class='ocr_line' id='line_1_36' title="bbox 168 3487 1209 3564; baseline -0.008 -20"><span class='ocrx_word' id='word_1_330' title='bbox 168 3511 222 3563; x_wconf 84' lang='lat' dir='ltr'><strong>qua</strong></span> <span class='ocrx_word' id='word_1_331' title='bbox 234 3495 343 3546; x_wconf 88' lang='lat' dir='ltr'><strong>scientia</strong></span> <span class='ocrx_word' id='word_1_332' title='bbox 361 3507 486 3564; x_wconf 70' lang='lat' dir='ltr'><strong>praestas,</strong></span> <span class='ocrx_word' id='word_1_333' title='bbox 501 3512 578 3546; x_wconf 88' lang='lat' dir='ltr'><strong>nemo</strong></span> <span class='ocrx_word' id='word_1_334' title='bbox 593 3493 663 3546; x_wconf 84' lang='lat' dir='ltr'><strong>deci·</strong></span> <span class='ocrx_word' id='word_1_335' title='bbox 708 3495 737 3548; x_wconf 91' lang='lat' dir='ltr'><strong>ld</strong></span> <span class='ocrx_word' id='word_1_336' title='bbox 755 3507 808 3559; x_wconf 87' lang='lat' dir='ltr'><strong>est,</strong></span> <span class='ocrx_word' id='word_1_337' title='bbox 826 3511 878 3542; x_wconf 91' lang='lat' dir='ltr'><strong>non</strong></span> <span class='ocrx_word' id='word_1_338' title='bbox 895 3489 960 3541; x_wconf 86' lang='lat' dir='ltr'><strong>tales</strong></span> <span class='ocrx_word' id='word_1_339' title='bbox 978 3487 1070 3558; x_wconf 86' lang='lat' dir='ltr'><strong>quales</strong></span> <span class='ocrx_word' id='word_1_340' title='bbox 1084 3488 1209 3536; x_wconf 80' lang='lat' dir='ltr'><strong>mereris:</strong></span> 
     </span>
     <span class='ocr_line' id='line_1_37' title="bbox 167 3567 1208 3644; baseline -0.007 -19"><span class='ocrx_word' id='word_1_341' title='bbox 167 3591 231 3644; x_wconf 87' lang='lat' dir='ltr'><strong>pere</strong></span> <span class='ocrx_word' id='word_1_342' title='bbox 244 3585 349 3644; x_wconf 84' lang='lat' dir='ltr'><strong>potest:</strong></span> <span class='ocrx_word' id='word_1_343' title='bbox 362 3573 409 3626; x_wconf 87' lang='lat' dir='ltr'><strong>sed</strong></span> <span class='ocrx_word' id='word_1_344' title='bbox 420 3573 526 3626; x_wconf 84' lang='lat' dir='ltr'><strong>desinas</strong></span> <span class='ocrx_word' id='word_1_345' title='bbox 538 3585 564 3626; x_wconf 85' lang='lat' dir='ltr'><strong>et</strong></span> <span class='ocrx_word' id='word_1_346' title='bbox 575 3585 605 3624; x_wconf 91' lang='lat' dir='ltr'><strong>tu</strong></span> <span class='ocrx_word' id='word_1_347' title='bbox 618 3572 663 3625; x_wconf 87' lang='lat' dir='ltr'><strong>de·</strong></span> <span class='ocrx_word' id='word_1_348' title='bbox 708 3595 769 3628; x_wconf 67' lang='lat' dir='ltr'><strong>narn</strong></span> <span class='ocrx_word' id='word_1_349' title='bbox 779 3576 834 3642; x_wconf 84' lang='lat' dir='ltr'><strong>ejus</strong></span> <span class='ocrx_word' id='word_1_350' title='bbox 845 3571 920 3624; x_wconf 84' lang='lat' dir='ltr'><strong>uxori</strong></span> <span class='ocrx_word' id='word_1_351' title='bbox 931 3586 1011 3620; x_wconf 86' lang='lat' dir='ltr'><strong>causa</strong></span> <span class='ocrx_word' id='word_1_352' title='bbox 1023 3568 1116 3618; x_wconf 91' lang='lat' dir='ltr'><strong>mortis</strong></span> <span class='ocrx_word' id='word_1_353' title='bbox 1125 3567 1208 3618; x_wconf 79' lang='lat' dir='ltr'><strong>fuisti.</strong></span> 
     </span>
     <span class='ocr_line' id='line_1_38' title="bbox 168 3646 1211 3724; baseline -0.009 -18"><span class='ocrx_word' id='word_1_354' title='bbox 168 3654 265 3724; x_wconf 85' lang='lat' dir='ltr'><strong>cipere.</strong></span> <span class='ocrx_word' id='word_1_355' title='bbox 708 3659 820 3710; x_wconf 84' lang='lat' dir='ltr'><strong>inferret</strong></span> <span class='ocrx_word' id='word_1_356' title='bbox 846 3665 933 3704; x_wconf 87' lang='lat' dir='ltr'><strong>autem</strong></span> <span class='ocrx_word' id='word_1_357' title='bbox 957 3649 1039 3721; x_wconf 74' lang='lat' dir='ltr'><strong>digna</strong></span> <span class='ocrx_word' id='word_1_358' title='bbox 1059 3646 1211 3718; x_wconf 81' lang='lat' dir='ltr'><strong>supplicia,</strong></span> 
     </span>
     <span class='ocr_line' id='line_1_39' title="bbox 204 3727 1212 3806; baseline -0.009 -20"><span class='ocrx_word' id='word_1_359' title='bbox 204 3733 263 3797; x_wconf 69' lang='grc'><strong>450.</strong></span> <span class='ocrx_word' id='word_1_360' title='bbox 278 3733 313 3786; x_wconf 80' lang='lat' dir='ltr'><strong>Vi</strong></span> <span class='ocrx_word' id='word_1_361' title='bbox 328 3733 418 3785; x_wconf 86' lang='lat' dir='ltr'><strong>multa.</strong></span> <span class='ocrx_word' id='word_1_362' title='bbox 437 3733 536 3806; x_wconf 71' lang='lat' dir='ltr'><strong>Magno</strong></span> <span class='ocrx_word' id='word_1_363' title='bbox 552 3736 663 3805; x_wconf 89' lang='lat' dir='ltr'><strong>impetu.</strong></span> <span class='ocrx_word' id='word_1_364' title='bbox 708 3737 760 3787; x_wconf 70' lang='lat' dir='ltr'><strong>nisi</strong></span> <span class='ocrx_word' id='word_1_365' title='bbox 777 3736 833 3785; x_wconf 82' lang='lat' dir='ltr'><strong>lato</strong></span> <span class='ocrx_word' id='word_1_366' title='bbox 849 3730 1038 3803; x_wconf 80' lang='lat' dir='ltr'><strong>prohiberent3</strong></span> <span class='ocrx_word' id='word_1_367' title='bbox 1056 3727 1154 3798; x_wconf 86' lang='lat' dir='ltr'><strong>quibus</strong></span> <span class='ocrx_word' id='word_1_368' title='bbox 1171 3727 1212 3777; x_wconf 84' lang='lat' dir='ltr'><strong>fa-</strong></span> 
     </span>
     <span class='ocr_line' id='line_1_40' title="bbox 166 3807 1211 3886; baseline -0.011 -21"><span class='ocrx_word' id='word_1_369' title='bbox 166 3813 571 3886; x_wconf 66' lang='lat' dir='ltr'><strong>llypotyposisestirdoucsaouod.</strong></span> <span class='ocrx_word' id='word_1_370' title='bbox 581 3816 665 3866; x_wconf 78' lang='lat' dir='ltr'><strong>l’rius·</strong></span> <span class='ocrx_word' id='word_1_371' title='bbox 709 3814 832 3865; x_wconf 86' lang='lat' dir='ltr'><strong>ventibus</strong></span> <span class='ocrx_word' id='word_1_372' title='bbox 848 3814 886 3862; x_wconf 84' lang='lat' dir='ltr'><strong>irs</strong></span> <span class='ocrx_word' id='word_1_373' title='bbox 902 3812 1039 3861; x_wconf 87' lang='lat' dir='ltr'><strong>numinum</strong></span> <span class='ocrx_word' id='word_1_374' title='bbox 1053 3809 1156 3857; x_wconf 89' lang='lat' dir='ltr'><strong>minora</strong></span> <span class='ocrx_word' id='word_1_375' title='bbox 1171 3807 1211 3855; x_wconf 92' lang='lat' dir='ltr'><strong>in-</strong></span> 
     </span>
     <span class='ocr_line' id='line_1_41' title="bbox 168 3883 1209 3964; baseline -0.01 -18"><span class='ocrx_word' id='word_1_376' title='bbox 168 3911 250 3963; x_wconf 83' lang='lat' dir='ltr'><strong>quam</strong></span> <span class='ocrx_word' id='word_1_377' title='bbox 259 3895 328 3948; x_wconf 87' lang='lat' dir='ltr'><strong>enim</strong></span> <span class='ocrx_word' id='word_1_378' title='bbox 338 3891 501 3946; x_wconf 82' lang='lat' dir='ltr'><strong>divinitatem</strong></span> <span class='ocrx_word' id='word_1_379' title='bbox 514 3896 664 3964; x_wconf 83' lang='lat' dir='ltr'><strong>accipiunt,</strong></span> <span class='ocrx_word' id='word_1_380' title='bbox 710 3895 776 3950; x_wconf 79' lang='lat' dir='ltr'><strong>fert,</strong></span> <span class='ocrx_word' id='word_1_381' title='bbox 786 3892 848 3942; x_wconf 86' lang='lat' dir='ltr'><strong>licet</strong></span> <span class='ocrx_word' id='word_1_382' title='bbox 859 3894 961 3958; x_wconf 79' lang='lat' dir='ltr'><strong>majora</strong></span> <span class='ocrx_word' id='word_1_383' title='bbox 971 3906 1024 3940; x_wconf 88' lang='lat' dir='ltr'><strong>non</strong></span> <span class='ocrx_word' id='word_1_384' title='bbox 1036 3886 1127 3956; x_wconf 85' lang='lat' dir='ltr'><strong>possit.</strong></span> <span class='ocrx_word' id='word_1_385' title='bbox 1139 3883 1209 3936; x_wconf 84' lang='lat' dir='ltr'><strong>Seru.</strong></span> 
     </span>
     <span class='ocr_line' id='line_1_42' title="bbox 168 3965 1209 4043; baseline -0.01 -21"><span class='ocrx_word' id='word_1_386' title='bbox 168 3989 282 4043; x_wconf 77' lang='lat' dir='ltr'><strong>corpore</strong></span> <span class='ocrx_word' id='word_1_387' title='bbox 296 3973 466 4038; x_wconf 84' lang='lat' dir='ltr'><strong>horrescunt,</strong></span> <span class='ocrx_word' id='word_1_388' title='bbox 480 3973 549 4025; x_wconf 88' lang='lat' dir='ltr'><strong>oculi</strong></span> <span class='ocrx_word' id='word_1_389' title='bbox 563 3973 665 4024; x_wconf 85' lang='lat' dir='ltr'><strong>scintil·</strong></span> <span class='ocrx_word' id='word_1_390' title='bbox 710 3970 792 4022; x_wconf 81' lang='lat' dir='ltr'><strong>-Gl</strong></span> <span class='ocrx_word' id='word_1_391' title='bbox 802 3970 869 4020; x_wconf 87' lang='lat' dir='ltr'><strong>Voss</strong></span> <span class='ocrx_word' id='word_1_392' title='bbox 880 3989 911 4020; x_wconf 78' lang='lat' dir='ltr'><strong>cx</strong></span> <span class='ocrx_word' id='word_1_393' title='bbox 920 3971 1000 4020; x_wconf 77' lang='lat' dir='ltr'><strong>lluuo</strong></span> <span class='ocrx_word' id='word_1_394' title='bbox 1011 3965 1209 4036; x_wconf 68' lang='lat' dir='ltr'><strong>putatjuussen-</strong></span> 
     </span>
     <span class='ocr_line' id='line_1_43' title="bbox 167 4041 1210 4128; baseline -0.007 -25"><span class='ocrx_word' id='word_1_395' title='bbox 167 4049 666 4128; x_wconf 77' lang='lat' dir='ltr'><strong>lant,caputjactaut‚etc.Cujusmo·</strong></span> <span class='ocrx_word' id='word_1_396' title='bbox 710 4052 747 4107; x_wconf 87' lang='lat' dir='ltr'><strong>da</strong></span> <span class='ocrx_word' id='word_1_397' title='bbox 770 4069 827 4106; x_wconf 81' lang='lat' dir='ltr'><strong>esse</strong></span> <span class='ocrx_word' id='word_1_398' title='bbox 854 4049 911 4102; x_wconf 82' lang='lat' dir='ltr'><strong>haec</strong></span> <span class='ocrx_word' id='word_1_399' title='bbox 936 4049 1036 4110; x_wconf 84' lang='lat' dir='ltr'><strong>verba,</strong></span> <span class='ocrx_word' id='word_1_400' title='bbox 1062 4041 1210 4096; x_wconf 75' lang='lat' dir='ltr'><strong>miserabilis</strong></span> 
     </span>
    </p>
   </div>
   <div class='ocr_carea' id='block_1_4' title="bbox 0 0 1504 4670">
    <p class='ocr_par' dir='ltr' id='par_1_5' title="bbox 0 0 1504 4670">
     <span class='ocr_line' id='line_1_44' title="bbox 0 0 1504 4670; baseline 0 4"><span class='ocrx_word' id='word_1_401' title='bbox 0 0 1504 4670; x_wconf 95' lang='lat' dir='ltr'><strong> </strong></span> 
     </span>
    </p>
   </div>
  </div>
 </body>
</html>
