2964 4690
299 411 348 496 Ρ.
382 403 683 498 VIRGILII
717 405 1036 496 MARONIS

350 697 984 876 eucnemon

385 1003 607 1110 LIBER
647 1001 951 1110 PRIMUS.
987 1155 998 1168 ⁸

282 1297 379 1376 (Vide
392 1301 620 1380 Argumentum
632 1295 790 1378 generale,
801 1295 864 1358 vol.
876 1298 906 1374 l,
919 1319 950 1380 p.
967 1298 1054 1376 245.)

145 1521 1197 1544 ΜΜΜΜἿΜΙΜΜΜΜΜΜΜΜΜΛΜἊᾹΜΜΜΜΜ

563 1719 781 1784 snattsts.

147 1921 182 2005 P
184 1971 307 2022 sosoma,
320 1954 386 2027 quid
400 1954 520 2008 dicturus
536 1955 563 2006 in
575 1953 650 2006 libris
663 1964 780 2026 quatuor
791 1952 998 2026 Georgicorum,
1019 1953 1103 2007 1-5.
1117 1956 1194 2006 luro-

146 2050 189 2088 cat
201 2039 324 2103 numina,
335 2055 394 2108 qnos
404 2035 548 2108 president
557 2035 638 2088 rebus
648 2036 768 2101 rusticis,
782 2053 849 2106 quas
859 2035 998 2089 contineat
1007 2048 1123 2106 quatuor
1132 2034 1195 2090 libri

145 2116 351 2191 Georgicorum,
359 2119 416 2171 6-
424 2119 465 2170 23.
476 2119 625 2190 Augustum
636 2117 788 2187 speciatim,
799 2116 826 2166 iu
834 2118 910 2186 cujus
918 2127 1051 2186 potestate
1059 2115 1195 2186 relinquit,

146 2197 240 2269 eligat,
258 2217 338 2270 quum
350 2197 416 2250 velit
435 2195 582 2250 divinitatis
604 2197 735 2248 rationem
754 2213 785 2246 cx
802 2198 928 2261 tersenis,
946 2197 1069 2262 marinis,
1086 2193 1197 2247 calestia

145 2276 195 2330 bus
204 2280 360 2333 numinibus
369 2299 376 2330 s
386 2297 449 2331 uam
460 2291 583 2350 quartam
591 2276 630 2329 illi
641 2275 757 2348 denegat
766 2278 933 2329 infernorum
942 2277 1060 2328 Deorum
1068 2275 1194 2342 classem,

144 2358 256 2425 nii-la.
266 2363 362 2432 incipit
371 2372 527 2430 apracepto
535 2358 673 2424 arationis,
679 2375 737 2428 quae
745 2355 899 2410 inchoanda
906 2376 967 2410 vere
973 2357 1070 2429 primo,
1079 2357 1193 2428 43-49.

144 2439 229 2502 Dicit,
244 2441 479 2502 sutentationem,
495 2436 705 2509 praediscendam
718 2454 775 2489 esse
787 2441 910 2514 uetustam
923 2436 990 2502 loci,
1005 2439 1051 2507 qni
1066 2436 1193 2491 arandus·

146 2518 230 2586 liujus
249 2521 287 2570 rei
306 2520 447 2570 occasione
467 2516 569 2570 indicat
584 2519 673 2569 varias
693 2529 823 2569 terrarum
841 2516 927 2590 leges,
950 2535 1051 2582 mores,
1074 2519 1195 2590 ingenia,

146 2595 269 2650 50-63.
282 2597 362 2651 Redit
371 2597 405 2650 ad
416 2609 579 2668 preceptum
592 2595 626 2648 de
640 2594 743 2648 aranda
755 2608 839 2662 terra,
855 2597 995 2668 signatque
1008 2609 1126 2668 tempus,
1140 2613 1194 2667 quo

145 2678 247 2731 aranda
258 2681 380 2752 pinguis,
395 2697 449 2751 qno
462 2678 558 2731 tenuis.
570 2677 674 2730 Deinde
688 2679 738 2742 ait,
757 2677 866 2730 novales
879 2695 958 2750 agros
971 2677 1125 2731 utilissimos
1138 2695 1195 2730 esse

146 2754 180 2806 ad
192 2771 352 2828 proventus,
366 2775 436 2828 quos
447 2758 470 2810 si
481 2757 582 2812 babere
594 2773 649 2808 non
662 2758 747 2828 possit
756 2775 860 2828 pauper
871 2757 1003 2830 agricola,
1015 2756 1125 2810 adhibet
1139 2774 1195 2807 mo·

144 2833 194 2888 dos
206 2837 288 2902 duos;
302 2839 400 2910 quibus
414 2851 486 2892 terra
499 2840 646 2890 novitatem
661 2835 773 2890 induat:
790 2837 915 2891 videlicet
927 2840 1102 2890 mutationem
1114 2840 1195 2888 semi·

144 2932 225 2983 num,
241 2932 269 2972 et
279 2921 514 2982 stercorationem,
531 2919 655 2986 64-83.
668 2917 813 2970 Mutationi
825 2921 969 2985 seminum,
986 2931 1013 2971 et
1026 2919 1196 2970 stercoratio·

145 2997 173 3046 ni
190 2997 312 3071 adjungit
322 3001 470 3066 ustionem,
484 3013 510 3052 et
525 3016 634 3051 caussas
648 3017 697 3050 cur
708 2997 825 3050 hucliat.
836 2997 898 3068 Agit
909 3000 936 3049 in
949 2997 1000 3050 line
1009 2997 1042 3049 de
1055 2999 1195 3049 occatione

148 3085 174 3126 et
186 3076 297 3148 obliqua
310 3083 444 3146 aratione,
462 3081 585 3150 84-99.
602 3081 689 3130 Docet
703 3097 761 3150 qua
778 3080 841 3130 anui
854 3091 997 3148 tempestas
1008 3078 1120 3131 meliert
1138 3094 1196 3147 qua

148 3173 213 3208 curo
229 3161 353 3228 agricolae
367 3174 429 3232 post
441 3159 572 3212 creditum
585 3179 676 3212 semen
686 3172 776 3224 terra,
796 3161 822 3210 in
840 3158 960 3210 curando
977 3159 1035 3210 solo
1052 3157 1150 3224 sterili,
1169 3157 1196 3208 in

148 3237 241 3290 eodem
253 3241 377 3312 rigaod03
389 3243 416 3293 in
427 3241 508 3292 fertili
518 3239 691 3312 depascendo
699 3261 706 3301 3
714 3241 741 3291 in
751 3238 902 3291 avertendis
913 3239 1017 3290 lacunis
1027 3238 1061 3291 ab
1072 3251 1195 3308 utroque.

148 3319 248 3369 llururn
256 3337 344 3372 rerum
352 3323 494 3373 occasione
502 3319 582 3372 docet
590 3322 616 3371 in
624 3319 686 3383 line,
693 3320 809 3389 quasint
816 3330 903 3389 pestes
909 3331 1038 3382 satorum,
1050 3333 1194 3370 too-tus.

148 3397 185 3448 Ex
199 3401 340 3453 occasione
351 3401 467 3471 pestium
478 3397 628 3470 digreditur
640 3398 675 3450 ad
689 3417 772 3448 usum
785 3397 892 3448 Saturni
905 3409 931 3448 et
945 3398 1034 3448 lovis:
1049 3395 1198 3468 docetque,

149 3480 187 3530 uti
200 3479 250 3531 sub
263 3479 309 3531 illo
321 3481 421 3533 luerint
433 3479 579 3550 tranquilla
593 3481 696 3543 omnia,
709 3472 735 3531 et
748 3478 827 3548 plena
842 3495 938 3549 opum,
952 3477 1002 3528 sub
1016 3476 1069 3528 hoc
1083 3479 1196 3550 agitata,

149 3573 174 3612 et
188 3559 268 3631 plena
280 3563 394 3632 inopia:
409 3579 440 3614 ex
457 3579 512 3632 qua
523 3561 616 3631 inopia
628 3573 697 3611 usta
709 3572 771 3611 sunt
785 3571 855 3612 artes
868 3557 902 3609 ud
916 3559 998 3609 vitam
1014 3557 1196 3627 tolerandam,

153 3641 307 3708 sua-146.
327 3641 410 3714 Origo
429 3643 516 3712 prima
534 3639 747 3712 agricolationis,
767 3655 862 3691 causan
878 3639 934 3708 ejus
951 3639 1075 3710 origini„
1091 3637 1197 3692 labores

148 3720 227 3792 hujus
240 3724 318 3782 artis,
336 3722 454 3775 remedia
469 3734 563 3774 contra
578 3721 699 3786 labores,
719 3719 872 3791 147—159.
891 3719 1087 3771 Enumerantur
1099 3719 1198 3770 iustru-

148 3824 236 3862 menta
249 3811 426 3882 agricolarum
440 3825 516 3872 octo,
530 3823 646 3883 quatuor
661 3811 695 3863 ad
709 3809 837 3864 arandam
848 3823 946 3862 terram
958 3829 964 3860 ι
978 3821 1095 3880 quatuor
1104 3807 1139 3860 ad
1149 3827 1196 3880 pt-

150 3890 259 3942 raudam
277 3909 406 3945 messem:
425 3893 538 3945 docetur
555 3896 715 3945 rusticorum
730 3891 917 3964 providentia:
934 3891 1035 3942 sistitur
1051 3891 1078 3941 in
1091 3901 1196 3954 aratro,

149 3983 177 4021 ut
190 3971 262 4043 quod
274 3977 440 4045 potissimum
457 3977 677 4040 instrumentum,
692 3973 858 4044 explicantur
873 3975 929 4043 ejus
940 3983 1029 4043 partes
1041 3972 1196 4041 praecipua,

152 4067 208 4120 quae
220 4066 320 4124 septem
334 4069 408 4122 sunt,
422 4057 510 4108 160—-
520 4055 577 4127 175.
587 4057 687 4120 Docet,
697 4058 736 4108 uti
747 4054 869 4129 paranda
878 4055 911 4105 sit
920 4072 995 4116 area,
1008 4070 1042 4104 ue
1051 4049 1085 4104 ab
1095 4048 1195 4116 herbis,

152 4131 274 4200 pulvere,
287 4136 406 4206 pestibus
416 4135 563 4190 bestiarum
576 4138 730 4202 infestetur,
749 4135 903 4208 176-186.
920 4134 1027 4185 Praefert
1042 4128 1196 4203 amygdalus

152 4210 306 4264 vaticinium
317 4217 380 4269 anni
389 4217 493 4282 fertilis,
500 4229 546 4271 aut
558 4217 715 4271 infuscandi.
722 4217 848 4272 Omnium
856 4215 962 4287 frugum
971 4211 1073 4265 semina
1081 4227 1134 4280 qua
1142 4227 1196 4262 me·
