2986 4694
298 407 356 468 ¹7²
541 383 574 443 P.
598 378 831 443 VlRGlLll
854 381 1085 446 MARONIS

292 503 510 584 Commendo,
525 505 752 595 inprimisque
765 520 902 592 patrem
915 507 969 570 Tu
980 529 1071 572 nunc
1083 509 1146 572 eris
1158 507 1219 586 illi,
1322 525 1335 568 5

335 613 470 676 Mantua
483 609 573 701 quod
586 611 709 690 fuerat,
722 609 882 700 quodque
894 612 1057 677 Cremona
1069 613 1170 701 prius.

779 771 843 832 Xl.

525 929 573 974 AD
596 929 632 974 M.
658 927 859 974 vassalum
886 928 1100 975 Massiuam.

290 1059 396 1124 Pauca
408 1061 503 1142 mihi,
517 1063 614 1127 niveo
627 1060 766 1127 sednon
779 1061 946 1148 incognita
958 1059 1098 1139 Phoebo,

334 1167 440 1231 Pauca
451 1167 532 1232 mihi
545 1168 665 1247 doctae,
680 1167 795 1247 dicite,
809 1165 994 1254 Pegasides.

289 1374 340 1437 ΠΙ,
358 1377 441 1446 epigr.
461 1376 595 1430 GCXLIX.
609 1380 638 1430 ln
654 1397 680 1428 v.
701 1395 714 1429 a
733 1388 789 1427 tum
834 1376 922 1428 liciter
934 1372 1118 1447 disponendo,
1131 1373 1242 1442 ejusque
1252 1391 1335 1426 mem·

289 1469 393 1526 quoque
400 1455 468 1508 bene
478 1455 581 1508 emend.
592 1457 633 1507 Jo.
646 1455 785 1508 Schrader.
834 1453 889 1506 bris
899 1453 1038 1507 commode
1048 1450 1191 1524 jungendis
1203 1465 1229 1502 et
1240 1470 1336 1523 perpe·

739 1564 742 1570 ·
833 1547 879 1586 tun
895 1537 971 1606 quasi
987 1534 1093 1586 vinculo
1106 1529 1335 1602 comprehenden-

513 1576 562 1628 Μ’
833 1613 894 1679 dis,
915 1631 997 1684 porro
1018 1615 1044 1664 iu
1063 1612 1164 1666 dilectu
1182 1630 1270 1663 rerum
1290 1611 1334 1663 vel

324 1687 384 1740 vid.
397 1688 506 1740 Anthol.
520 1690 577 1740 Lat.
591 1687 637 1740 lib.
651 1689 690 1753 ll,
703 1690 786 1761 epigr.
833 1694 1038 1758 sententiarum,
1051 1711 1110 1764 que
1120 1693 1237 1743 carmine
1249 1691 1334 1743 felici-

289 1769 392 1820 GXXM·
410 1769 445 1820 cf·
461 1769 555 1821 Harles
571 1767 644 1820 brev·
660 1769 744 1820 Νοῑίῐ·
759 1787 786 1840 P·
832 1785 873 1826 ter
885 1775 992 1825 tractari
1004 1775 1126 1844 possint,
1139 1789 1235 1842 magua
1247 1773 1333 1823 cerui·

291 1847 349 1914 254.
362 1847 504 1900 Messalam
517 1851 603 1900 victor
614 1850 730 1901 carmine
743 1867 789 1901 ce·
834 1865 876 1903 tur
893 1853 1035 1922 imperitia.
1053 1852 1114 1901 Hac
1130 1849 1225 1902 eadem
1240 1851 1268 1900 iu
1284 1848 1334 1900 hac

287 1925 388 1992 lebret,
399 1940 533 1999 tamquam
543 1931 686 1995 victorem3
699 1946 752 1980 r....
761 1930 787 1981 6.
833 1932 917 2004 elegia
928 1946 1088 1998 occurrunt,
1100 1933 1128 1983 in
1139 1949 1191 2001 qua
1204 1947 1336 1982 summum

289 2019 316 2059 et
328 2020 435 2078 poetam
447 2027 617 2064 summum...
637 2027 675 2062 ra.
694 2010 789 2062 recitat
833 2012 961 2063 orationis
979 2011 1080 2062 cultum
1098 2022 1264 2062 stornatum
1280 2028 1338 2062 me

289 2088 436 2141 carminum
453 2092 508 2160 ejus
528 2103 699 2164 argumenta:
713 2091 788 2142 luere
833 2093 884 2143 rito
897 2091 1014 2156 mireris,
1023 2088 1154 2160 judicium
1164 2101 1190 2142 et
1201 2087 1337 2140 subtilita-

288 2168 787 2238 cabucolicn....ao.insatiatam-..lo
833 2183 887 2224 tem
907 2171 934 2222 in
958 2171 1081 2222 carminis
1100 2187 1204 2221 summa
1226 2170 1337 2239 ejusque

291 2246 414 2302 Celebrat
430 2250 523 2304 laudes
540 2251 649 2305 bellicas
666 2249 789 2303 Messala·
833 2249 956 2324 partibus
967 2247 1161 2305 constituendis
1174 2247 1253 2300 facilc
1264 2247 1337 2299 desi-

289 2348 387 2382 rum....
398 2329 439 2400 54.
451 2331 501 2385 Sed
511 2331 674 2384 iislaudibns
682 2349 736 2383 non
744 2349 790 2402 pa·
834 2330 919 2383 deses.
932 2331 1005 2382 Licet
1017 2331 1087 2381 enim
1101 2327 1192 2389 dicas,
1207 2325 1337 2379 excidisse

290 2428 346 2462 rem
358 2431 415 2466 esse
428 2431 456 2466 se
468 2411 595 2466 canendis
609 2414 717 2466 latetur.
731 2413 789 2463 Vir·
833 2409 918 2463 rideri
930 2407 1060 2461 nonnulla
1073 2419 1098 2458 et
1111 2405 1214 2458 lacunis
1227 2423 1336 2458 carmen

288 2490 353 2562 gilio
364 2491 519 2544 attributum
531 2505 570 2544 est
581 2491 716 2556 esschen,
726 2490 789 2544 hinc
834 2491 926 2544 hiare:
944 2504 1033 2542 tamen
1049 2487 1135 2551 illud,
1154 2486 1228 2558 qnod
1244 2505 1281 2538 ss.
1301 2503 1332 2538 as

289 2588 306 2621 a
315 2567 448 2642 scaligero
461 2584 487 2624 et
499 2571 565 2624 aliis.
574 2571 687 2642 Virgilio
700 2583 788 2624 tamen
834 2570 868 2624 de
875 2570 966 2644 puella
975 2589 1035 2622 cum
1046 2568 1165 2620 heroinis
1177 2585 1335 2638 comparan-

289 2665 344 2700 non
368 2661 466 2702 temere
488 2647 695 2716 adscribendum
713 2668 789 2713 esse,
833 2649 869 2702 da
880 2651 1016 2720 sequitur,
1027 2649 1147 2718 jejunum
1157 2658 1197 2698 est
1208 2664 1257 2718 per
1268 2662 1296 2698 se
1309 2659 1337 2698 st

288 2727 413 2778 censebat
428 2729 571 2780 Burmann.
588 2727 644 2778 Sec.
663 2726 789 2780 Dubitari
835 2729 870 2780 ad
890 2728 1027 2801 fastidium
1049 2741 1193 2780 extremum
1216 2739 1336 2796 protrac-

288 2804 434 2875 aliquando
453 2807 504 2876 (ad
516 2806 561 2858 lib.
580 2807 631 2870 lV,
652 2823 673 2856 r.
690 2807 787 2860 Tibull.
834 2820 899 2860 tum.
912 2807 1032 2860 Messala
1044 2807 1200 2876 inscriptum
1212 2823 1268 2857 esse
1281 2823 1338 2856 can

286 2903 314 2955 p.
331 2899 378 2952 177
391 2883 434 2935 ed.
448 2895 506 2936 tert.
522 2904 548 2955 p.
563 2901 618 2953 ¹9²·
632 2885 741 2956 Olus),
755 2883 789 2938 an
835 2903 981 2939 menexvs.
995 2886 1030 2952 lo
1041 2899 1122 2956 patet.
1138 2887 1248 2948 Verum,
1259 2885 1337 2938 anad

287 2963 396 3014 omuino
409 2981 424 3014 a
435 2976 524 3016 vetere
536 2964 627 3035 aliquo
639 2979 719 3034 poeta
733 2965 786 3017 hoc
831 2967 868 3018 Μ.
877 2965 1015 3018 Valerium
1024 2965 1166 3018 Messalam
1178 2963 1245 3015 illud
1254 2966 1336 3034 scrip-

287 3061 393 3096 carmen
410 3043 561 3114 profectum
583 3057 661 3098 esset.
681 3045 733 3097 Sed
752 3045 787 3098 ad
832 3059 887 3096 turn
900 3044 1080 3110 sit‚dul›itavi
1091 3041 1336 3115 aliquando‚quod

287 3124 388 3176 seriora
400 3136 521 3195 tempora
531 3127 575 3177 vix
587 3124 685 3178 retrahi
697 3137 787 3196 potest
831 3124 951 3176 Messala
969 3125 1045 3176 istius
1063 3125 1136 3176 lacta
1153 3142 1184 3175 ac
1197 3121 1268 3174 bella
1280 3139 1336 3172 non

288 3216 376 3256 tantus
388 3206 517 3258 orationis
530 3205 625 3258 cultns.
640 3206 718 3258 Nunc
730 3218 787 3258 toto
834 3206 1007 3276 attingeres,
1025 3221 1083 3275 quae
1100 3220 1131 3254 cx
1147 3201 1260 3254 historia
1270 3215 1336 3254 nota

287 3286 404 3338 carmine
427 3284 581 3358 diligentius
605 3303 715 3338 excusso
734 3289 790 3338 Au·
833 3297 904 3336 sunt.
917 3283 968 3336 Sed
980 3285 1094 3356 primum
1108 3301 1162 3334 non
1175 3283 1291 3334 occurrit
1304 3299 1336 3332 ex

286 3365 379 3435 gnstoei
387 3365 565 3418 seculifetum
573 3384 716 3438 agnoscere
724 3365 789 3418 mihi
833 3365 1008 3418 Messalarum
1020 3365 1102 3433 stirpe
1114 3361 1196 3427 alius,
1212 3360 1247 3414 ad
1257 3380 1337 3433 quem

287 3443 380 3496 videor
393 3445 470 3497 etiam
484 3445 511 3496 in
522 3459 578 3498 toto
591 3449 647 3515 ejus
660 3446 750 3499 colore
763 3457 789 3498 et
833 3442 889 3497 hec
908 3446 1085 3517 opportunius
1104 3443 1197 3494 referri
1216 3444 1335 3513 possint,

286 3518 389 3574 habitu.
419 3524 634 3593 Deprehenditur
660 3528 731 3578 enim
761 3527 789 3576 iu
835 3544 892 3595 quse
902 3527 930 3576 in
940 3525 1056 3577 carmine
1068 3535 1338 3594 memorantur;poe·

284 3598 418 3670 plerisque
434 3600 473 3651 his
490 3605 627 3670 poemasin
639 3605 714 3655 istius
728 3615 790 3656 aeta·
835 3606 904 3656 ticen
917 3617 1006 3660 autem
1018 3603 1055 3654 Μ.
1067 3603 1209 3655 Messalam
1219 3604 1337 3675 attigisse

288 3677 321 3726 tis
334 3695 420 3728 sermo
432 3679 568 3730 Romanus
580 3680 615 3732 ad
632 3680 789 3753 dignitatem
834 3697 861 3737 et
867 3695 961 3754 poetas
970 3701 1072 3736 amasse
1081 3684 1143 3734 satis
1152 3696 1270 3744 constat;
1280 3695 1337 3735 tan·

287 3765 314 3805 et
326 3769 449 3806 ornatum
458 3757 601 3808 verborum
611 3777 788 3831 numerosque
834 3763 895 3816 dem
912 3765 998 3814 omnis
1013 3762 1159 3816 difficultas
1176 3763 1296 3827 tollitur,
1313 3764 1337 3816 si

288 3834 409 3902 poeticos
417 3837 521 3906 egregie
529 3848 699 3906 comparatus
709 3861 714 3889 :
725 3841 788 3892 atin
834 3840 868 3892 ad
880 3842 1023 3896 Messalam
1031 3844 1156 3910 juvenem
1165 3841 1222 3894 hac
1234 3843 1335 3913 scripta

227 3960 230 3966 ,
290 3923 348 3963 sota
359 3913 483 3964 carminis
492 3931 607 3980 summa,
620 3918 702 3986 inque
712 3936 789 3990 argu·
834 3933 950 3987 statuas,
964 3940 1045 3992 quum
1058 3920 1102 3974 ille
1113 3957 1121 3986 ‚
1134 3934 1278 3992 postquam
1290 3925 1337 3974 sti·

291 4006 381 4044 mento
398 4011 446 4058 ea,
463 4012 516 4066 qua
532 4013 581 4066 par
597 4011 653 4062 est,
668 4000 747 4069 copia
763 4011 788 4052 et
833 3999 932 4072 pendia
947 4003 1027 4054 variis
1044 4002 1071 4052 iu
1087 4000 1165 4054 bellis
1182 4015 1332 4069 meruerat,

290 4071 389 4126 lumine
402 4075 530 4128 orationis
542 4075 699 4146 explicando
713 4091 738 4129 et
750 4079 789 4131 le·
834 4081 862 4130 in
882 4081 974 4134 Africa
996 4082 1136 4152 inprimis,
1160 4082 1290 4152 Hispania
1310 4097 1337 4134 et
