3000 4674
469 461 471 466 ι
512 373 564 440 ru
587 371 835 439 ncnocru
858 371 906 438 rr.
1158 327 1228 460 su

189 487 275 560 vere:
289 501 314 560 si
323 487 422 562 discas
434 517 545 559 canere
557 495 675 572 fistula,
690 493 785 558 laedes
800 516 835 555 ca
848 509 1022 578 atteresque
1034 493 1147 558 labella
1160 509 1230 575 tua,

190 605 261 668 quae
279 602 379 670 grata,
398 601 433 674 et.
447 583 621 660 mollicula,
640 599 735 667 atque
749 581 896 664 indigna,
913 600 950 644 ut
966 599 1155 647 atterantur:
1175 585 1229 648 sed

192 692 362 753 magnares
375 688 434 750 est,
447 695 466 735 o
479 673 580 749 Alexi,
595 675 710 733 Panem
723 673 854 748 imitari,
873 693 942 732 cum
955 693 992 733 eo
1005 673 1122 749 virere,
1138 673 1230 735 illum

190 761 354 843 presidem
364 761 481 824 habere
492 783 499 820 ε
512 783 585 844 ergo
598 783 637 822 ne
649 764 801 843 poeniteat
811 761 905 823 breve
915 762 1149 826 incommodum
1163 765 1229 846 pati

190 870 249 932 pro
261 872 294 913 re
306 869 370 915 tam
383 875 511 936 magna:
526 853 639 916 deinde
651 852 828 936 exemplum
840 851 935 914 habes
948 856 1089 938 Amyntae
1100 853 1231 917 nobilis·

191 939 263 999 simi
275 943 421 1023 pastoris,
434 945 487 1025 qui
500 941 597 1002 multa
610 962 719 1024 passus
732 956 795 1018 cst,
809 955 905 1002 artem
918 940 1000 1002 hanc
1012 956 1048 1004 ut
1058 944 1199 1006 disceret.

156 1111 160 1120 ι
232 1027 279 1090 36.
301 1033 430 1091 Animus
445 1029 536 1112 hujus
552 1032 658 1092 miseri
675 1032 821 1091 amatoris
838 1045 899 1106 est,
918 1051 964 1090 res
980 1051 1049 1094 suas
1063 1047 1230 1106 ostentare,

191 1135 255 1198 quo
267 1118 422 1182 efficacius
431 1141 562 1202 puerum
574 1134 769 1200 permoveat,
780 1139 870 1202 quem
882 1133 1044 1202 tantopere
1054 1119 1230 1203 deperibat3

191 1223 264 1286 ergo
277 1209 332 1284 ait,
345 1207 459 1269 babere
471 1230 503 1269 se
516 1207 668 1284 fistulam,
687 1229 752 1268 non
764 1229 1000 1291 quamcunque,
1013 1221 1045 1270 et
1055 1209 1232 1292 vulgarem,

191 1289 246 1350 sed
259 1313 327 1376 quae
340 1296 500 1356 simillima
513 1309 590 1356 esset
601 1294 712 1356 fistulae
726 1295 784 1355 Dei
799 1299 918 1358 Panos:
933 1315 1008 1356 num
1023 1317 1058 1356 ea
1073 1310 1139 1356 erat
1148 1317 1231 1358 com·

191 1393 279 1460 pacta
291 1403 308 1441 e
319 1399 436 1465 septem
450 1385 574 1458 cicutis,
586 1381 618 1442 id
632 1399 693 1460 est,
705 1382 831 1444 calamis
844 1383 1036 1468 disparibus:
1053 1400 1082 1444 et
1093 1383 1171 1444 bene
1182 1404 1230 1443 ex·

190 1465 285 1550 plicat
296 1473 372 1532 Caes.
391 1474 467 1534 Scal.
483 1493 591 1532 vocem
604 1486 709 1554 septem
726 1486 846 1535 tantum
862 1473 971 1534 referri
986 1472 1024 1532 ad
1044 1493 1230 1534 numerum:

193 1573 266 1617 nam
278 1557 437 1642 disparibus
450 1560 552 1622 solum
563 1560 601 1622 ad
615 1563 839 1644 quantitatem,
853 1561 999 1622 videlicet
1011 1557 1050 1620 de
1062 1559 1171 1624 ordine
1184 1580 1233 1622 ca·

192 1640 347 1706 lamorum
362 1649 574 1726 decrescente,
588 1664 623 1710 ut
630 1649 696 1732 jam
709 1671 803 1734 supra
816 1652 960 1734 explicui.

233 1733 280 1834 dy.
295 1737 398 1820 Pergit
413 1739 493 1800 fastu
510 1740 646 1822 quodam
664 1754 786 1822 pastor,
804 1753 834 1800 et
848 1737 1048 1802 commendat
1063 1737 1199 1800 fistulam
1214 1761 1232 1799 a
1337 1771 1343 1787 ·

193 1839 297 1902 primo
315 1845 487 1906 possessore
505 1828 658 1888 Damoeta.
677 1829 754 1906 Quae
772 1827 856 1890 dono
877 1825 944 1887 dari
964 1825 1078 1903 solent,
1096 1827 1232 1910 pretiosa

193 1923 279 1970 sunt:
294 1933 362 1994 quse
376 1917 407 1974 in
420 1929 532 1992 morte,
545 1929 580 1976 ut
589 1917 792 1988 amantissimi
805 1917 902 1978 animi
915 1914 970 1976 fiat
980 1915 1151 1991 attestatio,
1160 1928 1233 1976 sunt

193 1999 429 2078 pretiosissima:
446 2026 518 2086 ergo
532 2003 609 2065 mihi
625 2003 710 2065 dono
725 2003 796 2068 data
809 2019 856 2066 est
867 2003 985 2080 fistula,
997 2017 1028 2066 et
1037 1997 1231 2066 a'moriente.

194 2083 280 2160 Quin
291 2088 379 2150 addit
394 2090 488 2152 verba
504 2093 618 2152 amoris
631 2091 737 2174 plena,
756 2106 781 2153 te
792 2113 871 2152 nurse
883 2089 969 2152 tates
986 2093 1041 2152 ista
1054 2089 1231 2152 secundum:

194 2193 234 2232 an
250 2171 310 2237 boc
325 2199 437 2260 parum
453 2179 516 2242 est?
532 2180 611 2242 solet
625 2201 707 2240 mors
723 2181 822 2240 vicina
834 2200 939 2242 sensus
951 2199 1058 2266 omnes
1076 2179 1232 2260 abripere,

183 2265 225 2320 'et
233 2264 372 2326 animum
382 2289 532 2351 occupare
539 2284 684 2330 extremae
693 2267 878 2330 calamitatis
886 2288 968 2328 cura.
976 2267 1044 2328 Non
1054 2267 1096 2327 sic
1103 2265 1231 2329 accidit:

193 2367 267 2407 nam
283 2351 441 2415 Damoetas
456 2357 591 2417 moriens
605 2353 711 2416 adhuc
725 2357 846 2436 integro
860 2353 924 2416 fuit
941 2374 1048 2428 sensu,
1067 2366 1104 2413 ut
1118 2375 1233 2414 munus

193 2453 286 2496 suum
304 2441 550 2502 commendaret:
569 2445 672 2525 pergit
690 2439 851 2524 Corydon,
871 2440 976 2504 aderat
994 2443 1156 2523 Amyntas,
1178 2441 1233 2522 qui

194 2535 282 2586 tanto
298 2532 422 2590 muneri
439 2530 551 2591 invidit
565 2553 630 2614 prae
646 2530 777 2592 stultitia
794 2552 864 2607 sua,
883 2553 945 2614 qua
957 2529 1088 2613 putabat
1100 2525 1180 2604 fore,
1199 2541 1234 2589 nt
1324 2537 1328 2548 ’

194 2614 260 2695 ipse
272 2615 350 2678 mihi
362 2618 557 2702 praeferretur
570 2623 604 2682 in
621 2619 732 2681 ultima
748 2619 802 2681 illa
819 2623 935 2682 amoris
951 2621 1102 2682 Damoetoe
1118 2617 1233 2700 signifi·

192 2704 323 2766 catione.
336 2707 457 2790 Collige
469 2711 575 2770 omnia
589 2732 595 2767 :
614 2707 719 2770 fistula
734 2708 813 2769 mibi
827 2706 901 2770 data
915 2720 961 2768 est
974 2707 1073 2782 dono,
1092 2719 1125 2766 et
1136 2727 1154 2766 a
1167 2726 1234 2766 mo-

192 2792 303 2869 riente,
324 2809 445 2858 etcum
463 2797 692 2880 significatione
710 2800 825 2858 amoris
843 2798 875 2857 in
893 2809 992 2858 morte
1011 2797 1094 2878 ipsu,
1112 2807 1232 2855 etcum

194 2876 320 2942 alterius
332 2885 460 2946 invidia.
473 2885 573 2964 Quale
584 2907 657 2968 ergo
670 2885 804 2946 donum!

232 2967 282 3043 do.
304 2972 378 3033 Post
392 2975 697 3036 commendationem
715 2971 827 3036 fistulae
844 2974 948 3055 pergit
963 2969 1002 3032 ad
1022 2967 1142 3031 donum
1161 2968 1235 3029 alte·

195 3073 279 3132 rum,
298 3058 382 3138 quod
397 3075 498 3121 servat
513 3061 649 3122 Alexidi:
667 3074 741 3124 sunt
754 3060 832 3122 milri
846 3060 903 3120 duo
918 3056 1056 3140 capreoli,
1074 3053 1234 3137 proeclare3

193 3297 310 3350 presens
322 3301 377 3336 non
391 3285 531 3338 invenitur.
544 3289 593 3354 Ut,
606 3287 693 3357 Quon-
739 3295 905 3338 attereretur.
924 3280 987 3334 lnde
998 3277 1102 3332 Lueret.
1118 3276 1165 3330 lib.
1183 3278 1235 3343 lV,

195 3377 275 3432 quam
285 3357 390 3416 animus
403 3365 546 3418 meminisse
556 3365 648 3416 horret.
657 3393 692 3405 -
738 3365 804 3434 592:
820 3386 831 3408 ι
842 3363 919 3413 Uoco
937 3377 1006 3430 sepe
1024 3358 1100 3410 labro
1117 3355 1236 3410 calamos

194 3439 339 3494 labellum.
360 3445 471 3496 Parvum
490 3445 601 3498 labrum.
622 3446 690 3496 ilino
735 3439 867 3514 percurrit
885 3439 1020 3491 hiantes·
1037 3435 1110 3488 ldern
1130 3435 1235 3491 Lucrct.

194 3523 376 3576 inanissimam
397 3521 506 3595 quidem
526 3535 630 3576 tentant
653 3525 691 3574 la·
735 3519 914 3584 iteratlib.V,
929 3519 1005 3586 1406.

195 3621 256 3656 cere
269 3601 454 3654 discretionem
467 3622 473 3653 :
486 3618 515 3655 ut
525 3605 640 3654 virorum
651 3601 692 3654 la·
772 3601 814 3654 36.
828 3599 981 3670 Disposibrss
992 3607 1088 3670 septem
1099 3607 1236 3668 compacto

196 3683 261 3744 bra,
275 3681 416 3734 mulierum
429 3681 500 3734 labia
516 3680 646 3732 dieantur.
664 3681 691 3732 S.
736 3680 836 3734 cicutr's.
854 3677 1031 3749 lnretpsalibus
1048 3677 1148 3728 cannis.
1167 3677 1237 3742 Nam

197 3758 346 3814 -catams
358 3760 455 3812 trivisse
462 3758 692 3828 labellum.Quum
738 3773 764 3814 et
776 3759 916 3811 harmonia
929 3755 1065 3827 inequalis
1078 3767 1125 3808 est.
1144 3753 1238 3807 Cicuta

196 3853 297 3912 septem
309 3851 396 3892 essent
405 3839 515 3908 calami,
528 3839 692 3898 necessario,
738 3851 826 3893 autem
838 3850 877 3890 est
886 3838 1019 3908 spatium,
1033 3833 1156 3907 quodem
1169 3837 1237 3887 inter

199 3915 694 3990 utsonusederetur,omnespereur·
738 3935 884 3972 cannarum
906 3914 1000 3968 nodos.
1025 3943 1060 3954 -
1085 3915 1235 3984 compacta.

199 3987 341 4049 rebantur:
353 3997 423 4050 unde
433 3997 527 4063 flebat,
539 4009 569 4050 ut
581 3997 696 4069 plerum·
738 3997 901 4068 conjuncta:
913 4008 959 4062 ut,
977 3993 1082 4047 Turrim
1097 3991 1237 4064 compactis

201 4094 253 4150 que
273 4077 376 4131 labrum
395 4077 553 4149 lederetur,
572 4089 598 4134 st
614 4079 696 4133 veluti
742 4075 855 4131 trabibus
863 4091 944 4149 qrssm
956 4075 1082 4129 eduxerat
1093 4071 1152 4144 ipse.
1163 4071 1235 4124 Sem.
