3000 4674
525 393 574 456 lu
601 390 847 458 ECLOGAM
870 394 896 456 l.
1165 421 1225 487 2²7

189 513 340 588 Galatea,
358 511 472 574 fatetur
489 515 638 594 ingenuo,
657 533 706 590 ae,
725 531 819 594 quant
838 515 893 576 diu
912 517 970 577 sub
986 518 1071 582 illius
1085 519 1228 584 dominio

188 604 264 680 fuit,
279 624 333 664 nec
347 623 434 686 spem
448 601 595 666 babuisse
607 601 777 676 libertatis,
789 623 847 664 nec
859 625 965 668 curam
977 608 1106 690 peculii,
1122 632 1184 694 quo
1197 632 1229 672 ao

190 693 366 754 redimeret.
373 694 452 754 Nam
459 693 605 774 quamvis
612 711 697 764 ovea,
707 711 776 771 quar
786 690 825 752 ad
838 693 994 756 victimam
1004 697 1230 774 vendebantur,

190 780 297 852 multae
312 803 348 842 ex
361 785 425 844 auia
444 783 536 863 teptis
551 783 685 856 exirent3
704 795 735 842 ot
753 784 894 862 quamvis
913 784 1049 850 multum
1068 807 1231 850 caseorum

189 869 358 930 conficeret
375 868 415 930 ad
429 889 520 930 usum
535 866 637 944 urbis,
656 889 820 949 nunquam
837 883 940 933 tomen
959 873 1026 952 ejus
1041 872 1163 936 dextera
1178 874 1234 936 do-

190 977 277 1026 mum
285 955 407 1018 redibat
417 977 477 1020 oere
488 959 607 1038 gravis,
620 959 901 1020 nummiaouerata.
910 959 938 1022 Ο
946 961 1099 1042 ingratam
1107 964 1230 1025 urbemi

229 1045 277 1128 37.
287 1045 394 1128 Fingit
402 1045 584 1122 Meliboeus
591 1044 780 1127 Amaryllida
794 1048 1003 1113 tristissimam
1013 1047 1119 1124 fuisse,
1128 1071 1233 1131 quam·

188 1132 243 1197 diu
254 1133 374 1196 aberret
383 1134 456 1196 iuda
466 1136 569 1210 Maro,
580 1155 649 1214 quae
659 1155 771 1216 magna
780 1133 865 1196 lauat
878 1137 997 1217 integra
1010 1136 1069 1197 loci
1080 1141 1233 1201 sententia

189 1234 252 1280 eat:
265 1221 412 1296 mirabar,
422 1243 442 1282 ο
455 1220 617 1302 Amarylli,
629 1243 684 1283 cur
696 1222 815 1285 tamdiu
827 1223 922 1285 tristia
935 1243 1027 1298 esses,
1036 1225 1232 1304 jactatasque

189 1307 228 1368 ad
249 1310 329 1370 Dana
348 1307 491 1390 quarelae
510 1307 598 1369 tuas?
615 1329 672 1368 our
689 1311 784 1370 etiam
802 1331 897 1392 ponta
912 1307 1044 1370 haberes
1063 1309 1234 1390 pendentia

190 1396 293 1456 adhuc
312 1418 349 1456 ex
368 1398 548 1472 arboribus,
570 1399 613 1460 itt
631 1412 667 1459 ut
686 1417 778 1470 neoto
798 1420 833 1460 ea
853 1419 1021 1481 pomorum
1039 1395 1234 1479 jucunditate

189 1484 363 1546 frueretur?
378 1498 408 1544 et
420 1485 545 1546 tandem
558 1486 709 1562 intellexi,
727 1507 795 1547 eam
812 1490 971 1548 tristitiam
986 1507 1044 1569 pro
1058 1488 1166 1568 Tityro
1182 1487 1235 1546 ab·

189 1587 275 1634 sente
285 1593 366 1648 ease,
377 1594 413 1634 aa
423 1595 517 1656 poma
527 1577 648 1656 integra
658 1579 773 1636 servari
785 1575 848 1652 illi,
858 1599 951 1662 quant
963 1578 1113 1636 nimirum
1124 1577 1232 1656 pinus,

189 1661 1233 1750 fontes,arbustainclamabant.(Quidsuarius!llrrrtrrpacedirarn.)
1261 1715 1270 1752 ,
1313 1689 1323 1708 ι

188 1807 251 1858 sam
260 1815 284 1857 te
293 1816 363 1858 terret
371 1804 454 1860 altero
460 1770 564 1881 eonjuxl
573 1808 685 1862 Catulle
732 1821 805 1861 stans
817 1809 882 1882 Pop.
893 1811 940 1860 llo.
950 1810 1080 1880 suffragia
1089 1809 1158 1860 ferre
1171 1827 1234 1858 ron·

192 1885 261 1936 Terre
283 1886 372 1942 Tltetir
389 1888 477 1940 ιειιιιίι
492 1885 688 1959 pulcherrima?
732 1903 863 1942 sueverat.
875 1889 927 1942 Sed
944 1892 1072 1960 quonian
1088 1887 1143 1940 hac
1158 1901 1235 1958 repta

187 1965 293 2018 Terent.
306 1967 356 2019 Ad.
374 1970 397 2018 ll
405 2005 413 2031 ,
430 1969 460 2034 4,
475 1969 525 2020 ι6ι
544 1968 629 2022 Teneo
640 1985 688 2038 eqo
732 1970 830 2022 similia
842 1982 903 2024 sunt
916 1970 1046 2034 orilibua,
1059 1967 1114 2020 duo
1126 1966 1182 2020 bare
1197 1969 1236 2018 in·

189 2056 231 2110 te,
243 2065 301 2098 mea
312 2043 472 2118 Antiphila?
480 2049 623 2118 Apuleiue:
638 2047 688 2100 Te·
733 2047 818 2101 ricem
829 2067 878 2119 pro
886 2066 915 2100 re
924 2059 1078 2119 ponuntur:
1093 2058 1122 2097 ut
1133 2045 1186 2098 boc
1196 2045 1237 2098 lo-

189 2143 237 2176 neo
248 2136 286 2190 te,
301 2136 373 2180 teneo
389 2137 433 2192 te,
448 2125 689 2198 eneampolumbu·
734 2143 767 2178 oo
781 2137 851 2196 repta
866 2145 915 2198 pro
928 2127 1042 2178 orilibna
1057 2127 1155 2196 potuit.
1169 2126 1235 2178 ltern

188 2201 254 2256 lum.
279 2207 325 2258 llie
354 2207 500 2278 opponitur
522 2205 687 2276 delinquere.
733 2204 1235 2270 bueuuroantraditmueremuru·

188 2285 689 2358 l’luutrraldort.:Reliquitdereruitpue
733 2282 801 2334 iuuit
811 2283 892 2336 ouilia
905 2285 999 2336 llomae.
1013 2284 1165 2346 luvenalis,
1178 2285 1235 2336 Art·

188 2380 247 2430 ma,
260 2377 312 2417 etc.
323 2364 460 2435 videque
473 2363 508 2416 ad
519 2363 603 2416 Plaut.
614 2363 687 2416 Poerr.
734 2361 808 2433 tiqao
818 2394 820 2403 ·
831 2382 889 2434 quoe
910 2368 1030 2435 prosimu
1054 2365 1140 2436 serpit
1158 2363 1231 2417 ovili.

189 2443 257 2496 Prol.
265 2443 391 2496 eGruteri
398 2461 470 2513 euep.
476 2441 687 2494 dirimerent.
732 2439 925 2513 Sanel'inpuie
935 2443 1029 2494 melius
1040 2442 1075 2494 ad
1084 2445 1234 2506 victimnn,

223 2522 266 2575 33.
280 2521 337 2574 Nee
351 2540 406 2593 aper
420 2519 546 2572 libertatis
556 2529 626 2584 eret,
641 2537 689 2574 ner
734 2535 814 2592 quarn
826 2521 862 2572 ed
868 2539 978 2574 eoseum
992 2522 1199 2576 refutandam.

186 2619 251 2652 eura
264 2599 362 2672 peculi.
378 2600 434 2652 Nae
446 2615 554 2670 sperare
567 2610 688 2668 poteram
768 2601 811 2654 35.
829 2602 944 2674 lnpmtoe
963 2602 1035 2654 Urbi.
1058 2603 1129 2670 Quia
1150 2621 1233 2674 quum

187 2677 338 2733 libertatem
359 2681 386 2732 io
410 2693 539 2750 oppressa
561 2678 687 2746 civitate,
733 2681 1024 2736 elimentaoiritatbbae
1034 2694 1234 2755 praetenturex

187 2758 346 2812 neebabere
361 2777 452 2812 ruram
465 2757 627 2828 patrimonii.
640 2757 690 2810 Pe·
732 2763 892 2819 maritorum
908 2761 1018 2826 labore,
1035 2775 1062 2816 et
1077 2765 1105 2814 iu
1119 2761 1161 2818 lrie
1173 2781 1234 2815 rua·

186 2837 243 2890 eali
253 2851 342 2892 autem
355 2851 400 2892 ιιιι
412 2831 522 2907 antiqua
532 2835 614 2900 dixit,
624 2838 688 2906 quia
733 2842 778 2892 tiei
790 2842 871 2892 etiam
883 2839 1039 2894 deridentur
1052 2860 1069 2894 a
1077 2842 1194 2908 ritibus,
1207 2855 1234 2895 et

188 2936 266 2971 omne
277 2919 466 2990 patrimonium
480 2915 552 2990 apud
563 2917 687 2986 antiquos
732 2919 815 2972 multa
828 2919 959 2992 perdunt,
971 2933 999 2978 et
1010 2919 1182 2974 adreetumu
1196 2941 1234 2975 re·

186 2996 323 3069 peculium
334 2997 490 3062 dicebatur,
502 3014 519 3050 ιι
531 2997 686 3066 ρεισιὶὴιιιι
730 3018 791 3051 rnrn
799 3003 886 3072 pretia
895 3001 988 3070 iniqua
996 3002 1152 3070 suscipiunt
1161 3003 1231 3052 Serv.

185 3076 689 3150 inquibureommeonaobatuntvar»
767 3079 810 3132 δᾶ
831 3081 896 3132 AEre
915 3079 1011 3152 previa
1037 3078 1067 3130 ld
1088 3092 1146 3144 eet,
1167 3098 1222 3130 nun

187 3175 217 3212 ta
229 3161 379 3214 substantia
387 3181 394 3210 ι
402 3157 562 3212 ιιιιάιιιίιιιιι
570 3159 687 3228 pecunie
733 3176 814 3228 qnam
829 3158 924 3210 lorulir
936 3158 1021 3230 probe
1036 3156 1152 3229 inpletis
1165 3156 1233 3209 redi·

186 3237 260 3291 dicta
278 3250 318 3291 eet
335 3256 351 3291 a
366 3237 472 3308 peculio
487 3256 495 3297 r
512 3247 558 3288 aut
573 3249 644 3288 oerte
660 3249 687 3290 et
731 3235 808 3298 bam,
822 3256 872 3307 pro
884 3255 937 3308 quo
947 3237 1069 3290 Juvenal.
1082 3236 1151 3302 XIV,
1166 3236 1232 3288 282:

186 3315 239 3370 boe
254 3316 288 3370 ad
301 3335 419 3370 mortum
436 3328 586 3386 temporum
603 3317 687 3386 perti·
732 3325 803 3366 tenso
809 3313 882 3384 folle
891 3316 983 3368 metti
993 3353 1001 3379 ,
1014 3315 1042 3368 id
1051 3327 1233 3380 eat‚tameute

186 3412 320 3450 aetenam
330 3394 524 3449 moderantum
535 3394 601 3448 reni
610 3412 688 3465 pera·
730 3411 786 3465 pne
796 3395 909 3445 nummis
924 3395 1069 3464 marsupio.
1087 3394 1235 3448 uenerem:

187 3477 253 3529 lium
264 3477 394 3530 dicimur:
410 3489 439 3528 ut
455 3473 586 3528 invidiose
602 3477 686 3547 patri-
730 3492 792 3526 narn
802 3489 836 3524 ιιι
846 3474 1075 3544 antiquissimum,
1089 3471 1161 3544 quod
1169 3491 1234 3525 oon·

187 3558 305 3610 monium
324 3574 401 3608 ιιιιιιι
419 3555 515 3608 dixerit
531 3553 686 3627 peculium,
730 3554 823 3606 ilatum
838 3569 955 3624 perure,
972 3559 1069 3624 pecore
1087 3567 1143 3606 erat
1157 3568 1233 3606 nota·

187 3655 219 3689 ae
241 3639 263 3690 ti
281 3653 371 3689 nervus
393 3647 485 3687 errat:
506 3635 570 3704 quia
590 3653 619 3686 ee
640 3633 687 3688 die
730 3634 919 3698 tum,utVarr.
932 3631 1005 3684 dell.
1018 3633 1048 3684 ll.
1061 3633 1094 3698 ll,
1111 3633 1230 3686 almar.

188 3715 261 3788 epod
276 3717 415 3769 Mantuam
430 3715 544 3768 territae
558 3733 688 3768 memora
767 3711 959 3784 37.Amorylli.
971 3715 1115 3768 vocativus
1125 3713 1232 3768 Grerut

187 3799 233 3848 rit.
246 3799 318 3854 Sane
324 3793 431 3868 peculi,
446 3813 495 3866 pro
506 3791 626 3866 peculii,
638 3813 688 3866 per
732 3807 789 3858 eet,
808 3795 854 3864 qui
865 3793 1005 3846 breviaret
1021 3795 1234 3866 quotieerunque

185 3877 337 3947 apomesim
346 3873 447 3928 dictum
459 3885 507 3926 eet.
522 3873 593 3926 Serv.
732 3874 912 3924 norninetirur
929 3874 957 3924 iu
975 3873 995 3926 ir
1013 3875 1186 3926 terminatur:
1203 3885 1233 3926 nt

224 3957 266 4020 34.
283 3955 375 4008 Exiret
390 3955 497 4008 victima
509 3953 594 4025 replis.
608 3953 688 4024 Septa
732 3951 888 4022 Aararyllia,
909 3951 1011 4004 Pione:
1032 3953 1069 4004 ita
1092 3953 1231 4018 Horatius,

189 4037 298 4105 proprie
309 4049 370 4087 eunt
384 4035 444 4087 loca
458 4035 487 4088 io
499 4031 602 4105 Garnpo
617 4033 689 4088 Mar·
732 4030 780 4083 lib.
791 4030 835 4096 lV,
847 4029 891 4080 od.
903 4029 934 4093 3,
946 4049 971 4082 v.
989 4031 1019 4082 rt
1031 4052 1038 4081 r
1050 4027 1161 4080 Duleem
1172 4045 1233 4100 quir

189 4114 227 4164 tio
248 4111 351 4170 inclute
373 4115 520 4170 tabulatirr
541 4116 569 4168 iu
590 4111 687 4185 quibua
732 4110 870 4182 strepitum
878 4111 951 4162 Pieri
960 4121 1093 4180 temperer.
1106 4105 1179 4160 Serv.

1020 4193 1060 4246 15.
