2998 4670
362 381 414 446 1u
438 376 825 444 oaonorconuu
847 377 940 444 mn.
966 383 1040 446 111.
1158 385 1219 475 547

183 504 286 588 signat
297 524 353 586 per
363 501 547 564 frondosam
560 513 714 562 aestatem:
729 499 834 574 dccet,
848 500 961 563 debere
975 524 1040 564 esre
1055 503 1156 566 mollia
1166 523 1223 571 sto·

185 592 270 668 holm
287 591 348 654 boc
367 591 521 674 explicat:
541 591 643 666 edico,
665 593 783 672 inquit,
804 605 840 650 ut
858 590 961 668 tellus,
982 615 1052 674 qum
1066 596 1146 657 dura
1162 615 1222 674 est,

183 695 338 743 sternatur
354 681 450 742 multa
464 679 593 763 stipula,
606 678 713 739 multis
725 678 895 760 manipulis
908 679 1042 756 filicum,
1059 705 1098 745 ne
1113 686 1223 766 glacies

183 769 298 854 leigida
311 770 403 832 laednt
415 791 509 854 pocus
521 772 629 830 orium
645 768 739 830 molle
751 781 782 828 et
796 784 951 845 tenerum3
964 791 1003 830 ne
1017 773 1149 835 scabiem
1164 776 1223 839 hoc

183 879 293 942 pecua,
306 880 344 920 ne
358 859 531 942 podagram
543 855 718 920 contrahat.

222 951 290 1011 300.
312 950 357 1010 Ab
379 948 491 1012 ovibua
512 948 611 1009 tendit
634 947 672 1008 ed
695 966 815 1028 capras,
837 945 951 1028 quihus
972 945 1075 1006 danda
1097 949 1223 1030 arbuta3

182 1035 287 1098 (lauda
301 1039 428 1119 largiter
441 1059 522 1118 aqua
537 1057 661 1118 semper
672 1047 812 1095 recenter
822 1031 949 1106 haustu,
965 1049 994 1094 et
1010 1033 1070 1094 hoc
1083 1037 1176 1096 etiam
1191 1042 1224 1100 in

183 1123 328 1202 stabulis,
348 1127 441 1186 sicuti
461 1127 583 1186 ovibus.
602 1123 697 1185 Jubet
715 1143 789 1183 vero
806 1136 842 1182 ut
858 1120 980 1184 stabula
999 1125 1143 1204 opposita
1161 1129 1225 1189 sint

181 1212 323 1298 hyberno
344 1215 426 1274 Soli:
448 1213 533 1298 quod
552 1213 622 1289 fiat,
641 1215 666 1273 ai
684 1231 833 1273 conversa
851 1213 913 1272 siut
931 1209 970 1270 ad
990 1210 1161 1274 meridiem.
1183 1219 1225 1276 Ut

182 1403 208 1442 et
217 1391 284 1442 aeria
293 1392 447 1461 temperati,
457 1391 498 1443 vel
507 1388 680 1464 propterpla·
724 1387 910 1452 immunditia,
928 1386 1091 1440 vulneribus.
1105 1417 1141 1430 -
1158 1388 1225 1441 Ver-

183 1487 243 1540 ssam
256 1469 415 1532 australem
431 1470 473 1522 vel
490 1484 600 1543 propter
617 1489 681 1542 tup-
724 1469 788 1520 hum
803 1468 919 1541 podopra
935 1467 1084 1521 Columella
1098 1470 1178 1520 etiam
1191 1467 1224 1522 de

182 1550 283 1620 potitus
296 1548 392 1602 herbae
403 1550 652 1604 animalihua.Sew.
725 1547 831 1620 palliatio
852 1560 965 1619 usurpat
987 1547 1056 1619 pede
1078 1548 1226 1602 laboranti·

220 1627 355 1696 296.Dum
363 1647 432 1679 mox.
439 1629 531 1681 Celsus
539 1629 601 1681 dom
610 1647 680 1695 mcx,
726 1629 793 1692 bus,
813 1645 869 1698 quar
882 1629 909 1678 in
923 1627 1011 1678 lutoso
1025 1627 1082 1678 eolo
1095 1629 1224 1680 steterint.

182 1723 233 1776 pro
240 1705 320 1758 donec
330 1707 588 1779 interpretatnrned
595 1721 625 1760 nt
634 1727 683 1780 pu·
729 1706 760 1759 V.
774 1707 805 1758 G.
818 1737 850 1747 -
864 1706 1148 1780 Turpisquepodcqrnc.
1159 1709 1226 1760 lies·

182 1797 299 1850 to,mox‚
309 1787 685 1861 abundat.Plrilory.-an·
727 1788 799 1858 pexit
812 1785 846 1838 ad
859 1804 966 1851 curam,
983 1805 1042 1858 que
1058 1789 1114 1840 aine
1130 1790 1227 1859 pannio

181 1864 243 1916 dora
252 1866 463 1922 rnlucitoroextus.
472 1871 564 1920 Donec
573 1886 684 1920 vernum
728 1878 754 1918 et
763 1864 985 1918 medicaminibus
995 1865 1111 1919 cordidit
1122 1885 1176 1919 non
1188 1867 1227 1918 lit.

182 1955 287 2015 tempux
304 1944 445 1998 adveniam
462 1965 540 2012 nam,
560 1959 589 2001 ut
605 1949 684 2000 etiem
764 1943 823 1996 300.
835 1945 898 1996 Post
908 1944 975 1996 hinc.
989 1945 1077 2011 Quum
1090 1944 1141 1998 boc
1152 1948 1227 2000 fece·

183 2025 210 2075 in
222 2027 310 2097 primo
320 2025 447 2086 diximus,
456 2045 503 2080 rer
515 2039 541 2078 et
553 2037 642 2090 emax,
652 2027 687 2078 ai·
727 2026 764 2077 ris
775 2047 782 2075 z
794 2037 820 2077 et
830 2025 892 2077 Post
902 2024 976 2090 hinc,
992 2043 1074 2078 unum
1084 2041 1175 2090 vacam
1194 2030 1229 2080 ai-

184 2117 230 2156 cut
252 2107 331 2156 etiam
354 2104 445 2178 hyems
471 2119 498 2158 et
521 2119 683 2172 autumnur,
728 2103 953 2156 cutrPrr‘musibi
968 2115 1029 2156 onte
1044 2123 1138 2158 omues.
1154 2106 1225 2159 Serv.

185 2201 269 2236 unum
280 2185 388 2236 fuerunt
398 2184 544 2237 secundnm
554 2186 683 2236 rationem
727 2213 763 2223 -
775 2185 856 2236 Iubeo
865 2184 1019 2256 frondentia
1033 2187 1116 2256 capris
1129 2186 1227 2239 Arbuta

182 2262 371 2334 hemispherii.
382 2266 451 2316 Seru.
461 2263 571 2316 -Sane
580 2276 682 2315 reterea
726 2259 851 2334 sufficere.
862 2263 901 2313 De
912 2263 1016 2332 capric,
1030 2281 1088 2332 que
1099 2281 1228 2336 accipen-

184 2361 283 2394 annum
292 2345 317 2394 in
326 2344 460 2413 duplicem
468 2355 571 2396 tantum
578 2354 682 2413 partem
726 2341 760 2390 do
774 2357 870 2391 nomen
885 2341 1045 2404 sortiuntur,
1054 2342 1131 2392 Varc.
1144 2342 1176 2395 de
1189 2345 1226 2396 Re

184 2421 354 2486 dividebant,
366 2422 500 2494 hyemem,
513 2434 539 2472 et
551 2432 681 2473 aretatem:
725 2419 799 2470 linat.
820 2419 859 2485 ll,
876 2419 908 2470 32
927 2419 1074 2470 Paterentur
1091 2423 1228 2492 apartibus

182 2500 270 2572 hyemi
287 2515 459 2566 autumnum,
476 2503 560 2552 maturi
574 2519 621 2552 ver
636 2499 683 2551 ad·
720 2497 867 2569 fmticibus.
883 2497 964 2547 Jubeo
978 2495 1108 2570 mfficere,
1121 2499 1226 2572 elegan-

183 2581 334 2633 nectehant.
359 2581 474 2652 lleyniua
500 2580 544 2631 hic
569 2579 681 2644 errarit,
726 2579 842 2630 tissimus
853 2575 981 2647 loquendi
991 2577 1094 2630 modus.
1105 2579 1165 2632 Ter.
1176 2582 1225 2650 tv,

183 2657 243 2712 vol.
255 2662 282 2726 l,
294 2679 355 2734 pag.
369 2659 431 2726 468.
726 2659 760 2723 3,
773 2656 804 2708 3:
811 2657 891 2730 jubeo
907 2655 1063 2710 Chremetem
1074 2659 1178 2712 coluere.

220 2758 279 2810 ²99·
290 2740 373 2792 Molle
382 2757 468 2812 pecus.
483 2735 595 2812 Attinpit
606 2749 684 2790 natu·
762 2737 822 2790 301.
838 2736 941 2790 fluvios
951 2737 1061 2809 prebere
1073 2743 1185 2796 recentis.
1197 2740 1228 2794 ld

184 2823 355 2883 rainerium,
368 2837 427 2890 que
436 2817 605 2870 mollixsime.
615 2815 683 2870 Scri-
727 2831 884 2890 eat,aquam
893 2816 1227 2874 recenterhauxtamcnam

184 2901 224 2954 hit
236 2901 345 2951 Aristot.
363 2900 430 2951 iliat.
446 2899 532 2952 Anim.
545 2899 618 2965 Vlll,
633 2898 683 2965 ad,
727 2903 750 2950 xi
762 2901 866 2972 pigram
880 2900 1047 2970 potaverint,
1065 2901 1153 2951 statim
1165 2918 1228 2952 con·

184 2997 246 3031 ovea
259 2979 352 3030 iisdem
364 2978 464 3030 morbis
475 2979 612 3042 infestari,
625 2978 684 3048 qui-
727 2977 835 3031 trahunt
849 2976 978 3028 morbum.
991 2977 1061 3029 Sero.

184 3059 234 3112 bua
247 3057 385 3108 homines:
399 3059 436 3108 ita
449 3057 595 3109 imbecilles
605 3069 682 3120 aunt,
763 3058 823 3112 303.
836 3056 879 3108 Ad
893 3055 1005 3106 medium
1016 3073 1134 3106 conversa
1148 3055 1224 3108 diem,

184 3149 213 3188 ut
225 3134 334 3208 gravida
347 3134 470 3186 abortum
482 3137 579 3198 faciat,
592 3147 684 3187 tonan·
727 3139 764 3190 Ex
770 3137 853 3207 plicui
872 3135 1030 3186 sententiam
1047 3132 1175 3204 integram
1193 3134 1227 3188 de

184 3228 211 3267 te
218 3215 296 3278 celo,
308 3211 378 3284 quod
392 3212 484 3264 scribit
495 3211 565 3264 idem
573 3214 681 3265 Aristot.
728 3214 838 3268 meridie
850 3225 956 3264 aecutua
970 3209 1162 3278 Columellam,
1179 3216 1225 3286 qui

184 3296 251 3346 ilict.
264 3291 377 3345 Animal.
389 3292 440 3356 ill,
452 3292 477 3344 3.
491 3291 685 3345 Caede-Sca·
729 3293 794 3346 nihil
807 3291 840 3344 cle
852 3293 975 3356 Oriente,
988 3302 1107 3356 tantum,
1119 3311 1149 3344 ec
1158 3293 1227 3364 (sta-

185 3375 301 3446 hiemque
308 3374 387 3444 serat.
400 3370 459 3435 Sic,
475 3369 521 3422 uhi
534 3369 567 3422 de
579 3373 684 3441 pecori·
727 3371 807 3437 bula)
822 3369 887 3441 poni
902 3369 992 3420 debent
1005 3379 1093 3420 eontra
1111 3371 1224 3424 medium

186 3453 259 3504 ovilli
269 3449 400 3503 medicina
408 3451 471 3523 epit,
478 3449 617 3502 Columell.
626 3451 682 3514 vlt,
727 3452 795 3503 diem
807 3469 814 3500 .·
831 3463 856 3502 et
871 3448 942 3500 Serv.
955 3447 1147 3518 explicantem:
1163 3475 1174 3499 ι
1187 3451 1227 3504 bi·

187 3533 202 3586 5
213 3555 219 3584 :
236 3534 299 3584 Oves
309 3531 487 3603 frequentius,
504 3549 582 3603 quom
597 3529 683 3582 ullum
731 3529 836 3584 themo
847 3526 915 3595 Soli,
925 3528 1025 3580 Contra
1035 3527 1142 3600 plagam
1151 3534 1229 3585 meri·

186 3611 260 3665 nliud
277 3609 378 3661 animal
385 3647 394 3674 ,
415 3609 572 3681 infestantur
587 3611 682 3674 scabie,
731 3633 742 3658 ι
753 3609 874 3672 dianam,
885 3623 1022 3678 perquam
1033 3606 1076 3658 Sol
1086 3611 1169 3663 currit
1179 3633 1228 3684 per

187 3706 237 3746 etc.
249 3711 256 3752 ;
271 3707 329 3762 quac
342 3688 399 3740 lucc
412 3701 496 3740 totum
508 3707 614 3762 gregem
626 3689 684 3742 bre-
731 3689 883 3751 ahimam,
896 3685 967 3758 quod
981 3685 1105 3757 explanat
1119 3689 1226 3758 dicent,

187 3773 294 3822 vicaimo
314 3769 439 3839 temporis
458 3771 545 3840 apatic
565 3769 685 3840 coinqui·
732 3791 744 3815 ι
754 3768 794 3819 hd
806 3767 921 3820 medium
930 3785 1058 3820 conversa
1065 3767 1154 3820 diem·
1165 3793 1171 3832 ;
1181 3775 1228 3824 ita·

187 3869 252 3902 nare
264 3861 291 3900 et
305 3846 434 3900 conficere
445 3847 520 3900 solet.
533 3846 598 3899 lude
606 3848 686 3899 Juvo·
731 3866 782 3918 que
789 3845 985 3917 perhibernnm
993 3844 1093 3908 Solem,
1103 3850 1229 3922 intelligit

188 3928 242 3980 nal.
259 3927 311 3979 Sat.
325 3927 365 3992 ll,
384 3943 438 3997 79:
457 3927 530 3980 Sicut
542 3943 605 3997 prex
621 3937 688 3978 totur
730 3937 833 3979 tontum
851 3923 987 3977 meridiem
1002 3944 1008 3974 z
1023 3939 1048 3976 et
1065 3925 1225 3981 Germanum

189 4009 216 4059 in
233 4009 301 4080 apris
319 4007 400 4058 Unius
413 4007 493 4060 scabie
507 4005 583 4056 cadit.
601 4007 685 4058 limm.
731 4002 907 4056 adducentem
933 4022 964 4056 ex
996 4003 1173 4074 Xenophonte
1199 4011 1227 4061 in

188 4117 224 4128 --
232 4085 339 4140 Scabies
352 4087 451 4160 frigore
464 4087 594 4153 nascitur,
602 4086 687 4152 lame,
730 4084 878 4140 OEcouom.
889 4082 982 4136 domoc
992 4095 1142 4155 spectantee
1151 4089 1229 4144 meri.
