3000 4674
494 389 546 454 IN
571 388 819 454 ECLOGAM
842 389 882 452 V.
1147 395 1208 461 285

207 511 255 588 do.
268 515 355 595 Agite
362 531 436 573 vero
446 523 599 594 pastores,
610 510 823 594 Daphnidem,
833 523 868 571 ut
877 511 977 571 Deum
987 509 1079 572 colite
1088 533 1096 570 τ
1106 514 1212 596 itaque

167 599 258 662 liores
270 600 377 682 jacite,
392 599 494 662 fontes
510 600 673 661 arboribus
691 600 891 660 inumbraret
907 598 961 659 ille
969 597 1073 680 jubet,
1091 613 1122 660 et
1139 623 1212 662 cum
1319 659 1322 666 .

167 689 315 769 imperi03
327 702 444 771 potest,
452 701 487 750 ut
495 691 548 770 qui
556 690 654 750 Deus:
666 689 774 768 erigite
781 687 952 762 tumulum,
963 687 1067 749 addite
1076 707 1211 766 carmen,

167 775 257 858 cujus
272 776 338 840 hec
355 781 395 840 sit
409 780 582 840 sententia:
604 779 671 859 Ego
685 797 753 838 sum
769 775 912 860 Daphnis
930 776 999 852 ille',
1018 779 1071 858 qni
1086 799 1104 838 a
1118 779 1212 862 sylvis

168 867 252 924 viam
267 868 300 926 in
316 867 440 954 θύμω,
459 881 577 928 etcum
595 866 694 942 fama,
712 868 829 950 reperi:
845 865 931 948 cujus
942 863 1209 948 pulchritudinem

168 953 242 1013 inde
260 953 506 1038 colligas,.quod
522 956 698 1017 formosum
717 974 811 1037 pecus
830 975 927 1037 quum
946 955 1101 1035 paverim,
1118 956 1212 1038 lunge

168 1043 234 1125 ipse
244 1064 328 1104 eram
341 1045 520 1123 formosior.

209 1128 258 1206 45.
273 1133 406 1196 Divinus
416 1149 566 1216 eapoeta,
579 1155 598 1196 o
611 1133 734 1220 Mopse,
747 1155 813 1194 non
828 1145 863 1194 tu
875 1131 1047 1205 humanus;
1062 1152 1163 1214 neque
1178 1153 1214 1192 ex

169 1217 246 1294 illis,
258 1242 336 1302 quos
349 1222 434 1284 fama
447 1221 776 1283 baconusoelebravir
786 1245 793 1281 ε
805 1213 1005 1283 'dulcissimus
1020 1232 1064 1281 est
1076 1241 1170 1303 sopor
1181 1223 1215 1280 in

169 1311 287 1370 virente
302 1309 400 1372 herba
416 1311 628 1373 animantibus
647 1312 749 1386 fessis3
767 1311 946 1373 dulcissima
965 1331 1045 1392 aqua
1061 1311 1095 1370 in
1114 1321 1217 1372 aestate

170 1398 210 1458 ad
227 1399 313 1458 sitim
328 1401 596 1480 restinguendam,
615 1402 639 1460 si
656 1391 828 1482 presertim
844 1397 1007 1460 hauriatur
1022 1419 1039 1458 a
1053 1397 1154 1458 rivulo
1170 1420 1217 1460 sa-

169 1483 279 1559 liente,
294 1498 385 1567 atque
399 1501 552 1570 strepente
568 1489 650 1548 inter
664 1488 817 1569 glaream,
834 1491 869 1548 in
884 1509 948 1570 quo
962 1485 1032 1568 plus
1047 1499 1091 1545 cst
1104 1483 1218 1568 volup·

170 1573 259 1632 tatis:
274 1571 322 1632 his
336 1573 426 1635 rebus
441 1595 566 1638 carmen
578 1591 668 1638 tuum
682 1597 851 1659 comparo:
866 1574 931 1636 haec
946 1573 1115 1646 sententia:
1126 1586 1218 1633 tuum

171 1679 297 1720 carmen
314 1675 360 1722 est
380 1663 441 1724 tale
458 1664 626 1745 quiddam,
648 1666 739 1746 quale
760 1664 912 1747 quiddam
931 1677 975 1724 est
995 1681 1104 1743 sopor,
1125 1661 1217 1742 quale

173 1747 325 1827 quiddam
346 1764 389 1812 est
407 1755 595 1835 restinguere
610 1756 710 1829 sitim,
724 1768 782 1815 etc.
804 1751 943 1813 Clarius:
965 1766 1027 1811 tam
1047 1769 1140 1810 suave
1155 1763 1218 1823 est3

173 1855 269 1916 quam
282 1859 390 1920 sopor,
403 1863 498 1923 quarn
512 1844 670 1903 restinctio
683 1845 747 1904 sitis
762 1863 842 1924 aqua
856 1861 934 1924 pura
947 1839 1069 1901 sedate.

214 1922 262 2000 48.
280 1929 340 1989 Par
354 1951 385 1990 es
399 1934 631 2012 magistratus,
649 1953 717 1993 non
731 1931 807 1992 flatu
824 1931 926 1992 solum
938 1928 1144 2005 calamorum,
1165 1927 1218 1988 sed

173 2028 280 2090 cantu,
293 2033 324 2078 et
336 2041 411 2080 voce
423 2023 486 2081 oris
499 2043 506 2078 ι
521 2018 596 2081 felix
608 2041 654 2097 es,
670 2023 724 2103 qui
734 2019 800 2102 jam
812 2019 884 2082 loco
897 2017 961 2102 ejus
973 2019 1032 2080 eris
1044 2039 1051 2076 ε
1064 2037 1138 2078 nam
1148 2032 1219 2099 post

173 2101 264 2164 illum
277 2109 336 2167 eris
345 2108 413 2189 jam
425 2130 511 2172 nunc
523 2110 602 2171 alter
614 2113 760 2194 magister
771 2111 922 2193 opinione
936 2105 1127 2169 mortalium.

210 2263 253 2331 da·
274 2266 674 2338 Superadditecannen.1)uos
754 2270 798 2340 45.
819 2272 918 2325 Divisae
933 2279 1021 2341 poeta.
1041 2266 1071 2320 ld
1090 2279 1148 2332 ear,
1172 2268 1220 2338 qui

175 2358 266 2394 versus
283 2365 390 2400 carmen
408 2352 532 2403 vocavit:
552 2369 603 2403 nec
623 2353 675 2402 mi-
720 2352 821 2406 caeteris
848 2345 1053 2421 anteponendus
1081 2359 1107 2398 et
1134 2347 1221 2398 multo

176 2437 250 2484 rum;
270 2441 352 2494 quum
364 2429 443 2480 etiam
457 2427 490 2480 de
502 2447 557 2480 uno
569 2447 674 2481 cannen
719 2431 936 2503 prestantiores.
950 2427 992 2480 Sic
1005 2427 1098 2479 Cicero
1110 2443 1160 2497 pro
1173 2425 1221 2476 Ar-

177 2497 287 2554 dixerit:
301 2519 345 2571 ur,
357 2507 393 2558 Et
401 2525 455 2558 rem
464 2507 582 2559 carmine
590 2508 674 2581 siquo.
720 2510 790 2574 chia,
798 2527 853 2581 ⁰·7·
863 2507 992 2562 Divinum
1003 2501 1136 2558 bominem
1146 2504 1222 2575 Afri·

177 2579 275 2635 AEneas
291 2583 345 2636 lsoec
365 2587 397 2638 de
417 2586 518 2638 Danais
538 2587 677 2639 victoribus
720 2609 826 2642 canum.
836 2591 931 2642 Juven.
943 2585 997 2639 Sat.
1008 2587 1041 2644 X,
1053 2588 1110 2638 125.
1122 2585 1224 2637 Divina

177 2675 261 2711 arma.
275 2691 311 2705 ·-
326 2665 497 2738 Superaddite
515 2683 630 2719 cannen.
646 2665 678 2718 ld
722 2668 885 2741 Philippica.
909 2669 999 2736 Quam
1014 2667 1152 2718 notionem
1169 2677 1225 2719 tras

178 2751 233 2807 est,
253 2744 375 2812 titulum,
395 2743 529 2815 impeteris.
548 2747 678 2819 pleraque
722 2750 809 2803 dimus
821 2751 877 2802 Ecl.
890 2750 944 2816 lll,
956 2747 999 2818 37.
1012 2744 1064 2798 Sed
1074 2759 1147 2798 reate
1158 2752 1222 2818 poli·

179 2837 352 2878 monumenta
363 2829 564 2900 inscriptionem
576 2827 678 2880 babae·
722 2844 755 2884 tae
782 2831 835 2884 hoc
864 2827 943 2882 titulo
972 2827 1150 2892 decorantur,
1175 2825 1227 2902 qut‘

179 2917 221 2963 re;
232 2903 275 2954 val
286 2904 313 2956 in
324 2925 421 2977 prosa:
433 2919 463 2959 ut
474 2910 524 2960 liro
536 2923 614 2959 arros.
629 2909 680 2958 Hic
722 2911 798 2984 quasi
820 2911 912 2963 divino
930 2907 1045 2982 quodam
1067 2905 1164 2977 spiritu
1183 2907 1224 2960 in·

179 2995 265 3034 sauss.
277 2985 327 3036 llio
337 3001 452 3052 rosrrus,
462 2999 513 3040 etc.
525 2987 567 3040 sel
580 2989 608 3038 iu
620 3005 679 3039 ora·
713 2991 840 3068 fiuntur,
859 3004 924 3063 quos
939 2987 1044 3040 Ennius
1059 2996 1159 3039 sanctos
1176 3006 1224 3058 ap-

181 3065 253 3114 tione
260 3062 342 3134 ligata
352 3065 469 3136 qualium
477 3067 616 3118 titulorum
625 3069 679 3118 vim
718 3067 818 3136 pellat,
836 3071 909 3143 quod
921 3063 999 3140 quasi
1008 3065 1115 3116 deorum
1132 3063 1225 3138 aliquo

181 3140 355 3213 collegerunt,
364 3145 445 3197 Gntb.
454 3145 552 3215 dejure
561 3149 680 3199 manium
724 3148 793 3200 dono
809 3145 987 3200 commendati
1002 3162 1053 3198 esse
1067 3143 1225 3212 videantur,

182 3221 221 3283 ll,
236 3222 279 3273 26.
291 3222 409 3275 Kirchm.
424 3223 458 3275 de
467 3226 620 3276 Fumliom.
631 3226 682 3291 111,
725 3239 755 3278 ut
767 3226 822 3278 OEc.
835 3243 885 3296 pro
896 3222 1010 3289 Archia,
1023 3239 1047 3272 c.
1061 3220 1086 3273 8.
1099 3221 1189 3275 Emm.

186 3315 226 3372 19.
240 3300 365 3353 brioude
380 3303 468 3354 Form.
481 3303 528 3354 lib.
545 3303 600 3354 Vll.
618 3304 683 3355 Rre-
762 3306 804 3372 48.
819 3301 877 3356 Nec
888 3299 997 3354 calamis
1010 3297 1095 3353 solum
1107 3302 1225 3374 oequipa-

183 3382 252 3432 vitat
269 3383 295 3432 in
315 3381 453 3453 epitaphio
473 3383 633 3452 requiritur,
654 3393 684 3432 ut
727 3384 839 3448 ras,sed
855 3400 917 3436 voce
934 3381 1097 3457 maqistrum.
1115 3381 1228 3437 Videtur

183 3475 274 3515 monet
283 3463 393 3514 Vossius
403 3464 484 3516 instit.
496 3469 568 3533 poie‘t.
579 3464 629 3528 ill,
641 3479 682 3514 ar.
728 3465 872 3538 allegoria,
885 3464 961 3536 quasi
973 3460 1008 3514 ad
1019 3461 1191 3516 'lbeocritum
1202 3480 1228 3519 et

184 3543 237 3595 Ubi
248 3543 317 3596 bene
329 3541 468 3615 distinguit
480 3545 549 3596 iuter
566 3542 684 3611 tatypsp-
729 3543 869 3617 Virgilium
881 3545 1029 3614 respicere:
1041 3540 1105 3595 binc
1117 3556 1171 3596 est:
1187 3545 1229 3600 Tu

180 3643 235 3690 μαι,
249 3621 322 3693 quod
334 3622 414 3676 alicui
425 3624 464 3675 rei
476 3622 643 3690 inscribitur,
658 3634 685 3674 et
729 3643 801 3679 nanc
814 3626 866 3678 eris
879 3622 948 3676 alter
959 3623 992 3676 ab
1005 3621 1060 3676 itta.
1077 3625 1098 3676 F
1099 3625 1180 3680 abula
1195 3627 1231 3684 de

184 3703 337 3766 innuitur,
363 3706 410 3775 qui
434 3702 622 3757 incidebantur
643 3723 686 3757 se·
728 3705 839 3758 Calama
853 3704 1229 3781 talisest3reteresZephprc

185 3784 291 3859 pulcro.
728 3797 826 3852 sento,
846 3803 927 3836 unam
944 3801 974 3836 ex
994 3781 1068 3836 horis
1089 3785 1230 3858 conjugem

204 3892 208 3900 ·
222 3866 265 3934 44.
279 3865 395 3918 Famosi
404 3865 504 3937 pecoris
514 3875 611 3930 custos,
623 3862 684 3933 for·
731 3864 883 3937 adsignant;
895 3881 927 3916 ex
937 3880 990 3934 qua
1000 3875 1027 3915 et
1037 3863 1158 3937 Zephyro
1168 3865 1232 3919 Car-

186 3948 283 4000 morior
290 3945 350 4018 ipse.
359 3945 385 3998 Si
394 3943 428 3998 ad
435 3945 565 3999 Caesarem
573 3945 685 4010 referas,
729 3961 785 4017 pon
801 3943 884 3996 filium
901 3941 1074 4014 pulcherrimi
1090 3946 1227 4016 corporis,

187 4027 240 4079 boc
254 4025 334 4088 dicit,
352 4026 418 4078 Rani
439 4025 550 4102 populi,
569 4025 685 4098 optimus
731 4025 832 4078 editum
843 4023 952 4084 dicunt;
966 4041 1045 4093 quem
1058 4040 1140 4093 quum
1151 4023 1229 4077 Cala·

189 4107 425 4183 imperator-iera.
731 4101 1016 4182 aequamentum
1027 4101 1106 4169 lilius,
1119 4121 1231 4174 amarer,
