2998 4670
378 394 1040 464 ruononsroonuunre.1u
1162 395 1225 482 617

194 522 349 594 nesciunt,
367 521 472 580 statim
494 517 546 578 ilia
560 518 695 600 rapitur,
716 530 809 599 rupto
829 515 895 598 jam
918 517 1051 579 foedere:
1071 531 1229 600 susceptus

192 609 285 672 labor
298 611 399 670 inanis
415 607 570 668 redditur:
587 626 622 666 ac
635 607 710 666 dum
721 619 850 666 retracta
861 606 1035 682 descendit,
1049 623 1096 670 ter
1105 605 1230 668 auditur

193 699 368 758 inferorum
381 697 487 776 fragor
497 694 744 756 exsultabundus
759 694 801 754 ob
814 698 977 776 repetitam
992 697 1140 777 praedam.

232 783 301 865 494.
315 783 449 844 Adhibet
460 797 549 865 poeta
559 827 568 856 ,
579 803 649 863 quse
660 782 776 842 diceret
791 797 877 864 rapta
894 781 1065 864 Eurydice:
1079 803 1097 842 o
1111 805 1161 843 me
1172 781 1231 841 mi-

195 876 309 933 seram!
324 895 343 934 o
360 888 389 934 te
400 873 560 932 miserum!
577 891 626 931 me
638 869 744 952 perdis
758 869 902 952 Orpheu!
918 885 949 930 te
965 869 1081 952 perdis!
1095 874 1166 953 quis
1178 870 1231 930 hic

193 961 405 1045 intemperans
416 963 529 1021 umoris
542 960 647 1019 furor?
660 981 717 1020 cur
730 981 779 1020 me
793 959 939 1042 respicis?
950 961 1062 1020 iterum
1079 961 1233 1040 abripi0r3

193 1050 308 1110 iterum
322 1053 455 1112 morior:
471 1071 490 1110 o
502 1047 568 1108 vale
580 1048 725 1130 Orpheu!
739 1069 801 1109 nox
814 1070 863 1109 me
876 1047 1063 1122 circumdem
1085 1047 1179 1107 tendo
1192 1047 1232 1106 ad

193 1152 224 1199 te
244 1137 363 1222 palmes
381 1138 461 1199 nihil
482 1137 675 1222 profuturas,
696 1159 760 1199 non
779 1139 843 1220 jum
867 1153 919 1200 tua
942 1158 1034 1213 uxor3
1055 1140 1106 1199 sed
1127 1134 1233 1218 proeda

191 1229 321 1288 Tartari.
337 1227 435 1306 (iliud
457 1227 609 1308 conditque
630 1231 761 1288 neuntio
780 1225 892 1288 lumime
908 1247 1042 1302 somnus,
1062 1239 1127 1300 est,
1148 1244 1231 1284 mors

192 1317 298 1376 condit
313 1315 423 1376 oculos
438 1319 558 1399 sopitos
571 1317 804 1397 madentesque,
824 1329 917 1398 atque
935 1315 1066 1376 humore
1082 1313 1231 1386 suffusos3

190 1402 338 1464 videntur
344 1407 428 1465 enim
439 1421 546 1466 natare
556 1405 656 1480 oculi,
667 1405 719 1464 ubi
730 1404 832 1465 subita
842 1407 872 1463 vi
881 1407 1042 1485 ingruente
1048 1404 1232 1464 turbantur:

191 1513 281 1570 nem,
299 1494 564 1575 quemadmodum
576 1497 630 1575 qui
643 1509 767 1569 natant,
782 1495 850 1574 jam
864 1493 960 1553 latent
974 1493 1031 1554 sub
1043 1492 1149 1567 undis,
1166 1487 1233 1570 jam

192 1598 371 1664 emergunt:
396 1585 439 1644 sic
461 1587 494 1645 in
514 1597 615 1644 morte
638 1581 761 1644 videtur
779 1582 832 1642 lux
852 1581 1017 1642 oculorum
1035 1599 1151 1655 errare,
1174 1596 1232 1637 uec

192 1667 283 1730 firma
297 1675 494 1752 consistere.)

232 1755 299 1840 499.
316 1764 388 1823 Herc
398 1778 434 1822 ut
444 1761 535 1837 dixit,
557 1760 661 1823 subito
677 1759 832 1841 abripitur
846 1759 915 1836 iila,
935 1774 1030 1842 atque
1041 1759 1138 1817 instar
1151 1753 1233 1816 fumi

193 1843 331 1928 disparet
343 1848 478 1925 diverse,
491 1850 523 1908 id
534 1863 594 1924 est,
613 1871 668 1932 per
684 1848 820 1924 diversa,
832 1861 869 1908 ut
882 1849 1005 1909 Servius
1015 1844 1165 1926 explicet:
1183 1840 1232 1901 vei

191 1933 325 2012 diversa,
345 1938 376 1996 id
389 1952 448 2014 est,
465 1951 608 1999 avertens
620 1938 837 2018 divertensque
848 1957 896 2012 se3
915 1949 951 1996 ut
968 1949 1001 1996 tu
1012 1934 1106 1994 voles.
1122 1929 1234 1994 Voluit

191 2019 245 2080 ilie
256 2041 346 2084 suam
360 2024 494 2108 alioqui,
511 2028 563 2088 sed
584 2026 667 2088 nihil
686 2025 766 2086 vidit
781 2037 893 2108 praeter
907 2022 1045 2086 umbras.
1067 2024 1233 2102 Aggressus

192 2202 242 2266 mi,
255 2205 358 2272 poetis:
372 2219 398 2258 et
412 2209 469 2258 AEn.
482 2209 515 2272 V,
528 2225 591 2270 tou
598 2207 692 2279 frtrem
735 2207 892 2258 tinctionem
903 2204 1016 2257 ementis
1028 2199 1128 2271 Orphei
1141 2197 1234 2267 cuipa-

191 2281 282 2331 am'mi.
293 2313 322 2322 —
333 2283 423 2335 Sciant
433 2304 496 2354 ergo
507 2285 689 2338 adolescentes
734 2303 762 2336 re
777 2285 926 2356 potuisset?
943 2282 1014 2334 hunc
1031 2295 1136 2331 sensum
1153 2276 1231 2326 nimis

191 2356 261 2410 hanc
282 2361 394 2414 formam
416 2371 473 2416 esse'
493 2383 566 2416 mere
583 2364 688 2416 Greeo-
734 2362 884 2416 abstrusum
895 2379 950 2414 uon
960 2357 1093 2430 improbat
1101 2355 1232 2428 Hepnhn,

192 2455 259 2488 rum.
275 2439 353 2490 Arist.
364 2442 434 2492 enim
443 2441 489 2492 iib.
501 2438 527 2492 ι’.
538 2442 623 2494 Ethic.
636 2461 687 2515 pro
733 2443 779 2512 qui
788 2460 841 2492 non
850 2439 956 2504 Servio,
967 2455 1052 2507 neque
1062 2434 1162 2486 caeteris
1172 2450 1233 2504 par·

190 2517 320 2570 iracundo
337 2520 415 2588 dixit,
430 2521 531 2590 deperire
547 2521 635 2587 θυμοῦ.
646 2523 687 2574 Tu
732 2522 780 2572 cit:
790 2513 1232 2584 silentiumilliusaestimabuntpe·

190 2595 235 2650 hic
245 2599 377 2670 expende,
388 2613 453 2672 quot
465 2602 549 2653 iniere
560 2601 688 2674 adjungat
733 2602 847 2653 ritiores.

191 2677 273 2729 Poeta
285 2699 411 2733 excusans
426 2701 481 2733 rem
490 2680 608 2753 Orphei:
622 2699 689 2752 qua·
767 2681 828 2751 496.
843 2679 970 2734 Natautio
988 2675 1098 2729 iumine.
1115 2675 1145 2725 ln
1161 2688 1233 2724 mor-

191 2758 214 2808 si
228 2756 317 2820 dicat;
331 2761 416 2812 victus
428 2773 483 2823 est·,
497 2759 543 2812 sed
557 2759 621 2832 quid
637 2761 688 2811 mi·
733 2773 785 2814 tem
803 2760 931 2826 reducto,
944 2761 1019 2830 juxte
1035 2755 1171 2816 Servium
1186 2751 1234 2805 sed

192 2855 265 2900 rum,
276 2842 346 2910 cepit
357 2840 430 2892 iiiurn
442 2840 584 2906 dementia,
597 2839 688 2892 etheo
733 2839 865 2891 flttitnntia
880 2852 906 2891 et
919 2838 1052 2903 errantia,
1061 2838 1137 2909 juxte
1151 2832 1235 2884 Sceli·

190 2917 687 2989 subitaequemverocepitiomontem,
733 2939 843 2992 gerum,
867 2921 929 2988 quia
953 2915 1034 2968 modo
1056 2913 1231 2976 clauduntur,

190 3005 216 3045 et
231 2993 302 3044 hunc
319 2995 461 3047 incautum.
481 2999 584 3050 Deinde
600 3000 690 3050 imme·
733 2999 815 3052 modo
831 2999 1002 3070 aperiuntur;
1020 3007 1048 3045 ut
1063 2993 1105 3059 fis,
1124 2989 1232 3062 quando

189 3091 249 3124 mor
263 3073 328 3126 tuis:
345 3077 459 3144 respexit
475 3093 538 3126 vero
554 3095 642 3140 suam,
663 3091 689 3130 et
734 3096 842 3132 somnus
856 3077 945 3128 invitis
958 3074 1075 3143 obrepit:
1090 3070 1182 3123 ocuios
1194 3071 1232 3120 in·

190 3149 243 3204 hoc
255 3171 308 3204 non
326 3157 429 3215 statim,
443 3152 489 3204 diu
503 3155 573 3205 enim
591 3156 689 3206 tolera·
733 3159 824 3229 primis
838 3153 940 3207 invadit
954 3153 1046 3203 vicine
1063 3151 1155 3200 mortis
1169 3147 1233 3200 hor-

189 3234 243 3284 vit:
254 3251 316 3284 num
327 3234 439 3302 respexit
449 3232 521 3284 iiiam
529 3233 574 3284 sub
584 3233 638 3304 ipsu
648 3233 688 3284 lu·
734 3255 786 3287 ror.
797 3263 833 3273 —
844 3234 962 3285 Somnus.
976 3231 1033 3280 AEu.
1047 3229 1085 3294 X,
1096 3227 1161 3298 745:
1178 3225 1233 3280 Oib'

190 3331 230 3376 ce,
241 3329 322 3381 quum
332 3312 455 3364 videlicet
461 3314 514 3382 jtsm
526 3313 609 3364 ferme
619 3323 688 3363 esset
732 3315 796 3366 duro
816 3312 887 3384 quies
905 3308 992 3362 oculos
1007 3319 1034 3360 st
1042 3307 1144 3380 semus
1159 3317 1233 3379 uryet

191 3393 218 3442 in
238 3394 316 3442 exitu.
333 3393 401 3462 Ergo
416 3394 521 3444 temetsi
537 3392 617 3444 victus
635 3405 688 3459 est,
732 3395 850 3446 Somnus.
878 3392 946 3442 Nam
970 3389 1044 3440 Mors
1067 3399 1094 3439 et
1118 3385 1230 3438 Somnus

191 3471 229 3522 ilii
244 3491 284 3523 res
299 3474 348 3524 fuit
361 3471 521 3544 ipnoscendo.
732 3474 828 3524 iratres
844 3481 912 3521 sunt.
926 3468 1038 3520 Taubm.

226 3550 285 3619 495.
306 3553 403 3604 Itemm
415 3549 529 3601 cmdeiia
546 3561 611 3602 retro
624 3551 689 3602 Fata
769 3552 829 3622 498.
840 3545 1232 3620 Issuoiidaspalmas.luumbrse

191 3641 291 3682 vocarit.
305 3629 432 3680 Ovidius:
443 3631 486 3681 Bis
497 3632 603 3701 rapitur,
617 3631 691 3680 vixit·
735 3634 890 3684 tenuitatem
908 3627 1040 3680 reductes.
1058 3657 1094 3668 -
1105 3625 1164 3678 Heu
1180 3643 1232 3677 oon

191 3729 241 3784 que
250 3709 333 3762 semei.
347 3711 419 3762 Serv.
430 3739 462 3750 -
475 3709 537 3778 Quis
542 3711 638 3781 furor?
648 3709 688 3761 Gi.
736 3722 789 3762 tua.
804 3711 874 3778 Quia
887 3727 967 3780 supra
981 3706 1061 3760 dixit:
1074 3707 1234 3777 Eurydicen·

192 3792 259 3842 Voss
278 3789 310 3841 ab
329 3792 432 3861 Heyuio
448 3791 558 3856 citatus,
577 3809 602 3860 p.
623 3791 690 3859 572,
735 3793 942 3864 puesuomjom.
956 3789 1028 3840 Serv.

191 3871 687 3942 voi.l,interpretaturhuncfurorem
769 3870 829 3924 503.
855 3867 977 3940 Amplius
1001 3868 1122 3940 oip'ectam
1145 3881 1233 3936 passus

192 3949 225 4001 de
238 3951 437 4020 arearmviqure
447 3949 690 4022 cumfraporesub·
733 3951 838 4002 tmusire
857 3947 990 4021 paludem.
1009 3945 1149 4018 Mysticum
1171 3955 1231 3996 est:

192 4040 315 4081 terraneo
321 4029 468 4103 Eurydicen
476 4032 503 4082 in
511 4031 642 4081 Auernum
651 4049 691 4082 re·
734 4029 832 4082 dicitur
844 4031 914 4081 enim
924 4029 965 4080 bis
979 4024 1098 4078 eumdem
1110 4023 1232 4077 umbram

193 4106 286 4173 trahit3
296 4127 372 4176 nam,
381 4112 481 4182 inquit⁷
492 4109 627 4182 quomodo
637 4110 689 4164 fes·
734 4112 845 4164 evocari
853 4125 909 4164 non
921 4107 1008 4162 licere.
1021 4105 1090 4158 Seru.
