2964 4690
482 385 534 450 m
558 364 807 450 cccoein
830 381 893 450 rx.
1145 387 1213 478 327

158 510 309 576 ,amnium
318 510 495 592 principem
507 531 515 568 ι
528 505 635 570 fundit
646 503 739 568 liores
750 507 834 568 circa
843 505 1012 572 fluminum
1021 510 1124 593 ripam
1134 513 1221 573 cxci-¹

165 615 211 660 tat
226 598 382 683 populum
398 596 567 660 candidam
582 610 614 658 et
629 609 720 656 antro
737 597 967 672 imminentem,
983 601 1104 682 spargit
1116 599 1213 662 densa

164 687 348 750 umbracula
366 689 491 750 intextis
510 685 624 748 vitibus
647 697 677 746 et
699 683 873 768 pensilibus
890 687 1041 768 pergulis.
1062 692 1171 774 ltaque
1192 711 1212 752 a

164 775 295 838 floribus
315 775 482 858 jucundis,
506 775 547 836 ad
570 777 729 856 ingentem
747 787 777 834 et
798 775 969 854 speciosam
993 776 1150 854 arborem,
1172 780 1212 842 alt

164 884 264 946 opaco
286 868 368 928 antri
390 865 507 948 frigore
529 865 569 926 td
593 865 687 927 vitem
710 859 907 922 fructiferam
930 861 1018 926 ducit
1038 864 1211 930 Galateam.

162 955 266 1038 Atque
280 957 395 1018 iterum
406 958 561 1029 invitans3
578 952 636 1016 hnc
647 952 730 1028 odes,
743 951 877 1014 deterret
891 951 1060 1016 eludendo
1075 977 1131 1039 per
1144 979 1212 1018 naa-

161 1043 229 1119 ria,
257 1042 403 1108 fluctibus
423 1043 588 1105 adversum
609 1039 702 1110 litora
727 1035 845 1102 collisis
869 1055 900 1102 et
921 1042 1161 1108 insanientibus.
1182 1049 1214 1108 Si

164 1129 273 1191 Graeca
287 1131 476 1209 contuleris,
488 1146 643 1214 quantum
656 1131 787 1192 Marone
801 1129 953 1190 inferiora
966 1131 1118 1194 invenies!

92 1256 95 1262 ·
203 1213 253 1293 44.
269 1219 338 1280 Non
356 1222 489 1281 satiatur
506 1218 640 1302 Lycidas
655 1215 815 1292 audiendo
829 1218 959 1291 Moerin,
979 1218 1044 1278 imo
1061 1221 1214 1297 inescatus

162 1305 331 1370 dulcedine
340 1311 596 1372 suavissimorum
604 1309 869 1389 carminumque
877 1305 1008 1380 audivit,
1018 1311 1121 1390 pergit
1130 1309 1214 1374 hunc

163 1396 198 1456 in
209 1397 356 1460 modum:
368 1401 488 1482 optima
497 1413 571 1460 sunt
580 1417 650 1480 quat
662 1397 814 1470 recitasti,
826 1395 878 1458 sed
889 1397 967 1480 quid
977 1395 1097 1475 dicam,
1107 1401 1213 1482 qualia

163 1483 219 1546 illa
230 1502 319 1562 sunt,
336 1509 407 1570 quae
424 1503 454 1548 te
468 1507 525 1570 ego
538 1499 720 1560 canentem,
739 1482 842 1546 solum
855 1485 1017 1568 audieram
1031 1502 1122 1549 noete
1136 1510 1214 1572 qua·

164 1574 251 1654 piam
264 1595 388 1652 serena,
409 1589 441 1638 et
454 1574 583 1638 innuhi?
599 1576 729 1638 memini
742 1586 824 1638 certe
836 1571 1016 1658 rhythmos,
1029 1589 1060 1640 et
1071 1592 1213 1655 cantum

165 1663 258 1724 verba
272 1664 465 1726 exciderant.

203 1749 254 1828 46.
274 1755 394 1818 Recitat
410 1755 518 1816 Moeris
540 1755 682 1837 quinque
701 1754 861 1828 carmina,
876 1771 947 1836 epm
966 1757 1044 1837 petit
1061 1755 1212 1840 Lycidas:

164 1842 326 1904 continent
337 1842 392 1906 illa
403 1843 600 1917 divinitatem
610 1842 687 1904 Julii
700 1843 830 1905 Caesaris
841 1845 1024 1906 conversiin
1037 1845 1143 1906 sidus:
1158 1846 1215 1906 lin-

164 1928 211 2010 git
225 1949 298 1990 vero
313 1930 422 1993 Moeris
433 1952 465 1992 se
481 1930 567 2012 loqui
582 1952 654 1992 cum
669 1929 857 2012 Daphnide:
873 1929 983 2012 quido
998 1931 1141 2014 Daphni,
1155 1927 1215 1994 mi·

163 2013 324 2080 rabundus
340 2020 474 2105 suspicis
493 2019 641 2101 antiquos
660 2032 747 2083 ortus
763 2017 917 2082 sidorum!
934 2039 1002 2080 ecce
1019 2020 1078 2081 tihi
1096 2036 1215 2084 astrum

163 2105 252 2168 aliod
264 2106 511 2170 lucentissimum
523 2108 616 2186 Julii,
626 2111 681 2192 qui
691 2110 820 2172 Veneris
830 2107 1017 2172 altissimum
1027 2114 1216 2193 sanguinent

164 2191 280 2256 trehit:
294 2210 341 2257 est
355 2193 407 2260 hic
419 2218 587 2260 conversus
601 2199 632 2261 in
646 2195 734 2260 sidm
748 2195 850 2259 multo
863 2195 1033 2260 commodo
1045 2210 1216 2276 terrarum,

164 2280 271 2354 utillo
286 2285 407 2346 oriente
422 2300 541 2367 segetes
556 2285 620 2348 suis
640 2283 794 2346 fructibus
811 2296 1067 2360 maturescerent,
1088 2305 1149 2348 ura
1164 2303 1216 2348 tn·

164 2387 327 2450 mescerat,
346 2388 376 2436 et
398 2374 537 2436 colorem
557 2373 706 2436 duceret:
732 2373 956 2456 quamobrem,
979 2373 1123 2456 Daphni,
1144 2389 1213 2440 tuto

164 2477 260 2540 pyros
276 2461 395 2537 insere;
406 2465 451 2524 tui
468 2464 553 2524 enim
567 2475 698 2544 nepotes
710 2460 831 2524 fructus
844 2477 993 2543 carpent:
1009 2463 1061 2524 sed
1071 2461 1214 2548 videque

165 2545 327 2628 majestate
338 2548 370 2612 lo
395 2561 490 2613 uatur
501 2551 540 2612 de
554 2551 692 2612 Caesare:
706 2563 814 2614 ostrum
828 2551 988 2626 nominat,
1000 2570 1066 2614 non
1077 2551 1216 2630 stellam,

164 2655 240 2696 nam
252 2634 333 2700 illud
345 2571 533 2704 suhlimius:
553 2639 607 2702 dat
618 2638 666 2702 illi
680 2638 812 2703 verbum
820 2639 964 2723 procedo,
978 2639 1063 2723 quod
1074 2643 1216 2706 Deorum

165 2737 226 2802 est,
244 2728 292 2788 uti
307 2727 429 2792 incedo:
445 2729 550 2814 signat
564 2728 792 2812 elegantissime
806 2729 1078 2808 merestonam,
1094 2745 1126 2794 et
1139 2731 1216 2816 sep·

165 2813 318 2876 tembrem
328 2838 345 2877 a
354 2815 500 2903 frugum,
514 2833 546 2880 et
555 2839 689 2880 uvarum
699 2820 892 2893 maturitate3
905 2821 996 2902 quasi
1010 2818 1125 2881 horum
1135 2842 1219 2883 men·

164 2904 263 2980 sium,
277 2907 332 2988 qni
344 2906 498 2980 laetissimi
513 2923 588 2977 sunt
601 2931 656 2974 sua
666 2909 824 2986 ubertate,
833 2907 980 2970 fertilitas
994 2923 1058 2971 tota
1069 2929 1106 2972 ex
1117 2913 1218 2974 Caesa·

165 2992 256 3054 riano
268 2993 357 3056 stella
372 2999 570 3078 proveniret:
586 3000 690 3058 innuit
702 2998 838 3080 deniqne
849 3011 988 3060 extremo
1000 3016 1092 3059 versu
1105 2997 1219 3082 sempiss

166 3090 289 3140 ternam
297 3103 405 3163 pacem
414 3083 554 3146 futuram
562 3081 1218 3170 donosiderlsdnliani‚uteredatDaphnis,

165 3185 271 3229 senon
279 3167 435 3232 bellorum
444 3175 586 3234 civilium
597 3176 721 3235 turbine
729 3173 960 3260 abripiendum,
970 3169 1024 3233 sed
1034 3169 1218 3236 habiturum

166 3255 249 3318 filios
269 3279 304 3320 ac
319 3275 464 3346 nepotes,
481 3265 535 3346 qui
552 3267 677 3346 possint
691 3261 810 3350 perfrui
830 3261 984 3327 fructibus
1005 3257 1155 3324 arborum
1178 3261 1217 3324 ab

165 3365 199 3407 se
210 3361 366 3410 satarum:
380 3354 469 3434 quasi
482 3351 542 3413 hoc
556 3352 642 3414 sidus
657 3374 761 3434 socom
777 3349 946 3416 allaturum
962 3351 1004 3414 sit
1012 3370 1138 3434 pacem,
1151 3372 1218 3416 uon
1335 3395 1340 3406 ·

167 3434 272 3503 clades
286 3437 453 3506 bellorum.

203 3605 246 3675 46.
260 3608 381 3686 Daphni,
401 3611 465 3685 qnid
476 3613 604 3687 antiquos.
617 3613 668 3666 Pro
714 3613 800 3680 nina,
820 3623 918 3686 μίαν
936 3625 1035 3667 numen
1055 3609 1174 3666 faunum
1192 3621 1220 3664 0¹

166 3687 348 3761 antiquorum.
363 3691 425 3745 Non
440 3712 507 3766 opus
520 3707 577 3761 est,
590 3693 669 3762 dicit,
713 3695 862 3767 propitium
874 3692 1004 3764 Augufillr
1021 3688 1074 3744 sul)
1090 3705 1144 3761 ‘lm
1158 3705 1220 3762 ΡΨ

167 3768 202 3822 ad
223 3766 373 3840 arandum,
390 3773 549 3842 serendum,
571 3767 670 3828 meten·
714 3773 814 3831 cedunt
837 3772 915 3826 nobis
941 3772 1033 3826 omnia
1055 3769 1218 3829 felicissim-

167 3849 246 3917 dum,
267 3851 411 3908 ohservare
432 3853 545 3926 posthac
566 3867 669 3906 veteres
714 3855 805 3923 Quum
817 3855 953 3928 luyustna
962 3851 1050 3907 Cesar
1060 3851 1130 3921 puel
1138 3849 1222 3905 ¹⁸40*

46 3977 48 3981 .
166 3930 227 3984 illos
237 3945 264 3986 et
276 3947 419 3990 consuetos
430 3947 504 3990 ortus
518 3947 598 4006 atque
612 3934 669 3988 obi·
715 3931 1031 3996 tenebrescentium,
1062 3927 1107 3984 die
1127 3927 1218 3987 media

163 4021 209 4082 tus
222 4009 356 4066 siderum:
374 4012 474 4067 sufficit
485 4033 536 4087 pro
548 4013 600 4066 illis
614 4032 670 4070 am·
713 4009 792 4080 stella
812 4012 959 4084 apparuit:
979 4009 1026 4066 illo
1045 4021 1106 4067 em
1124 4007 1219 4066 eanfle-

168 4089 260 4158 nibus,
268 4110 322 4144 una
330 4093 478 4147 stellaJulii
486 4093 609 4148 Caesaris:
619 4113 669 4148 nec
713 4093 797 4146 mavit
809 4091 928 4164 pateatis
940 4091 983 4144 aot
992 4104 1058 4144 esss-
1070 4081 1220 4151 Undesttnt

167 4183 235 4239 opu·
250 4182 304 4238 ast,
320 4185 350 4224 at
365 4172 416 4228 alia
430 4172 605 4248 imploremus
619 4193 669 4232 nu·
713 4190 807 4228 tersus
819 4173 864 4228 isti
877 4171 1028 4244 compositi.
