2964 4690
275 367 338 456 392
605 357 990 424 COMMENTARIA

272 487 393 548 brumae
399 529 408 558 ,
421 503 491 566 quse
501 479 705 555 intrectabilis,
715 496 748 541 et
759 501 866 564 aspera
877 503 942 564 prae
954 483 1072 563 frigore
1083 507 1090 543 ε
1103 503 1199 566 porro
1214 485 1251 546 in
1265 485 1339 568 epi·

272 577 360 636 theto
375 575 452 634 latet
462 575 558 648 ratio,
572 591 719 654 europus
731 585 808 632 tunc
823 592 942 634 cessare
954 571 1073 634 debeat.

313 683 381 723 212.
394 663 440 722 De
452 659 533 736 lino,
547 675 576 722 et
586 681 739 742 papavere
750 662 868 720 Cereris
879 660 986 722 eadem
997 665 1158 745 precipit,
1171 666 1336 726 nimirum
1445 641 1446 690 l

272 751 438 814 serendum
452 749 562 810 eodem
578 765 733 832 tempore,
748 771 812 833 quo
829 749 965 811 hordea:
987 751 1057 828 illa,
1076 756 1157 814 Dum
1176 755 1255 815 sicca
1278 752 1336 814 tel-

274 839 335 900 lure
350 838 428 914 licet,
446 839 517 900 dum
531 837 632 899 rrubile
645 837 784 920 pendent,
805 839 997 922 periphrasis
1014 853 1058 900 est
1075 843 1224 923 temporis
1244 843 1335 902 inter

273 929 515 1011 aequinoctium,
530 942 559 988 et
571 928 727 989 brumam.

314 1016 381 1078 215.
395 1018 528 1092 Fabam,
541 1016 710 1092 medicam,
722 1017 863 1094 milium,
876 1020 934 1094 ait,
947 1017 1079 1079 serenda
1090 1040 1162 1080 vere
1173 1042 1180 1078 ε
1193 1016 1247 1080 sed
1260 1041 1333 1102 quo

273 1109 353 1166 veris
376 1107 486 1189 perte?
508 1128 572 1168 non
594 1108 698 1190 primo
720 1127 840 1184 mense,
862 1110 919 1191 qui
939 1109 1086 1184 Martius;
1110 1111 1164 1170 sed
1185 1110 1331 1169 secundo
1440 1178 1444 1193 Ι

272 1195 328 1277 qui
342 1194 473 1277 Aprilis,
495 1216 594 1277 quum
608 1195 754 1257 videlicet
765 1198 902 1274 Taurus,
921 1199 978 1281 qui
992 1196 1147 1258 candidus
1160 1212 1207 1258 est
1221 1219 1238 1256 a
1253 1197 1331 1257 Sole

274 1304 368 1364 quem
384 1297 458 1344 tunc
473 1299 588 1366 gestat,
602 1305 721 1346 annum
735 1288 835 1366 aperit
848 1287 963 1346 auratis
977 1286 1142 1346 cornibus:
1157 1305 1257 1369 quum
1273 1305 1332 1344 ca-

272 1374 322 1430 nis
339 1369 460 1433 heliace
478 1372 607 1448 occidit,
626 1375 682 1456 qui
700 1371 798 1434 habet
816 1376 850 1434 in
865 1371 986 1458 sphaero
1000 1374 1140 1434 frontem
1159 1375 1241 1433 tauri
1261 1370 1332 1432 sibi

187 1539 189 1543 ·
274 1521 776 1580 dum.Sero.-Intractalrilis:utVar-
821 1527 858 1578 cit
869 1526 1062 1591 Mancinellus‚
1078 1543 1166 1596 neque
1179 1523 1251 1576 illem
1263 1526 1332 1593 reji-

273 1621 304 1654 ro
315 1607 340 1670 l,
353 1604 401 1671 35,
412 1619 438 1656 et
445 1604 594 1658 Columella
603 1609 776 1679 precipiunt,
823 1608 861 1658 cit
868 1605 1001 1676 judicium
1014 1606 1148 1658 Germani.
1160 1604 1247 1658 Cerdo.

273 1685 301 1734 in
312 1685 368 1739 XV
376 1685 463 1738 diebus
475 1697 536 1739 ante
551 1698 576 1739 et
587 1700 646 1761 post
657 1690 775 1741 brumam
858 1687 917 1738 213.
930 1687 1052 1758 Tempus.
1062 1684 1139 1736 Tunc
1154 1683 1255 1736 scilicet
1273 1697 1327 1736 est.

271 1764 500 1836 pretermittenda
524 1781 586 1820 sunt
608 1769 776 1840 agriculture
821 1765 1040 1817 -Jamdudum
1053 1762 1331 1836 Quamprimumdi-

272 1848 399 1918 negotia,
423 1865 482 1918 que
511 1862 575 1902 tunc
603 1851 708 1902 tractari
730 1869 776 1902 ne·
821 1847 873 1911 cit,
893 1843 1036 1900 serendum
1057 1862 1115 1897 esse
1136 1862 1168 1896 eo
1184 1855 1329 1913 ternpore,

274 1938 382 1998 queunt
396 1927 424 1980 V
423 1966 429 1977 .
444 1929 475 1982 G.
820 1943 876 1978 non
889 1944 943 1998 quo
955 1924 1041 1998 pluit,
1056 1924 1104 1977 sed
1116 1942 1170 1996 quo
1184 1925 1331 1976 imminent

311 2023 370 2058 212.
384 2007 485 2060 Cereale
493 2028 616 2082 papaver.
629 2011 683 2063 Cur
692 2029 775 2081 papa·
819 2007 925 2078 pluvie.
936 2002 1040 2058 AEneid.
1053 2004 1101 2057 lib.
1115 2004 1153 2070 ll,
1169 2004 1329 2056 10311am-

273 2103 318 2136 ver
326 2083 551 2154 dicaturCereris‚
558 2107 654 2141 caussa
663 2089 776 2140 estmul-
819 2085 919 2138 dudum
932 2085 1029 2136 sumite
1041 2101 1143 2156 poenas.

272 2165 356 2236 tiplex
371 2187 376 2216 :
392 2155 504 2239 signabo
522 2169 634 2241 aliquus.
649 2171 692 2222 An
711 2171 774 2241 qui'a
824 2201 827 2206 ·
857 2163 917 2218 215.
936 2163 1078 2236 Verefabis
1088 2164 1161 2216 satio.
1175 2161 1331 2217 Columella

272 2244 327 2310 illi,
345 2259 375 2298 ut
393 2250 534 2302 inventrici
551 2247 727 2304 attribuitur?
742 2263 773 2304 ut
818 2249 856 2300 sic
873 2249 927 2312 eit,
942 2245 988 2298 lib.
1003 2247 1043 2312 11,
1060 2263 1091 2316 9:
1111 2247 1229 2297 uPreter
1240 2246 1330 2298 tatio·

272 2327 310 2378 ait
320 2327 417 2380 Euseb.
428 2332 540 2402 Preper.
550 2331 594 2383 ΙΙΙ»
602 2332 644 2382 An
653 2332 716 2402 quio
726 2329 773 2382 illo
822 2351 833 2376 ι
845 2346 906 2379 nem
919 2325 1133 2392 autumnalem,
1147 2343 1228 2396 quam
1239 2328 1330 2396 potis-

272 2406 351 2460 Ceres
364 2409 460 2462 famem
473 2409 601 2467 exsolvit?
614 2411 690 2462 Hanc
700 2409 776 2462 colli·
822 2430 833 2455 ι
844 2409 938 2459 rimam
946 2405 1078 2470 ducimus,
1086 2417 1127 2458 eet
1134 2406 1231 2470 altera,
1240 2423 1329 2476 quum

271 2507 359 2561 gaser
369 2489 449 2541 Ovid.
464 2491 533 2542 Fast.
550 2492 601 2558 w,
614 2490 674 2560 547.
691 2491 774 2543 Aluti·
824 2489 919 2560 ·cogit
930 2486 1090 2538 necessitas:
1104 2487 1264 2538 trimestrem
1274 2504 1329 2535 ro-

271 2579 316 2619 uel
327 2568 398 2620 ulma
413 2571 490 2634 Ceres,
499 2571 633 2641 somnique
642 2589 774 2642 papavera

271 2665 370 2700 caussas
390 2649 443 2698 Dat
460 2649 505 2699 tili
525 2667 583 2699 cum
604 2648 689 2719 tepido
708 2648 774 2702 lacte

271 2727 396 2791 bibenda,
414 2746 488 2798 puer.
510 2728 550 2780 An
573 2731 636 2798 quia
654 2748 773 2802 papaver

271 2818 363 2877 aptum
374 2809 448 2874 esui,
459 2806 500 2859 vel
515 2807 588 2878 quod
597 2827 628 2860 eo
636 2808 716 2863 Ceres
724 2829 773 2864 usa

270 2887 352 2954 luerit
359 2886 393 2938 ad
402 2886 564 2940 oblivionem
573 2887 773 2944 doloriswrra-

271 2986 323 3040 que
337 2981 378 3021 est
388 2967 480 3020 Servii.
496 2970 538 3022 An
551 2973 614 3042 quia
627 2971 694 3024 illud
704 2975 772 3046 agri·

269 3047 335 3101 cole
344 3050 413 3100 inter
420 3061 522 3120 segetes
531 3063 659 3115 sererent,
667 3055 772 3105 tametsi

269 3148 397 3197 nocuum,
405 3142 433 3182 ut
443 3129 489 3181 illo
497 3149 574 3182 sacra
583 3133 702 3185 lacerent
709 3132 773 3186 huic

822 2581 907 2621 ceant
921 2565 1044 2640 agricole
1056 2587 1062 2616 ε
1081 2585 1113 2618 ea
1125 2565 1191 2618 locis
1202 2566 1328 2637 praegeli-

822 2670 833 2694 ι
844 2647 885 2698 dis
898 2665 930 2699 ec
940 2647 1040 2698 nivosis
1053 2683 1061 2710 ‚
1074 2645 1121 2696 ubi
1134 2657 1210 2697 estas
1220 2658 1259 2697 est
1272 2644 1328 2697 lm-

822 2726 917 2780 ·mida
935 2739 962 2778 et
982 2728 1039 2778 sine
1060 2726 1225 2797 vaporibus,
1249 2739 1326 2778 reete

822 2809 1019 2860 ncommittitur
1037 2830 1043 2857 ι
1061 2810 1156 2860 ceteris
1175 2807 1325 2861 admodum

820 2913 831 2936 ρ
842 2908 903 2941 raro
916 2888 1078 2959 responden
1091 2907 1171 2959 quam
1182 2902 1271 2942 temen
1282 2891 1328 2960 ip-

821 2994 832 3018 u
842 2989 899 3022 sam
907 2969 1030 3022 celeriter
1038 2982 1065 3022 et
1072 2971 1165 3040 utique
1174 2971 1326 3041 anteequi-

821 3051 961 3102 «noctium
979 3068 1090 3102 vernum
1104 3051 1245 3102 conveniet
1261 3068 1325 3120 per-

821 3149 921 3202 ungere
937 3151 943 3179 :
962 3131 984 3181 si
998 3147 1062 3182 vero
1079 3129 1200 3182 locorum
1218 3143 1243 3182 et
1262 3129 1324 3181 celi

269 3210 350 3262 Deael
360 3209 431 3262 benc
440 3209 550 3263 adhibet
561 3210 685 3264 Brodeus
696 3213 772 3267 Misc.

197 3357 199 3362 Ι
268 3293 309 3358 ll,
327 3291 423 3360 ioan
437 3291 579 3362 quiaillud
594 3308 773 3364 manugesta-
823 3295 899 3345 «rius
920 3295 1082 3348 severimus.
1102 3305 1177 3345 tento
1199 3311 1324 3344 commo-

268 3383 309 3424 ret
332 3370 389 3422 hec
407 3371 463 3422 Dea
486 3383 512 3422 et
533 3373 590 3440 ejus
612 3372 774 3426 simulacra?
822 3372 903 3425 nlius
915 3373 1073 3444 proveniet:
1091 3390 1180 3443 neque
1197 3375 1266 3425 enim
1279 3387 1321 3425 ost

267 3455 331 3504 Haec
344 3464 383 3502 est
395 3449 513 3518 Brodei,
526 3465 553 3503 et
565 3453 646 3504 Turn.
661 3455 713 3518 tx,
728 3455 770 3508 26.
821 3451 944 3517 nullum,
957 3453 1026 3503 sicut
1042 3451 1118 3503 multi
1130 3451 1320 3517 crediderunt,

267 3533 369 3583 Firmat
380 3531 514 3600 posterior
524 3530 584 3583 loco
595 3532 769 3594 Gallimochi;
821 3543 938 3584 unctura
950 3533 1082 3584 trimestre
1095 3549 1185 3583 semen
1197 3551 1204 3582 ε
1217 3532 1321 3602 quippe

269 3609 397 3678 additque
410 3611 548 3662 Antistitas
567 3629 674 3682 quoque
692 3611 770 3666 Cere·
819 3611 913 3664 «idem
918 3614 1020 3683 jactum
1029 3625 1157 3664 autumno
1166 3610 1258 3665 melius
1267 3629 1323 3662 ret-

269 3690 306 3742 ris
328 3685 394 3740 illud
416 3701 557 3760 gestasse:
578 3688 640 3742 inde
665 3702 720 3755 est,
742 3707 773 3744 ut
818 3691 949 3761 «ponder.
978 3691 1030 3744 Sed
1056 3705 1117 3744 sunt
1145 3691 1321 3744 nihilomiuus

267 3769 325 3839 ipse
345 3769 507 3821 sententiam
522 3771 607 3822 Poste
624 3768 720 3820 referat
735 3771 771 3823 ad
818 3773 960 3844 «quedam
971 3774 1030 3827 aliia
1040 3777 1164 3846 potiora,
1176 3777 1322 3844 quesnsti·

267 3866 371 3901 sacrum
384 3847 497 3901 Cereris.
511 3849 552 3898 An
569 3848 692 3914 demum,
707 3853 771 3922 quia
818 3876 830 3898 ι
840 3856 980 3907 nentverit
989 3866 1141 3924 tepores‚ut
1152 3853 1239 3924 siligo,
1249 3866 1317 3904 etc.-

266 3929 393 3984 θυλυΐσις
408 3945 492 3998 genus
509 3941 549 3978 est
567 3933 708 3999 papaveris
725 3951 770 3984 ao·
815 3933 923 3987 Confer.
938 3935 1003 3986 Plin.
1018 3935 1118 3997 an,
1136 3951 1176 3986 ro.
1192 3933 1224 3987 V.
1240 3935 1271 3986 G·
1283 3961 1321 3976 -

238 4017 244 4036 ⁵
266 4009 465 4062 commodatum
477 4021 502 4060 et
511 4008 618 4062 salubre
628 4011 770 4066 conficien-
817 4015 1044 4086 huncquoque,
1054 4013 1221 4067 eradicem!
1230 4013 1320 4084 ipsam

266 4089 308 4143 dis
318 4087 434 4161 panibus
449 4086 483 4140 ad
496 4092 674 4146 eaumlllenc
684 4093 769 4146 addn·
813 4093 929 4170 herbam·
950 4093 1143 4167 apostropham
1165 4094 1239 4146 lacit.
1257 4095 1321 4148 llaec

823 3211 965 3263 «conditio
977 3213 1108 3283 patietur,
1122 3225 1222 3283 quanto
1235 3224 1326 3263 matu-
