2970 4714
264 363 305 447 74
468 413 470 420 .
697 355 871 422 cnnnx

299 481 408 542 Praeda
420 477 587 541 Charontis
600 495 690 560 egon
702 478 785 540 video
796 492 832 539 ut
845 478 1011 560 stagnans
1024 482 1136 566 tcotpiis

299 571 434 629 Lumina
446 566 627 628 *collucent
639 566 758 627 infestis
771 569 878 628 omnis
891 567 1004 628 taedis*

300 659 448 720 *Obvia*
459 655 642 739 Tisiphone,
654 660 852 740 serpentibus
862 659 1006 740 undique
1016 662 1113 722 cinctu
1120 701 1130 734 ,

299 745 341 805 Et
352 747 494 808 flammas
504 761 537 806 et
548 767 628 807 seve
639 748 741 829 quatit
753 746 833 806 mihi
845 747 973 806 verbera
985 752 1087 809 Peene.

301 836 453 896 Cerberus
466 851 497 896 et
508 836 585 897 diris
598 836 708 918 flagret
720 835 883 897 latratibus
894 857 965 913 ora,

301 926 461 1006 Anguibus
473 927 546 988 hinc
558 941 653 1011 atque
665 924 739 986 binc
751 925 882 987 horrent
894 929 944 987 cui
957 925 1037 988 colle
1050 933 1175 1011 repens,

299 1014 556 1100 Sanquineumque
567 1019 687 1076 micant
698 1015 842 1075 ardorem
855 1015 985 1076 luminis
999 1017 1101 1079 orbes.

298 1103 416 1184 Ecquid
425 1105 463 1165 ab
477 1105 582 1167 officio
594 1106 732 1188 digressu
746 1115 790 1164 est
801 1105 916 1187 grstia,
929 1125 1029 1186 quum
1040 1117 1071 1165 te

300 1192 429 1253 Restitni
442 1199 562 1278 superis
574 1195 627 1256 leti
638 1193 702 1276 jntn
717 1191 827 1254 limine
840 1195 879 1255 sb
892 1195 976 1276 ipso!

298 1281 429 1344 Praemia
444 1286 492 1346 ubi
501 1285 635 1368 pietatis?
646 1283 696 1345 ubi
707 1287 835 1366 pietatis
846 1283 1002 1346 honores?

300 1367 333 1428 in
347 1391 443 1432 venas
456 1375 560 1434 abiere
573 1375 669 1446 vices3
681 1385 713 1431 et
724 1394 796 1434 rure
808 1376 934 1434 recessit

298 1459 432 1536 Jrsstitia,
445 1477 475 1523 et
483 1465 571 1546 prior
582 1460 638 1521 itta
650 1462 758 1522 Fides:
772 1465 921 1523 instantia
931 1461 998 1522 vidi

299 1544 449 1624 Alterius,
461 1552 529 1610 sine
541 1561 684 1630 respectu
697 1570 766 1610 mee
778 1550 842 1610 fate
855 1549 1055 1632 relinquens:

299 1632 345 1693 td
359 1635 475 1716 pariles
489 1657 565 1718 agor
576 1650 720 1712 eventus3
733 1637 770 1697 iit
781 1659 875 1720 poene
887 1639 1037 1711 merenti;

298 1723 394 1782 Poena
407 1723 442 1784 fit
454 1728 601 1800 exitium3
615 1725 710 1787 modo
722 1728 763 1786 sit
774 1727 849 1786 dum
863 1739 950 1806 grata
962 1725 1123 1801 voluntas,

298 1806 418 1870 Existnt
432 1833 491 1892 par
503 1811 653 1876 officium.
665 1817 763 1876 Feror
774 1817 845 1874 avia
857 1833 1006 1896 carpens,

298 1897 376 1957 Avia
387 1901 572 1964 Cimmerios
584 1906 666 1964 inter
677 1904 829 1964 distantia
840 1903 941 1982 iucoss

300 1987 373 2068 Quc'e
383 1992 477 2068 circa,
492 1996 592 2054 tristes
605 1994 777 2055 densentur
788 1997 820 2053 in
834 1995 942 2052 omniu
953 2007 1064 2075 poente.

299 2076 378 2165 Nem
391 2079 510 2142 vinctus
522 2084 610 2144 sedet
622 2085 770 2144 immanis
782 2081 979 2165 serpentibus
992 2083 1084 2156 Otos,

299 2163 486 2228 Devinctum
500 2185 628 2232 moestus
641 2171 754 2254 procul
767 2171 944 2253 adspiciens
957 2169 1141 2254 Ephialtem

297 2251 409 2314 Consti
423 2277 521 2336 quum
534 2261 598 2320 sint
610 2259 770 2340 quondum
781 2258 957 2320 rescindere
970 2258 1142 2319 mundum:

298 2341 337 2401 Et
348 2345 470 2426 Tityos,
483 2351 619 2424 Latona,
633 2364 694 2410 tuoe
706 2367 828 2410 memor
838 2351 948 2410 anxius
961 2351 1030 2426 irre,

299 2430 511 2514 implacabilis
524 2441 571 2499 ira
582 2441 692 2500 nimis!
702 2437 783 2519 jacet
795 2438 878 2499 slitis
891 2457 968 2500 esce.

297 2521 430 2583 Terreor
442 2525 496 2586 ah!
509 2531 604 2588 tantis
616 2530 759 2588 insistere
772 2542 891 2588 terreor
903 2525 1024 2588 umbris
1120 2534 1124 2540 '

297 2607 344 2668 Ad
357 2613 475 2694 Stygias
488 2630 648 2676 revocatus
661 2637 757 2698 squas
770 2640 777 2674 :
791 2618 843 2676 vix
855 2615 986 2676 ultimus
999 2614 1086 2674 amni

298 2697 403 2770 Extat,
417 2716 574 2764 nectareas
586 2705 695 2764 divum
708 2705 764 2786 qui
776 2703 918 2786 prodidit
930 2724 1028 2779 escas,

298 2786 422 2848 Gutture
432 2790 470 2850 ab
483 2795 581 2852 arenti
594 2791 728 2854 revolutis
735 2793 868 2876 fluminis
880 2793 975 2855 undis.

297 2875 397 2953 Quid,
410 2899 517 2941 sexum
530 2883 639 2964 procul
653 2883 783 2944 adverso
797 2885 851 2966 qni
864 2895 971 2944 monte
983 2881 1130 2958 revolvit,

297 2964 433 3028 Numina
446 2976 646 3033 contemsisse
659 2972 749 3033 dolor
761 2995 853 3055 quem
867 2975 966 3032 vincit
977 2970 1124 3048 acerbus,

296 3053 370 3112 Otia
383 3074 574 3137 querentem
587 3061 700 3121 frustra
711 3059 783 3122 sibi!
794 3060 898 3144 quidve
908 3057 1036 3142 puellas,

295 3141 369 3200 Dira
382 3147 496 3226 quibus
507 3146 602 3210 ttedss
614 3149 755 3213 accendit
764 3147 898 3230 μωηυὸα
911 3149 1061 3230 Erinnys,
1261 3153 1305 3210 sss

296 3231 379 3293 Sicut
392 3237 515 3318 Hymen
527 3261 658 3321 proesapa
670 3237 758 3300 dedit
770 3235 930 3302 connubia
942 3239 1067 3310 mortis;

297 3321 397 3400 Atque
411 3324 487 3385 alias
500 3325 562 3386 alio
574 3327 682 3389 denset
694 3348 790 3408 super
801 3328 926 3408 agmine
940 3325 1077 3386 turmas?

296 3409 462 3492 impietate
474 3415 540 3476 fera
552 3417 716 3478 vecordem
729 3414 879 3476 Colchida
893 3429 1027 3476 matrem

298 3501 394 3558 Anxia
408 3501 548 3565 sollicitis
561 3505 764 3568 meditantem
774 3505 906 3565 vulnere
917 3502 1020 3564 netis?

297 3587 348 3645 An
361 3588 548 3654 Pandionias
560 3595 739 3656 misermsdas
751 3594 839 3676 prole
851 3590 991 3676 puellas?
1262 3597 1305 3646 ²³⁰

290 3809 323 3854 Ab
337 3827 404 3858 versu
417 3815 473 3862 inde
489 3819 531 3863 215
548 3820 666 3862 variorum
679 3815 757 3860 bomi-
802 3817 883 3878 posita
894 3825 962 3870 sunt,
971 3827 1023 3876 quae
1036 3812 1157 3872 adscriptae
1171 3809 1264 3855 fuerent
1276 3807 1306 3853 sd

260 3893 316 3925 urin
323 3881 424 3943 ingenia,
432 3899 455 3932 et
462 3901 559 3933 conatus
567 3898 703 3933 ornaments
711 3901 757 3930 no·
802 3899 882 3933 versus
890 3899 961 3946 ²09···
971 3885 1024 3942 ²¹4·
1034 3881 1307 3943 tntemmpersequurt

260 3967 287 3996 rs
297 3953 415 4001 inserendi
426 3971 448 4002 et
458 3957 554 4004 lacinias
563 3956 697 4018 siisssuper
706 3955 758 4001 aliis
801 3970 855 4003 sunt
862 3955 948 4020 piures,
953 3959 1039 4021 quibus
1046 3956 1158 4019 pessimus
1165 3953 1306 4000 versificator

260 4025 367 4072 assuendi
376 4043 517 4089 cognoscere
528 4029 552 4072 in
564 4039 658 4088 promtu
668 4039 710 4073 en.
723 4027 759 4072 lte
801 4028 846 4074 siis
862 4031 1012 4087 inter-texuit,
1027 4041 1055 4075 ut
1073 4041 1152 4074 versus
1172 4027 1228 4081 ²31,
1248 4023 1305 4079 232,

261 4111 272 4139 a
287 4114 351 4144 versu
364 4113 406 4144 πυ
415 4097 758 4144 aiienolocosententiaeinter-
803 4098 860 4156 238,
874 4097 927 4159 239.
