2964 4690
364 422 415 487 ru
438 417 826 486 ononoroonon
848 405 941 488 nra.
966 423 992 488 1.
1139 425 1201 493 365

158 556 263 620 tonsa,
281 545 344 628 jam
360 548 513 623 demessa,
532 546 587 607 fiat
601 545 738 621 novalis,
758 545 869 622 idest,
888 563 983 609 cesset
997 547 1124 610 alteruis
1147 571 1203 610 an·

157 631 223 708 nis;
236 633 438 718 durescatque
450 656 576 718 campus
588 636 663 710 situ,
675 633 786 696 alterni
798 635 873 694 anui
886 637 1025 717 segnitie.

200 725 248 804 73.
263 727 456 808 Praeceptum
470 724 530 787 hoc
544 725 692 806 dirigitur
710 723 749 784 ad
768 723 935 804 agricolas,
954 727 1068 806 quibus
1081 747 1147 788 non
1161 729 1206 788 ita

160 811 258 872 multa
274 828 426 874 terrarum
442 815 557 896 spatia,
576 827 611 872 ut
624 813 743 894 possint
757 823 876 892 panem
893 831 1007 886 serere,
1027 829 1147 894 partem
1161 836 1207 875 re·

159 895 301 978 linquere
316 899 354 961 ad
368 901 477 982 agrum
492 899 656 961 novalem:
671 899 748 960 dicit
763 899 883 980 itaque,
896 911 931 959 ut
944 897 1014 960 loco
1028 903 1208 962 cessationis

160 1006 235 1064 ager
253 1001 371 1050 seratur
387 989 454 1070 jam
470 989 567 1063 farre,
586 988 691 1063 idest,
710 987 884 1060 frument03
901 984 967 1068 jam
980 1002 1034 1047 aut
1051 987 1210 1070 legumine

160 1073 282 1156 aliquo,
302 1093 356 1139 aut
369 1081 463 1153 vicia,
481 1093 537 1140 aut
551 1078 677 1160 lupino;
696 1091 726 1138 et
738 1089 857 1136 seratur
868 1076 925 1136 sub
939 1075 1001 1136 alio
1016 1078 1128 1154 sidere,
1147 1078 1210 1139 alia

159 1175 342 1247 tempestate
352 1170 442 1242 anni3
454 1189 527 1229 nam
539 1167 626 1228 aliud
636 1181 760 1248 tempus
771 1165 943 1241 frumenta,
953 1165 1039 1226 aliud
1050 1166 1211 1248 legumina

161 1257 326 1336 requirunt
340 1258 379 1318 ad
390 1260 631 1319 seminationem
643 1279 651 1316 ι
663 1259 705 1318 sic
717 1276 790 1338 eger
801 1257 935 1338 quietern
948 1253 1093 1330 habebit,
1106 1257 1132 1316 si
1145 1277 1212 1318 nou

162 1360 283 1422 semper
304 1341 458 1405 frumenta
479 1347 614 1427 accipiat
635 1368 642 1403 ε
668 1343 814 1425 legumen
834 1356 924 1404 vocat
944 1343 1065 1420 laetum,
1086 1346 1135 1404 cui
1157 1364 1211 1405 sua

162 1428 290 1510 siliqua,
302 1433 333 1490 id
348 1446 407 1508 est,
422 1435 553 1513 vagina,
568 1447 598 1494 et
612 1432 774 1495 folliculus
789 1446 925 1513 quassat,
938 1447 1044 1510 sonat,
1058 1434 1211 1515 crepitat:

162 1517 274 1577 viciam
288 1533 429 1597 tenuem,
448 1536 483 1582 ut
498 1543 569 1582 vere
588 1537 650 1583 est:
671 1523 817 1605 lupinum
835 1523 968 1595 tristem,
988 1541 1139 1602 perquam
1159 1542 1212 1604 op·

199 1670 242 1738 73.
253 1671 308 1724 Aut
319 1673 434 1750 ibiflava
445 1693 507 1728 seres
518 1685 619 1726 mutato
630 1675 666 1728 si·
712 1673 834 1738 Plautus,
846 1673 975 1744 Capitibus
986 1673 1169 1746 quassantibus.
1178 1701 1214 1713 --

163 1747 311 1822 densam.
324 1753 350 1804 Si
362 1768 386 1806 te
398 1757 608 1828 terraramcsgit
620 1753 669 1808 ah·
711 1753 851 1824 Lepumen.
871 1751 1001 1824 Lequmen
1020 1751 1119 1804 dicitur
1140 1750 1214 1824 qnod

163 1829 260 1898 gustis,
267 1845 293 1882 et
301 1850 354 1884 non
362 1831 508 1898 habes,ubi
517 1836 667 1886 intermisso
713 1849 794 1882 manu
804 1829 905 1902 leqitur,
915 1847 964 1881 nec
973 1831 1118 1883 sectionem
1128 1833 1216 1902 requi·

164 1924 229 1979 agro
243 1928 333 1963 rursus
343 1931 429 1978 seras,
442 1913 479 1964 ibi
489 1915 669 1966 frumentase-
713 1913 755 1962 rit.
781 1910 926 1961 Frumento
950 1927 1013 1961 vero
1037 1924 1098 1962 suut
1125 1913 1216 1964 omnia

165 2005 222 2052 ras,
236 1990 307 2044 uude
315 1991 449 2066 legumina
461 1992 606 2045 sustulisti:
621 2007 668 2046 aut
714 2007 772 2062 quse
789 2007 820 2041 ex
834 2005 862 2041 se
879 1991 1002 2041 emittunt
1020 1993 1113 2042 aristas
1129 2013 1134 2041 :
1152 2001 1224 2042 uam'

165 2068 188 2118 si
201 2068 248 2120 tibi
259 2083 298 2122 est
308 2089 375 2143 opus
388 2073 539 2138 frumento,
549 2086 668 2125 stercora
714 2067 787 2141 quod
808 2086 889 2139 snpra
912 2069 949 2120 ait
968 2069 1061 2141 sarra,
1080 2073 1217 2123 frumenta

164 2164 277 2222 sparge,
294 2163 320 2204 et
339 2153 473 2214 cinerem
494 2152 536 2204 vel
553 2151 667 2205 incende
714 2149 877 2220 accipimus;
895 2151 997 2219 species
1019 2152 1089 2202 enim
1109 2163 1148 2202 est
1167 2167 1217 2222 pro

165 2229 287 2300 stipulas.
300 2232 370 2284 Seru.
379 2234 526 2284 —Mutato
536 2233 623 2284 sidere.
637 2231 669 2284 ld
713 2247 819 2302 genere.
832 2229 885 2280 Far
895 2231 1004 2299 proprie
1017 2247 1100 2300 genus
1113 2244 1152 2283 est
1165 2233 1218 2282 frn-

167 2321 224 2375 est,
237 2311 291 2363 alia
303 2313 366 2362 anni
379 2325 553 2383 tempestate3
567 2330 621 2363 non
635 2311 671 2363 al·
715 2310 797 2360 menti
817 2309 920 2379 optimi.
935 2309 1039 2360 Dicitur
1049 2309 1218 2381 frumentum

167 2401 225 2440 tero
241 2409 326 2458 anno,
342 2403 371 2442 ut
386 2393 520 2462 lleyuius,
535 2404 597 2462 post
613 2391 672 2444 Ser.
715 2406 732 2437 a
739 2386 861 2457 frumine
869 2423 878 2450 ,
894 2386 964 2458 quod
980 2397 1017 2438 est
1031 2387 1101 2458 quloe
1117 2389 1219 2460 prumi-

168 2468 249 2521 vium.
271 2472 358 2522 Poscit
379 2472 450 2522 euim
469 2469 597 2542 quodque
615 2472 673 2523 fru-
717 2481 856 2536 stempas&
869 2463 942 2516 Serv·

168 2565 230 2618 guin
245 2567 329 2620 genus
346 2553 485 2621 proprium
504 2548 586 2602 sidus.
604 2550 672 2602 Vide
753 2543 795 2614 75·
810 2543 1047 2616 dullenuetsoelus
1058 2546 1137 2598 vieioe.
1149 2545 1218 2600 Mire

170 2628 237 2692 208,
250 2628 285 2682 ad
299 2631 424 2683 230.Vox
432 2629 513 2696 sidus,
525 2649 579 2682 nou
589 2631 672 2702 magis
719 2625 756 2678 ait
767 2635 869 2686 tenues‚·
883 2643 945 2677 nam
957 2627 1026 2678 vicia
1036 2627 1078 2676 vix
1089 2625 1123 2678 ad
1135 2627 1220 2698 tripli·

168 2707 257 2773 solent,
267 2711 452 2780 quamsit-ium,
462 2729 541 2784 quern
554 2729 604 2782 pro
616 2707 672 2762 sole
718 2725 775 2758 cern
785 2708 906 2777 pervenit
920 2708 1052 2771 fructum,
1070 2725 1151 2779 quum
1167 2709 1220 2762 alia

171 2789 258 2858 accipi
270 2788 514 2864 volunt‚designat.
528 2791 674 2842 Farrafru·
717 2786 851 2860 legumina
866 2803 1025 2859 proventum
1044 2788 1163 2841 habeant
1184 2791 1222 2843 le·

170 2864 305 2934 mentum,
322 2870 413 2941 speltae
425 2889 508 2946 genus
521 2871 674 2924 inter‘triti·
718 2864 873 2918 licissimum
892 2881 918 2919 et
939 2868 1062 2920 fertilem.
1084 2872 1156 2922 lnter
1174 2869 1222 2922 ille

172 2963 232 2998 cum
252 2961 278 3000 et
296 2949 427 3002 hordeum
449 2951 582 3017 medium,
600 2949 673 3022 apud
718 2945 868 3018 legumina,
888 2965 945 3018 quie
961 2949 1056 3018 juvant
1079 2967 1176 3020 agros,
1196 2961 1222 3000 et

171 3025 306 3080 Romanos
319 3030 396 3082 valde
411 3049 560 3084 commune.
577 3032 608 3082 Ei
625 3049 674 3084 no-
719 3029 918 3079 stercorationis
929 3029 980 3078 vini
991 3027 1107 3094 habent,
1120 3030 1185 3080 vicia
1196 3041 1223 3080 et

173 3121 234 3156 meu
248 3105 392 3172 adoreum,
403 3121 428 3160 et
439 3109 473 3160 ab
484 3111 674 3181 antiquissimis
720 3105 806 3178 lupini
817 3120 1006 3172 numerantur,
1024 3121 1051 3158 ut
1066 3107 1170 3160 Colum.
1181 3109 1222 3174 11,

174 3184 339 3254 temporibus
357 3185 391 3238 ad
410 3185 511 3257 pultem
528 3187 675 3240 adhibeba·
724 3187 771 3254 td:
784 3187 891 3240 Sasenra
906 3201 983 3258 putat
994 3189 1125 3240 stercorari
1140 3191 1222 3260 etju-

176 3274 218 3312 tur
230 3275 256 3314 et
268 3263 392 3334 globulos
404 3266 563 3318 farinaceus.
577 3265 608 3320 V.
622 3267 653 3318 G.
722 3267 777 3316 uari
787 3285 861 3339 aprus
875 3265 979 3337 lupino,
987 3266 1069 3336 faba,
1084 3267 1165 3331 vicia,
1181 3285 1223 3319 en·

212 3342 252 3412 74.
267 3343 366 3394 Laetum
384 3342 510 3417 lequmen.
524 3345 630 3398 Fertile.
643 3343 678 3400 Et
722 3361 762 3409 vo,
774 3343 850 3409 lente,
860 3344 993 3410 cicercula,
1002 3345 1066 3416 piso.
1077 3375 1111 3386 -
1123 3345 1223 3400 Tristis·

175 3426 263 3490 lutus,
277 3437 357 3498 prout
365 3443 406 3476 res
414 3427 507 3492 fuerit,
517 3426 675 3495 accipimus3
721 3442 772 3497 que
782 3423 875 3494 lupini.
892 3425 995 3486 dmari3
1009 3441 1091 3495 quum
1104 3427 1131 3477 iu
1143 3439 1224 3498 gustu

177 3521 207 3558 ut
218 3505 394 3570 laetissimo,
406 3503 434 3557 id
448 3517 501 3572 est,
514 3503 618 3557 dilatis:
634 3501 678 3554 loe-
722 3507 756 3556 sit
774 3521 893 3556 amarum
911 3505 1004 3556 triste:
1025 3523 1085 3556 nam
1103 3507 1223 3558 incoctus

176 3597 231 3640 tum
246 3603 338 3658 pecus,
352 3583 444 3649 idest,
459 3585 573 3657 pinque:
586 3583 675 3636 loetum
722 3602 827 3638 amarus
835 3597 883 3637 est.
892 3584 1107 3659 Enniuereque
1115 3585 1160 3638 ille
1170 3588 1225 3640 tris·

176 3667 316 3740 legumen,
334 3678 363 3718 ut
383 3663 633 3736 diximus‚fertiie;
650 3676 676 3716 et
722 3675 746 3716 te
760 3665 880 3738 quasitot
899 3665 993 3737 sinapi.
1013 3666 1041 3716 ln
1064 3685 1095 3718 ea
1114 3670 1222 3721 notione

178 3750 216 3800 sie
231 3750 257 3800 in
272 3746 389 3818 reliquis.
405 3777 439 3786 -
452 3745 562 3818 Siliqua.
577 3744 608 3798 ld
620 3758 676 3812 est,
723 3747 838 3798 occurrit
846 3744 918 3818 apud
925 3747 1052 3799 Nostrum
1062 3747 1109 3799 Ge.
1117 3749 1151 3810 ll,
1161 3749 1221 3803 126:

177 3827 257 3880 tlreca
268 3827 424 3900 leguminis,
435 3825 475 3878 rel
489 3823 626 3894 folliculo,
638 3828 678 3878 iu·
726 3850 737 3874 a
749 3824 839 3877 Media
855 3827 908 3878 fert
927 3827 1014 3879 tristes
1024 3825 1026 3828 ’
1035 3845 1149 3895 suecos,
1166 3841 1223 3880 tar·-

178 3919 220 3960 tra
232 3926 311 3979 quem
327 3906 462 3980 legumina
479 3919 632 3958 nascuntur.
644 3935 678 3946 -
724 3904 980 3977 dumquesaporern.
991 3929 1001 3953 ι
1011 3905 1089 3958 Ovid.
1097 3903 1130 3957 de
1139 3907 1223 3958 Ponto

182 3985 368 4055 Quassante.ld
380 4000 433 4052 est,
447 4003 556 4057 quassa;
569 4003 625 4056 quse
637 4003 681 4036 so·
724 3985 776 4050 lll,
797 4001 826 4050 t,
845 3985 877 4037 23
893 4007 900 4036 ε
917 4007 929 4031 ι
941 3984 1037 4036 Tristia
1057 4003 1107 4056 per
1123 4003 1224 4038 naeuos

180 4079 228 4118 nat
239 4085 322 4138 quoin
335 4081 483 4140 quassatur.
501 4065 637 4130 Caecilius,
653 4064 682 4116 Si
724 4063 835 4116 horrent
858 4061 993 4116 absinthia
1015 4081 1133 4134 campos.
1150 4087 1161 4111 ι
1182 4064 1225 4117 Sic

182 4159 316 4217 quassante
339 4150 423 4222 capite
447 4148 526 4202 tristes
551 4144 682 4200 incedunt.
725 4145 830 4198 Lucret.
840 4143 939 4216 liquor
950 4143 1025 4196 tristis
1035 4143 1164 4197 absinthii.
1176 4142 1225 4196 dni
