2998 4670
277 377 339 442 556
605 377 984 442 COMMENTARIA

313 499 383 580 39¹·
397 501 516 559 Firmat
528 499 670 582 exemplo
685 501 838 574 numinis,
858 521 927 582 quae
941 499 1020 560 dixit
1034 501 1073 562 de
1085 503 1219 564 candore
1233 503 1314 563 lani·

272 589 324 649 cii.
336 591 416 648 Nam
429 590 493 647 Pan
509 588 645 648 Arcadiae
657 591 755 662 Deus,
768 604 803 648 ut
817 591 938 649 Lunam
950 587 1108 671 pelliceret
1120 593 1158 650 ad
1175 611 1314 652 amorem

273 677 337 749 sui,
353 697 383 736 se
397 679 429 734 in
444 677 570 735 arietem
585 677 845 736 candidissimum
859 679 1028 752 convertit,
1043 699 1107 738 nun
1123 677 1272 753 facturus,
1287 678 1315 738 si

274 767 363 844 niger
373 764 460 824 color
471 779 552 826 esset
564 769 773 848 prestantior.
1291 843 1294 848 ,

314 853 382 935 394.
396 857 444 915 Fit
454 855 568 938 gradus
583 855 620 914 ad
634 869 787 938 pastores,
800 855 913 937 quibus
925 876 989 914 non
1005 855 1148 916 lanarum
1160 857 1314 931 studium,

274 941 328 1002 sed
344 943 441 1002 lactis.
461 947 513 1004 lsti
529 943 685 1026 cytlrisum
702 947 866 1025 porrigant
882 946 999 1026 pecori,
1022 943 1136 1020 lotum,
1157 958 1189 1004 et
1206 943 1316 1003 herbas

271 1034 539 1114 conspersasselc‚
550 1049 678 1115 propter
686 1032 842 1115 duplicem
852 1036 1014 1094 rationem.
1027 1035 1146 1108 Prima,
1159 1035 1231 1114 quia
1242 1031 1316 1092 inde

272 1141 364 1203 pecus
379 1123 478 1202 magis
491 1123 574 1194 sitit,
588 1143 624 1180 ex
639 1143 703 1205 quo
716 1119 816 1200 major
827 1119 959 1200 putandi
975 1121 1120 1196 ariditas,
1135 1142 1170 1180 ac
1184 1119 1314 1202 perinde

274 1205 374 1289 major
383 1209 474 1269 lactis
483 1212 575 1291 copia
584 1212 617 1269 in
627 1209 785 1269 uberibus.
798 1208 901 1268 Altera
913 1211 988 1290 quis
1000 1229 1094 1291 supor
1105 1209 1179 1270 salis
1192 1211 1225 1269 in
1237 1208 1315 1267 lacte

273 1299 346 1372 erit,
361 1297 435 1358 inde
449 1298 497 1358 lac
510 1299 650 1373 dulcius,
664 1313 694 1358 et
705 1300 809 1379 gustui
825 1299 962 1358 suavius.

313 1387 381 1467 398.
398 1389 543 1468 Sequitur
557 1401 749 1470 preceptum
764 1385 897 1446 alterum
912 1386 950 1446 ad
966 1384 1090 1467 copiam
1105 1384 1206 1458 lactis,
1220 1383 1316 1466 idque

273 1498 309 1537 ex
318 1475 491 1537 multorum
501 1480 662 1560 opinione.
672 1476 766 1536 lloedi
777 1497 875 1558 quum
882 1473 947 1556 jam
959 1487 1172 1550 excreverunt,
1183 1486 1316 1553 suntque

273 1563 457 1642 validiores,
469 1579 634 1624 arceantur
645 1585 663 1623 a
676 1562 844 1640 matribus,
857 1583 896 1623 ne
910 1561 1031 1622 tamdiu
1044 1575 1210 1641 exsuge-nt,
1224 1575 1255 1619 et
1267 1559 1316 1619 lac

273 1649 423 1712 adimant.
439 1654 539 1730 Quin,
558 1655 585 1712 si
599 1673 694 1735 opus,
713 1650 913 1734 praeligantur
928 1649 991 1710 illis
1005 1668 1060 1709 ora
1076 1650 1234 1731 capistris,
1249 1648 1317 1728 qui·

272 1740 332 1798 bus
347 1738 491 1800 claviculi
507 1741 613 1814 ferrei,
635 1756 671 1800 ut
685 1755 815 1800 matrem
831 1739 963 1813 ludunt,
984 1740 1010 1798 si
1025 1737 1122 1798 velint
1136 1756 1256 1818 sugere,
1278 1755 1315 1794 ac

272 1827 401 1909 perinde
414 1828 467 1887 illa
480 1827 590 1909 fugiat.

311 1915 379 1991 duo.
399 1919 523 1977 Transit
542 1940 560 1977 u
577 1917 655 1978 lacte
674 1917 714 1977 ad
731 1939 869 1993 cascum,
889 1930 919 1977 et
935 1916 973 1976 ad
991 1914 1117 1976 delicias
1133 1914 1225 1988 elias,
1246 1931 1317 1995 quae

273 2001 341 2062 fieri
354 2003 455 2064 solent
466 2027 503 2064 ex
517 2004 610 2080 lacte3
630 2005 677 2065 lac
695 2006 829 2067 mulsum
846 2006 1019 2078 matutino,
1038 2015 1093 2060 aut
1108 1999 1223 2060 diurno
1237 2013 1315 2059 tem-

271 2107 525 2171 pore‚premstnr
533 2107 623 2153 nocte
632 2094 664 2153 in
673 2115 810 2154 caseum:
822 2094 956 2154 mulsum
963 2110 1036 2150 vero
1045 2088 1211 2168 vesperi‚et
1219 2101 1318 2159 noctu

271 2193 321 2238 est
332 2199 408 2240 usus
421 2180 571 2264 duplicis;
584 2205 656 2243 nans
671 2185 718 2245 vel
730 2198 832 2268 potest
846 2181 986 2265 impendi
1000 2180 1032 2239 iu
1045 2176 1171 2237 delicias
1184 2175 1317 2252 lacteas,

272 2341 323 2394 pro
333 2324 431 2378 damn'o
441 2327 549 2399 capituli
560 2328 621 2380 dari
630 2345 773 2382 consuere·
817 2328 901 2381 multa
909 2327 1041 2390 nascitur,
1048 2322 1128 2374 dictu.
1137 2349 1172 2360 -
1180 2319 1313 2390 lotosque.

272 2417 332 2455 rut:
348 2425 410 2458 nam
425 2406 498 2478 upud
513 2410 644 2478 majores,
661 2409 774 2461 homici—
816 2409 893 2460 Lotus
907 2408 987 2460 arbor
999 2422 1064 2478 pyro
1082 2401 1188 2465 similis,
1202 2412 1314 2470 utraque

271 2482 309 2534 dii
326 2505 431 2555 poenam
451 2491 545 2539 noxius
565 2491 653 2541 arietis
672 2489 771 2541 damno
817 2490 909 2559 pecori
926 2488 1007 2539 bona.
1025 2483 1142 2556 Philus-9.
1154 2483 1261 2532 -nton
1280 2479 1314 2531 de

271 2565 377 2619 luebat:
389 2567 462 2637 quod
474 2570 501 2619 iu
510 2570 612 2640 'Regum
624 2569 727 2642 legibus
737 2571 772 2622 le·
816 2569 871 2620 loto
883 2571 1022 2641 Egnatia,
1037 2585 1093 2638 quse
1104 2565 1152 2616 lilii
1165 2563 1218 2616 albi
1230 2579 1314 2632 aqua-

272 2645 351 2713 gitur.
363 2647 433 2696 Seru.
816 2651 863 2702 tici
881 2649 975 2700 similis
993 2660 1047 2712 est,
1066 2646 1121 2698 haec
1143 2640 1313 2714 intelligendu

307 2722 367 2790 391.
378 2724 528 2775 Muneresic
540 2726 614 2776 niveo
624 2725 699 2777 lusoe.
711 2726 771 2777 lliu-
816 2741 896 2782 sunt:
914 2745 1056 2798 perperam
1074 2727 1211 2798 Martynus
1230 2721 1312 2770 lotum

271 2813 311 2852 tat
326 2800 445 2852 fabulam
459 2820 466 2852 :
481 2820 543 2852 nam
561 2821 617 2853 non
633 2805 704 2866 Pan,
722 2804 770 2856 sed
816 2797 1311 2878 Egyptiucnmovibusobtrudsrevult.

270 2879 419 2952 Endymion
432 2899 534 2934 amasse
547 2881 768 2936 dicitur-Lunum:
815 2886 894 2938 -De
905 2885 1003 2956 triplici
1016 2885 1065 2936 luti
1078 2886 1186 2946 arbore,
1198 2884 1312 2949 itemque

271 2961 317 3031 qui
329 2973 433 3032 spretus
443 2963 516 3032 pavit
529 2979 626 3032 pecora
637 2962 770 3015 candidis·
814 2964 899 3017 berba
908 2964 994 3032 dulci,
1007 2963 1060 3016 rid.
1072 2965 1138 3016 Plin.
1153 2977 1178 3015 et
1189 2957 1310 3029 Theuph.

270 3041 351 3107 sinas,
360 3043 433 3093 etsie
443 3059 501 3093 eam
513 3043 540 3092 in
551 3059 613 3092 suos
623 3040 706 3093 illexit
716 3061 770 3093 am·
849 3045 909 3112 398.
921 3045 1049 3096 Excretos.
1059 3043 1090 3094 ld
1098 3055 1151 3108 est,
1162 3051 1310 3113 seperatus;

271 3118 383 3189 plexus:
401 3123 476 3190 cujus
497 3121 536 3174 rei
555 3121 659 3192 mystici
676 3121 769 3174 volunt
814 3137 859 3175 aut
876 3127 923 3196 qui
939 3125 1118 3187 excreverint,
1133 3121 1211 3174 valde
1225 3135 1313 3170 creve-

271 3199 414 3268 quamdam
425 3213 554 3253 secretam
563 3218 621 3253 esse
628 3203 767 3254 rationem.
814 3205 881 3270 rint,
895 3216 923 3256 ut
937 3207 973 3257 uit
982 3205 1096 3257 Servius.
1106 3203 1146 3256 Cl.
1158 3203 1225 3252 Voss
1236 3202 1314 3250 inter·

271 3306 305 3317 -
319 3279 348 3330 Si
361 3279 459 3330 credere
472 3281 580 3352 diynum
593 3293 645 3348 est,
665 3295 770 3334 tautum
813 3296 949 3354 pretatur,
967 3303 983 3337 a
1002 3284 1071 3336 lacte
1089 3292 1210 3345 remotos,
1229 3297 1244 3330 s
1260 3295 1313 3328 ma·

272 3355 305 3409 ds
317 3356 380 3409 luna
389 3359 564 3431 sacrilegium.
575 3361 644 3413 Serv.
814 3361 899 3414 tribus
908 3375 1027 3416 secretus.-
1040 3381 1098 3434 que
1107 3361 1207 3412 locutio
1216 3359 1313 3409 Grecis

307 3436 367 3502 394.
376 3437 460 3488 Atcui
469 3435 542 3490 lactu
551 3439 770 3510 amondliapur·
814 3453 841 3492 st
854 3442 980 3494 Romanis
993 3456 1033 3495 est
1043 3440 1190 3495 familiaris.

273 3532 304 3564 ro
321 3527 360 3565 est
375 3517 443 3566 ratio
457 3517 653 3586 pascendarum
667 3523 770 3570 ovium·
850 3521 909 3590 399.
931 3521 1041 3574 Fermtris
1054 3519 1180 3592 capistris.
1204 3514 1234 3565 ld
1257 3525 1312 3578 est,

273 3596 769 3666 quecaprarumque,squibuslactis
814 3599 896 3652 duris.
916 3602 986 3654 Seru.
1006 3632 1040 3641 -
1060 3602 1120 3651 Haec
1141 3609 1312 3668 opponuntur

274 3681 321 3720 aut
333 3670 405 3719 cassi
413 3673 519 3740 copiam
529 3671 627 3725 babere
637 3674 767 3728 volumus.
814 3678 934 3732 mullibus
943 3682 1070 3752 capistris,
1082 3679 1115 3731 de
1126 3677 1222 3749 quibus
1233 3692 1312 3746 supra

272 3750 328 3800 llas
342 3749 412 3798 enim
428 3750 563 3818 pinguiori
580 3752 641 3804 cibo
660 3753 769 3823 alimus,
813 3775 851 3809 ss.
877 3758 935 3811 188.
953 3758 1089 3811 Suellerus
1107 3759 1133 3822 l,
1154 3757 1198 3818 13,
1213 3754 1313 3826 ferrata

274 3841 299 3880 et
318 3825 448 3899 cythisos,
467 3827 590 3899 lotosque
609 3830 769 3903 prebemus,
814 3833 1313 3909 peculiarisesse,docet‚boedisablsc·

274 3905 769 3986 etberbss‚sslecunditus‚presepi—
814 3915 903 3968 tandis
924 3919 1011 3982 facta,
1033 3935 1091 3988 quae
1112 3917 1184 3968 ferro
1207 3913 1312 3964 luerunt

273 3988 324 4038 bus
339 3989 508 4058 imponimus.
523 3989 636 4042 Pontus.
650 4021 684 4031 -—
698 3995 770 4064 Cyti·
815 3993 933 4048 conlisa:
946 3996 996 4048 hos
1013 3999 1115 4048 ferreus
1134 3992 1241 4044 aculeos
1257 4011 1313 4043 me·

274 4085 339 4118 sum.
356 4066 443 4118 Arbor
459 4086 476 4120 a
492 4067 582 4139 Cytiso
601 4071 704 4140 insula,
723 4073 771 4126 ubi
815 4085 989 4146 tunutusque
999 4075 1067 4130 adeo
1078 4091 1180 4144 capras,
1190 4084 1219 4124 ut
1229 4070 1314 4142 repel-
