2964 4690
260 313 324 381 336
588 299 970 370 constituturus

259 431 409 504 duritate,
421 445 490 508 quae
502 426 563 486 sine
573 448 619 487 me
627 425 690 486 sola
702 447 765 488 esse
778 441 865 509 potes
873 430 953 490 inter
964 427 1020 490 hes
1031 429 1132 504 nives,
1146 428 1227 488 inter
1236 423 1316 488 hest·

256 529 393 606 frigora:
410 515 523 577 deinde
535 537 608 578 curn
621 537 737 600 magno
748 517 866 580 aflectu
878 522 1009 580 recurrit
1024 519 1063 580 ad
1078 519 1160 579 mala
1175 517 1309 578 eadem:

259 611 314 688 ah,
334 630 372 668 ne
388 619 418 666 te
431 603 548 664 laedant
559 602 660 664 Rheni
672 603 805 686 frigora3
822 605 879 683 ah,
895 627 935 669 ne
946 608 1058 690 glacies
1071 608 1213 691 Alpium,
1234 623 1310 689 quae

259 719 367 784 aspera
379 709 438 772 est,
449 708 533 755 secet
545 693 668 776 plautas
679 707 762 772 tuas,
777 717 846 778 quas
859 710 982 759 tenerae.

300 791 347 852 50.
361 783 506 870 Superior
517 805 588 867 pars
601 783 724 867 Eclogae
736 787 894 848 continuit
906 787 1056 870 lacrymas
1068 787 1167 868 Galli,
1178 801 1210 848 et
1220 805 1310 848 amo-

257 899 325 942 rem
336 871 404 956 ejus
413 871 625 934 miserandum
637 871 720 952 :jam
728 870 781 934 hic
791 873 860 936 vult
868 893 1024 958 emergere
1033 897 1070 936 ex
1081 877 1177 936 tantis
1187 875 1310 934 incom-

258 968 375 1040 modis,
388 977 419 1024 et
432 959 495 1023 sibi
507 961 654 1022 solatium
668 982 822 1043 quaerere,
833 963 929 1047 idque
940 985 1110 1047 perversus
1120 961 1285 1025 duodecim
1301 984 1309 1018 :

257 1057 321 1120 hoc
341 1047 489 1116 solatium
510 1043 550 1109 ad
568 1049 682 1133 triplex
702 1065 797 1134 caput
815 1048 953 1114 reducit:
973 1053 1014 1114 ad
1033 1069 1150 1130 remus,
1169 1071 1311 1134 quorum

258 1144 413 1209 cantilena
422 1139 526 1201 dolori
536 1160 594 1200 suo
605 1139 741 1200 lenimen
753 1157 883 1223 quaeret:
894 1142 967 1221 hos,
978 1144 1095 1226 inquit,
1105 1163 1214 1204 cenem
1226 1138 1310 1223 stylo

258 1229 417 1297 Theocriti
432 1229 565 1313 pastoris
577 1226 687 1306 Siculi,
700 1249 774 1289 nam
786 1227 844 1312 ego
857 1229 928 1291 illos
937 1232 1066 1292 Latinos
1078 1230 1137 1292 feci
1149 1251 1186 1291 ex
1197 1229 1310 1290 Groeco

259 1319 466 1406 Euphorione
478 1314 693 1376 Chalcidensi:
707 1315 744 1376 ad
759 1315 956 1379 domicilium
968 1316 1053 1400 qnod
1065 1317 1210 1400 deinceps
1220 1315 1311 1376 habi-

261 1427 351 1472 turus
363 1407 453 1468 estin
465 1403 558 1487 sylvis
568 1406 650 1465 inter
661 1404 787 1487 spelaea,
801 1405 903 1483 idest,
913 1407 984 1469 loca
996 1404 1147 1483 ferarum,
1155 1407 1212 1466 ubi
1223 1425 1312 1466 anro-

258 1521 308 1562 res
321 1515 394 1558 suos
406 1494 519 1554 scribet
529 1493 563 1552 in
572 1493 753 1554 arboribus:
764 1494 803 1556 ad
815 1494 1033 1557 lustrationem
1043 1496 1215 1570 montium,
1225 1515 1311 1554 erra·

261 1591 395 1660 tionem,
413 1595 442 1643 et
459 1596 626 1642 venatum:
646 1602 719 1641 nam
737 1602 801 1643 una
819 1604 893 1644 cum
911 1583 1064 1667 Nymphis
1080 1596 1221 1644 montem
1236 1581 1312 1642 Mse-

261 1677 371 1740 nelum
386 1671 594 1749 collustrabit,
608 1671 775 1734 venabitur
794 1695 899 1757 apros,
916 1674 1004 1736 nulla
1020 1674 1112 1735 illum
1136 1693 1242 1734 amore
1262 1693 1311 1732 ar·

263 1769 387 1828 dentem
401 1760 520 1842 frigora
540 1759 729 1842 impedient,
747 1765 917 1843 quominus
929 1783 999 1823 eam
1017 1775 1139 1846 partem
1152 1757 1312 1835 Arcadias,

262 1873 333 1936 quae
343 1849 489 1932 frigidior
497 1863 542 1909 est
553 1849 587 1908 in
598 1863 707 1908 monte
716 1848 896 1926 Parthenio,
907 1853 972 1912 suis
981 1847 1113 1911 canibus
1123 1845 1312 1909 circumdet:

260 1933 298 2002 'in
313 1937 372 1998 hac
387 1939 476 1997 tertia
488 1935 650 2018 voluptate
661 1937 781 1998 diutius
792 1941 942 2020 persistit,
954 1954 983 2000 et
995 1937 1057 1998 sibi
1070 1938 1193 2008 videtur
1202 1938 1247 1996 ire
1256 1955 1314 2017 per

263 2045 373 2109 rupes,
391 2045 447 2107 per
461 2021 548 2084 lucos
565 2025 737 2104 agitatione
754 2025 901 2088 arborum
920 2043 1082 2101 sonantes,
1102 2027 1229 2106 sagittas
1246 2038 1314 2083 tor-

263 2133 374 2199 quere,
391 2127 544 2194 tanquam
563 2109 629 2173 haec
643 2134 691 2174 res
706 2113 862 2175 medelam
873 2114 1008 2177 allatura
1021 2118 1061 2176 sit
1075 2113 1165 2176 furiis
1180 2112 1314 2188 amoris,

264 2201 382 2288 quihus
400 2217 524 2279 aestuat;
543 2215 597 2264 aut
617 2217 768 2286 tanquam
784 2209 869 2266 Dens
890 2206 963 2279 ille,
980 2207 1079 2267 malus
1098 2218 1129 2266 et
1149 2201 1312 2288 improbus

266 2293 407 2377 Cupido,
420 2293 579 2354 mitescere
594 2291 766 2378 aliquando
780 2297 878 2378 possit
893 2297 982 2358 malis
995 2292 1187 2356 mortalium.

266 2503 768 2579 lamspemis,etGallicanapoteriti-
811 2511 839 2561 in
854 2508 967 2562 urbibus
982 2507 1016 2562 ad
1034 2508 1150 2579 parietes
1167 2501 1313 2558 exaraban-

265 2601 333 2655 gora
349 2586 492 2635 sustinere]
510 2613 546 2624 -
560 2586 672 2659 Alpinas
688 2589 766 2642 nica.
812 2602 870 2655 tttr,
887 2592 925 2642 sic
943 2592 970 2641 in
989 2590 1059 2660 agris
1076 2584 1264 2638 incidebantur
1285 2583 1314 2633 in

266 2661 329 2712 Non
341 2663 437 2714 mirum
446 2661 526 2734 Alpes
533 2683 590 2716 esse
598 2665 709 2737 infames
715 2668 768 2739 fri·
813 2670 926 2722 cortices
939 2681 969 2720 et
979 2667 1083 2738 stipites
1096 2665 1232 2718 arborum.
1245 2660 1314 2713 Vide

263 2741 380 2815 poribus,
393 2753 425 2792 ut
432 2739 521 2792 Livius
531 2742 606 2808 xxl,
617 2743 664 2796 31:
675 2745 716 2796 vel
724 2765 768 2820 pe·
812 2761 890 2802 notas
902 2747 1006 2814 Ovidii,
1017 2747 1094 2799 Tem.
1105 2747 1130 2812 1,
1146 2739 1176 2818 p.‘
1190 2759 1236 2796 tot
1251 2759 1314 2796 nos-

266 2819 333 2872 lidas
345 2818 412 2884 dici,
424 2832 453 2872 ut
461 2821 584 2872 Lucanus
592 2823 618 2888 l,
630 2823 692 2876 183:
704 2844 767 2877 natu
811 2841 860 2879 tra
871 2827 1011 2882 Editionis.

266 2899 295 2951 ln
311 2900 343 2952 iis
358 2897 450 2951 rideas
466 2899 537 2952 nives
552 2899 614 2953 coelo
624 2921 706 2975 prope
721 2905 769 2956 im·
849 2901 1317 2974 55.Mteeistmtmboptoenatalt⁷ym·

266 2980 367 3046 mittas,
380 2993 410 3033 ¹1¹
422 2981 510 3033 filim
523 2981 597 3050 XXI,
609 2983 642 3037 3²
654 3004 662 3035 ³
812 2982 1315 3060 phis'Tremayi,proidrmixtusNym·

303 3062 345 3128 48.
359 3061 405 3113 Me
415 3059 470 3114 sine
481 3059 537 3114 sola
548 3062 625 3116 vides.
636 3065 705 3117 Hinc
715 3077 768 3132 est,
814 3067 889 3140 phin:
898 3067 987 3120 multis
993 3069 1064 3121 enim
1069 3085 1138 3120 nnus
1143 3067 1280 3118 miscetur.
1288 3063 1314 3115 S.

267 3142 330 3196 Sola
342 3142 419 3194 domo
431 3154 520 3195 moeoet
531 3163 627 3207 vacua,-
641 3163 703 3198 nam
717 3165 770 3200 me·
851 3144 892 3215 ⁵9·
911 3147 1011 3198 Partho
1026 3147 1152 3218 Cydonia.
1168 3145 1316 3196 Luxuriosa

268 3226 350 3276 retrix
362 3223 421 3277 sola
432 3243 490 3277 esse
502 3243 556 3277 non
569 3239 667 3297 potest.
680 3257 716 3266 -
727 3226 771 3280 At
815 3224 1030 3298 magnificentia:
1048 3223 1181 3296 siquidem
1195 3223 1231 3276 ed
1243 3241 1316 3275 arma

263 3315 294 3366 ¹tc
303 3305 442 3378 nefriqom
454 3303 559 3356 Ioedant.
572 3308 770 3360 Inconstantem
815 3308 894 3358 unius
907 3307 1037 3378 sagittarii
1046 3303 1218 3367 instruenda,
1230 3302 1316 3355 diver-

270 3385 388 3436 animum
400 3386 543 3455 expressit,
560 3387 732 3440 miserantem
745 3399 772 3440 et
816 3403 906 3438 sarum
917 3387 1036 3457 gentium
1051 3381 1163 3438 artificia
1176 3384 1316 3435 contraxit.

271 3475 417 3532 optantem.
428 3462 498 3516 Seru.
816 3465 1015 3530 AEn.x11,858:
1027 3462 1214 3516 «Parthussive
1222 3460 1315 3533 Cydon

307 3545 349 3594 ⁵0.
369 3541 429 3605 Ibo,
448 3551 474 3592 et
493 3541 625 3596 Chalcidis
641 3563 699 3617 quoe
712 3555 774 3600 sunt
817 3546 899 3598 telum
907 3543 1104 3597 immedicabile
1115 3544 1221 3596 torsit.»
1235 3543 1316 3614 Cydo-

265 3617 337 3692 lmilu'
354 3618 459 3670 condita
478 3640 549 3672 versu
570 3625 705 3689 cannino,
723 3637 770 3678 ete.
817 3626 862 3676 uia
886 3637 975 3679 autam
994 3622 1094 3696 spicula
1117 3635 1179 3675 sunt
1200 3620 1314 3674 Cretica.

268 3696 374 3750 Euboea
384 3699 473 3751 insula
482 3712 536 3765 est,
548 3702 576 3752 in
585 3719 639 3772 qua
646 3716 686 3754 est
693 3703 773 3756 Chal·
816 3705 886 3758 llam
903 3702 1013 3756 Cretica
1032 3701 1177 3756 arundines
1195 3701 1320 3772 inprimis

271 3777 309 3828 cis
320 3775 469 3829 civitas:de
478 3780 591 3848 quaiuit
600 3779 771 3853 Euphorion,
816 3780 1314 3856 idoneaeadjaculastsaflitpnshahitse.

272 3873 352 3929 quem
365 3857 500 3909 transtulit
513 3858 615 3910 Gallus.
852 3863 896 3917 60.
911 3863 1050 3936 Tanquam
1064 3861 1118 3914 hoec
1128 3861 1161 3914 sit
1174 3861 1254 3912 nostri
1265 3879 1316 3912 me·

190 3993 193 4000 ,
308 3935 350 3990 53.
371 3935 488 3988 Incidere
508 3955 608 3990 amores
626 3938 771 3996 Arboribus.
816 3943 904 3996 dicina
916 3933 1016 3994 latone
1028 3942 1089 3992 dam
1101 3941 1179 4012 quasi
1189 3938 1224 3992 ad
1236 3957 1264 3992 se
1278 3959 1317 3992 ro·

270 4017 409 4072 Amatoria
420 4017 527 4086 levitas,
541 4021 708 4092 perscribere
725 4043 773 4076 nc·
817 4024 917 4076 currit:
930 4034 957 4074 et
966 4019 1034 4073 illud
1043 4018 1117 4091 quod
1127 4037 1208 4090 supra
1218 4017 1316 4084 audiit,

269 4101 344 4154 mina
361 4117 481 4152 aurorum
493 4121 498 4150 :
518 4119 576 4176 qruc
593 4117 624 4156 ut
635 4103 772 4174 qnondam
818 4101 941 4173 respicit,
952 4100 1095 4154 Aruernos:
1105 4098 1259 4152 taliacurct.
1271 4097 1298 4151 S.
