2970 4714
590 361 771 428 CULEX.

157 487 248 555 Sicut
260 489 391 578 Hymen
403 483 538 574 praefata
550 483 643 551 dedit
655 485 821 553 connubia
832 486 967 554 mortis:
1062 523 1065 530 ·

157 598 266 684 Atque
277 593 356 658 alias
368 592 433 676 alio
446 591 563 658 denset
574 613 675 682 super
686 593 817 681 agmine
829 610 970 675 turmas;

158 701 321 788 Inpietate
333 701 403 764 fera
415 697 593 764 vecordem
606 697 764 764 Colchida
776 715 915 764 matrem

158 808 262 872 Anxia
274 807 421 872 sollicitis
433 804 649 871 meditantem
662 805 795 871 volnere
808 807 930 893 gnatis;

157 917 233 980 lam
245 911 441 979 Pandionias
453 910 640 978 miserande
652 912 745 1000 prole
758 911 899 999 puellae,

157 1021 306 1103 Quarum
318 1042 382 1085 vox
393 1019 438 1084 cit
451 1021 539 1108 Ityn,
553 1035 586 1083 et
599 1020 688 1107 Ityn,
702 1015 794 1107 quod
807 1017 971 1083 Bistonius
984 1021 1066 1101 Rex,

157 1127 268 1194 Orbus
281 1148 385 1215 epops
398 1141 511 1190 maeret
523 1125 665 1190 volucris
678 1140 812 1188 evectus
825 1123 858 1186 in
871 1147 976 1190 auras.

157 1239 200 1299 At
212 1231 438 1300 discordantes
451 1229 597 1295 Cadmeo
610 1229 769 1318 sanguine
782 1229 900 1294 fratres

156 1339 233 1406 lam
244 1339 430 1404 truculenta
443 1336 556 1400 lerunt
568 1335 753 1424 infestaque
766 1334 905 1401 volnera
917 1357 1038 1424 corpus

157 1447 250 1512 Alter
262 1446 295 1509 in
310 1444 462 1508 alterius:
472 1442 609 1532 jamque
621 1457 789 1508 aversatus
802 1457 959 1532 uterque,
1165 1463 1208 1510 255

158 1609 246 1644 textum
258 1597 330 1643 venit.
347 1595 416 1640 Porte
428 1594 489 1640 luit:
508 1593 566 1638 Dan
579 1593 661 1657 quihus
674 1594 743 1640 taedas
754 1595 856 1642 accendit
867 1593 973 1656 pronuba
986 1593 1098 1655 Erinnys,
1110 1598 1213 1662 subjecit

157 1679 207 1713 tum
220 1665 279 1712 aliut
291 1664 432 1711 versificator
444 1679 449 1708 :
462 1664 525 1710 Sicut
536 1664 645 1724 Hymen:
659 1662 765 1726 expletus
777 1679 856 1712 versut
868 1680 921 1710 ntor
933 1663 962 1710 ah
972 1663 1017 1710 alia
1027 1681 1104 1713 manu.
1115 1693 1145 1704 --
1156 1669 1209 1726 246.

156 1736 275 1798 Scaliger:
289 1736 370 1790 Sitai,
383 1733 453 1796 legit:
465 1733 508 1780 ted
520 1749 571 1797 quae
583 1736 697 1782 sententia
711 1733 856 1782 commodior
865 1735 897 1780 aie
911 1747 990 1790 exeat,
1000 1749 1048 1780 non
1057 1737 1134 1785 rideo.
1145 1739 1210 1787 Vett.

154 1809 210 1856 edd.
221 1810 257 1855 Sic
268 1809 366 1867 Hymen.
380 1807 459 1852 lleins.
473 1805 529 1864 Quis
540 1813 563 1850 et
573 1805 671 1864 Hymen.
684 1807 721 1852 lo.
735 1804 859 1854 Schrader.
873 1806 951 1852 Soevus
963 1805 994 1850 tt.
1004 1807 1123 1869 postferte.
1137 1807 1152 1854 l.
1165 1827 1210 1874 per

148 1883 225 1947 facta.
237 1882 305 1927 Forte
317 1895 419 1942 praesepe
430 1893 437 1922 :
450 1890 484 1923 est
496 1878 560 1922 enim
569 1877 732 1928 versificatoria
744 1875 827 1925 lacinia
837 1894 866 1924 ex
878 1879 1071 1942 interpretatione
1082 1885 1210 1944 superioris

155 1968 237 2000 versus
250 1963 322 1997 nata:
341 1947 478 2012 accipienda
497 1964 523 1994 ea
543 1950 629 1994 iterum
646 1948 676 1994 de
693 1949 799 2012 Erinny:
816 1963 919 2013 presepe
938 1948 1000 1993 d.·dit
1010 1950 1122 1996 connuhio
1133 1957 1211 2000 mortis

156 2023 223 2084 (scil.
236 2023 380 2070 ohtrsmcatit
389 2023 414 2068 iu
426 2019 528 2068 thalamo
539 2022 630 2082 sponsis
638 2021 659 2079 l,
678 2020 755 2086 gitque
768 2018 826 2066 altiss
837 2018 882 2065 alm
894 2021 974 2066 «tranat
983 2035 1052 2084 super
1062 2025 1150 2086 apinine
1163 2033 1213 2071 tnr-

155 2110 205 2140 mas
217 2093 439 2156 (scilrsponsorum
455 2105 554 2136 numero
569 2091 602 2148 1.)
607 2107 615 2145 ;
625 2106 726 2154 cumque
739 2090 775 2136 his
787 2091 904 2154 impietate
911 2089 966 2153 fero
978 2107 999 2135 v.
1018 2091 1042 2136 G.
1061 2102 1162 2139 matrem.
1179 2121 1212 2132 -

156 2165 209 2228 247.
223 2167 304 2212 domm
314 2163 401 2210 Bemho
414 2161 522 2208 debetur.
535 2161 616 2208 demas
629 2173 685 2208 vett.
699 2160 768 2218 edd,
783 2164 852 2209 etiam
870 2160 953 2207 Aldina
966 2178 1019 2210 curn
1032 2162 1103 2210 codd.
1118 2167 1212 2213 dement

155 2238 266 2302 Scaliger,
276 2239 317 2301 qui
327 2237 422 2282 retraxit
431 2249 522 2280 versum
533 2246 585 2296 post
595 2250 617 2278 v.
631 2231 673 2278 232
686 2233 784 2291 Quemc.
795 2243 823 2278 tr.
835 2233 914 2279 Heius.
926 2237 989 2296 conj.
1001 2234 1212 2300 Statqaealiasnlio
1286 2247 1289 2256 '

155 2311 259 2356 densem.
266 2335 296 2344 -
303 2305 355 2364 248.
365 2305 481 2368 l'mpietate
488 2303 540 2362 fem
550 2320 602 2348 etim
611 2318 703 2350 cernam
711 2303 816 2350 Colchida
823 2313 916 2349 nuttrem
924 2317 980 2350 vett.
991 2304 1045 2350 edd.
1054 2319 1108 2352 ante
1115 2307 1196 2354 Bemb.
1205 2343 1212 2366 ‚

155 2383 224 2444 quasi
233 2383 378 2443 jungantur:
393 2377 462 2422 lta...
475 2391 527 2420 cum
539 2390 642 2430 cenum,
657 2375 706 2420 scil.
723 2389 833 2438 tanquam
848 2377 922 2438 majus
938 2373 1020 2420 scelus.
1042 2374 1088 2420 Sed
1100 2377 1162 2424 malo
1172 2395 1212 2423 ve.

157 2452 248 2498 eordcm
257 2447 363 2498 Colchide
375 2455 505 2492 matrem...
518 2446 595 2492 nath?
608 2443 659 2492 scil.
672 2461 702 2491 an
712 2445 819 2492 narrem?
832 2461 859 2491 ex
873 2462 892 2492 v.
906 2443 957 2500 aia.
967 2469 999 2479 -
1013 2443 1064 2505 alp.
1075 2449 1152 2493 Anxia
1161 2448 1213 2495 vul·

157 2537 215 2567 nem
227 2523 264 2566 vix
276 2518 382 2582 placent;
393 2515 491 2564 saltem:
505 2519 579 2578 Impia
588 2533 609 2562 v.
620 2541 650 2551 -
662 2517 714 2562 250.
726 2519 779 2562 lam
790 2517 830 2570 P.,
843 2531 875 2562 sc.
889 2531 918 2560 an
930 2517 1074 2562 memorem?
1084 2533 1111 2562 ex
1120 2536 1142 2564 v.
1155 2517 1213 2575 aila,

158 2595 205 2640 nisi
222 2593 260 2637 An
275 2591 300 2636 Ρ.
317 2587 476 2636 scribendum.
494 2587 634 2634 miserandos
649 2599 705 2634 vett.
723 2587 778 2634 edd.
792 2599 846 2636 ante
861 2587 940 2634 Bemh.
952 2603 1004 2632 cum
1017 2587 1086 2634 codd.
1100 2589 1178 2636 lleins.
1192 2607 1212 2636 s.

157 2665 286 2710 metanda
296 2671 364 2708 sorte.
380 2687 412 2696 -
430 2659 483 2706 adt.
504 2659 606 2718 Quanam
621 2676 665 2706 vox
676 2659 772 2724 qnerulo
786 2669 830 2714 est,
845 2667 937 2722 superat
947 2659 1010 2724 qaod
1020 2672 1076 2706 vett.
1090 2659 1144 2707 edd.
1157 2674 1213 2712 ante

158 2734 240 2782 Bemh.
249 2733 326 2792 Quum
337 2732 446 2778 tamenin
455 2729 566 2775 llemhina
577 2729 677 2775 lectione
688 2741 787 2778 metrum
797 2742 819 2775 et
827 2729 942 2776 sententia
953 2741 1047 2791 peccet,
1057 2729 1149 2776 refinxit
1159 2733 1215 2776 Sca·

157 2803 234 2866 liger:
251 2803 353 2864 Quarum
364 2818 408 2848 vox
419 2799 517 2866 qnerulo
526 2809 567 2845 est.
581 2801 678 2863 Superas
690 2816 778 2866 quoque
790 2801 816 2846 B.
829 2801 856 2846 ll.
871 2799 946 2846 Ccdd.
959 2803 1037 2846 Petav.
1051 2813 1074 2846 et
1084 2801 1151 2848 Voss.
1168 2817 1214 2848 vox

159 2877 188 2922 sit
200 2877 223 2918 in
234 2874 317 2932 etlityn.
327 2873 436 2918 Heinsius
446 2869 509 2932 apud
517 2872 644 2916 Burmann.
656 2869 685 2916 ad
696 2869 789 2916 Anthol.
800 2873 849 2917 Lat.
860 2887 884 2932 p.
895 2870 941 2932 496
950 2871 977 2916 Τ.
990 2870 1000 2914 l
1012 2886 1103 2920 versum
1113 2873 1146 2917 tic
1156 2886 1214 2917 con-

117 2993 120 3004 ,
158 2946 285 2994 stituehat:
299 2946 401 3004 Quarum
413 2960 457 2991 vox
468 2946 499 2990 cit
510 2947 576 3004 Ityn,
587 2953 609 2990 et
621 2947 673 3004 Ityn
682 2959 772 3014 quoqne
785 2945 811 2989 ll.
825 2945 866 3000 lh,
879 2943 1012 2990 satisdare.
1027 2945 1086 2990 Puto
1096 2959 1124 2990 cx
1134 2957 1213 2992 vetere

157 3031 181 3062 et
191 3019 302 3066 Bembina
310 3016 411 3064 lectione
419 3029 551 3079 comparata
561 3031 638 3063 veram
649 3018 747 3079 reperiri
758 3031 825 3077 posse
836 3032 842 3061 ε
855 3016 957 3074 Quarum
966 3031 1011 3060 vox
1020 3016 1073 3074 ltyn
1083 3019 1212 3080 inpomimt,

157 3106 204 3154 qao
214 3091 325 3138 Bistonias
335 3091 384 3136 lies
393 3089 467 3135 Orbus
474 3105 542 3151 epops
552 3096 641 3143 mterst,
652 3105 674 3132 v.
682 3105 702 3134 e.
711 3091 734 3132 ia
742 3105 764 3133 a.
773 3087 808 3133 hd
819 3091 937 3153 iaqeminat
948 3087 1101 3147 adscripscrat
1111 3087 1195 3149 aliquis
1205 3103 1211 3130 z

157 3162 213 3218 Ityn
222 3169 244 3205 et
256 3161 316 3218 Ityn.
329 3159 384 3202 Mox
393 3174 439 3221 quo
450 3158 517 3206 orbus
527 3161 615 3222 jungo,
632 3154 683 3222 'quo
698 3159 733 3222 lty
743 3159 814 3204 orbus
828 3161 923 3204 Tereus.
944 3157 971 3218 Ω.
989 3171 1033 3201 vox
1046 3159 1140 3201 iteratur
1152 3159 1212 3215 ltym

159 3247 205 3296 quo
216 3245 258 3276 me.
272 3227 358 3274 Koeler.
373 3229 529 3286 Quaesitis
542 3232 588 3273 s'tim
601 3245 643 3274 ms.
657 3225 753 3276 llelmst.
764 3231 801 3274 lo.
814 3228 936 3274 Schrader.
950 3239 1039 3272 tentat:
1052 3228 1079 3284 Q.
1091 3244 1135 3273 vox
1145 3231 1213 3272 itcra-

159 3301 200 3348 hat
215 3303 282 3360 nysi,-
298 3298 347 3353 vel‚
364 3302 458 3348 iteratur
470 3300 526 3360 Itys.
539 3324 569 3334 —
583 3299 635 3345 253.
649 3301 745 3346 Cadmeo
757 3303 840 3344 semine
856 3313 923 3344 ems.
939 3299 1017 3343 Peter.
1030 3309 1121 3361 praestat
1134 3295 1212 3360 legere

159 3389 214 3424 cum
224 3373 358 3416 Burmanno
367 3369 397 3416 ad
407 3367 500 3418 Anthol.
512 3369 561 3416 Lat.
574 3369 601 3414 Τ.
613 3371 636 3426 l,
648 3387 672 3432 p.
686 3371 736 3416 165.
747 3369 877 3416 Exhihebat
889 3369 951 3414 idem
962 3365 1013 3414 cod.
1027 3367 1122 3414 llelmst.
1132 3370 1211 3416 lleins.

159 3445 223 3505 conj.
241 3443 338 3489 Cadmeo
349 3457 361 3487 e
371 3443 485 3503 sanquine.
504 3465 536 3476 -
553 3441 605 3497 ²54.
623 3441 718 3488 vulnero
730 3441 831 3487 Bemhus
841 3439 929 3486 intulit.
947 3441 976 3485 At
988 3437 1072 3485 lamina
1086 3453 1142 3488 vett.
1155 3441 1210 3488 edd.
1242 3495 1248 3506 Ι

159 3517 274 3578 cumipse
286 3513 383 3568 Aldina,
394 3515 462 3560 etiam
473 3513 609 3559 membrana
621 3515 699 3560 Contii
714 3513 778 3575 apud
790 3510 888 3576 scalig„
900 3511 965 3576 quod
978 3514 1046 3558 unice
1058 3529 1152 3569 verum;
1163 3529 1213 3560 non

157 3591 206 3650 jam
223 3585 358 3649 pugnabant
374 3585 486 3640 invicem,
504 3583 545 3630 sed
561 3585 651 3630 infestis
663 3583 773 3629 oculisne
786 3582 1062 3638 incitemintuebantur3
1081 3597 1213 3636 aversantes

155 3661 206 3724 jam
217 3669 320 3702 mutuam
334 3655 420 3701 cadem
433 3669 557 3718 peractam.
576 3658 693 3720 Opinatur
708 3667 786 3702 tamen
802 3655 928 3717 legendum
946 3657 1024 3700 lleins.
1037 3655 1120 3718 ferunt
1136 3657 1213 3720 infesti

159 3727 288 3774 nahtam...
300 3725 344 3772 sihi
353 3729 417 3790 jam,
435 3727 485 3782 vel,
499 3731 594 3792 jamque
609 3737 643 3784 et,
658 3736 762 3790 promtus
774 3736 874 3790 uterque.
891 3726 955 3787 Apud
970 3729 1066 3772 Statium
1079 3726 1153 3772 Theb.
1167 3729 1210 3785 lll,

160 3801 205 3846 550
218 3809 240 3848 et
249 3815 300 3863 sqq.
314 3811 367 3844 sunt
379 3815 431 3863 quae
442 3799 472 3845 ad
482 3799 507 3845 h.
520 3799 536 3844 l.
549 3801 706 3847 commendet.
720 3797 846 3864 infectaque
857 3799 943 3845 lamina
954 3799 1032 3845 Petav.
1040 3825 1072 3836 -
1080 3801 1131 3846 255.
1142 3813 1209 3846 ever·

196 3923 257 3976 250.
272 3925 381 3975 Procrin
395 3937 421 3976 ct
433 3923 607 3976 Philomelam
621 3927 661 3976 vi·
704 3925 816 3981 vulnera
833 3925 986 3980 inferentes.
1001 3951 1034 3963 -
1051 3922 1109 3976 255.
1129 3925 1210 3978 Aver-

158 4000 205 4054 ’ἀεὶ
217 4005 244 4054 in
256 4003 386 4066 Tenere,
399 4015 455 4055 tum
469 4021 507 4054 rs.
520 4004 569 4056 253
579 4005 661 4058 Eteo-
706 4018 778 4057 satus
790 4004 847 4056 hac
862 4005 973 4057 ulterius
985 4005 1073 4074 pergit
1086 4002 1169 4058 Culex
1181 4003 1210 4060 in

159 4079 226 4134 clem
255 4093 281 4134 et
308 4081 459 4154 Polynicen:
489 4081 540 4136 sibi
567 4096 661 4142 nutna
707 4083 825 4138 diversas
836 4096 936 4155 partes.

229 4165 254 4220 ⁵·
1015 4169 1033 4236 t
