2986 4694
264 331 324 402 186
503 336 538 399 P.
561 329 797 398 VIRGILII
820 333 1057 400 MARONIS

256 455 345 540 Quid
353 454 447 547 juvat
459 457 572 522 aestivo
585 455 752 521 defessum
765 453 902 543 pulvere
913 453 1043 538 abesse,

301 563 408 645 Quam
419 563 531 657 potius
542 561 658 628 bibulo
670 560 868 627 decubuisse
882 563 975 626 toro?

255 666 340 732 Sunt
351 690 458 757 cupae,
472 669 603 750 calices,
617 665 740 758 cyathi,
754 689 843 748 rosa,
856 666 950 747 tibia,
964 665 1112 746 chordae,

301 775 344 839 Et
355 775 484 842 nichila
496 775 684 840 umbriferis
696 771 816 862 frigida
827 771 1056 838 arundinibus.

256 877 316 944 Est
328 896 361 944 et
372 882 526 948 Maenalio
539 904 612 973 quae
624 880 725 969 garrit
736 877 833 944 dulce
845 878 907 944 sub
919 895 1016 945 antro

302 987 434 1053 Rustica
446 989 586 1077 pastoris
600 986 707 1052 fistula
719 1008 812 1050 more
825 1007 956 1051 sonans.

256 1089 317 1156 Est
329 1108 361 1156 et
375 1116 496 1183 vappa,
510 1093 593 1160 cado
606 1116 714 1183 nuper
726 1091 850 1157 diffusa
860 1091 987 1180 picato:

301 1197 361 1262 Est
372 1200 547 1288 strepitans
559 1222 659 1266 rauco
671 1197 841 1264 murmure
853 1197 943 1262 rivus
954 1215 1061 1287 aquae.

233 1349 235 1353 ’
294 1345 394 1402 &Meo
411 1350 521 1422 quidem
536 1351 653 1422 judicio,
668 1371 684 1403 a
703 1367 758 1421 quo
802 1344 1302 1407 Nunehocmaluinnecsaneinscite.

259 1429 284 1478 si
295 1431 355 1500 quis
365 1430 519 1496 dissentiat,
531 1447 607 1503 equo
620 1432 709 1484 animo
721 1432 760 1484 fe·
839 1445 863 1498 7.
878 1431 958 1501 θυμω
966 1428 1008 1479 rel
1021 1427 1118 1498 Cuppoe
1127 1438 1190 1476 runt
1199 1427 1225 1477 in
1237 1423 1310 1478 celle

258 1525 334 1574 ram,
346 1528 401 1562 non
413 1513 494 1582 Gopae
506 1511 603 1577 verba,
617 1509 690 1582 quod
703 1509 760 1562 vul·
803 1508 907 1560 vinaria
923 1523 987 1558 vass
1004 1507 1114 1574 majora.
1133 1504 1169 1555 At
1184 1503 1311 1556 lectionis

259 1605 295 1659 go
308 1589 381 1641 credi
395 1590 490 1656 video,
503 1588 550 1642 sed
566 1603 668 1662 poetae‚
680 1604 757 1644 sunt:
805 1589 922 1638 varietas
928 1587 992 1637 viris
1005 1585 1091 1637 doctis
1101 1581 1261 1636 emendandi
1271 1583 1314 1635 fa·

259 1684 292 1718 ex
302 1681 516 1740 personapoetss
529 1668 682 1740 hujusmodi
698 1669 762 1720 hor·
806 1666 932 1718 cultatem
960 1665 1057 1718 attulit.
1084 1664 1201 1736 Scaliger
1223 1663 1310 1736 legit:

261 1756 333 1798 tatus
346 1748 381 1800 ad
393 1750 474 1800 vitam
485 1747 685 1801 exhilarandam
694 1748 762 1799 mul-
778 1775 780 1780 v
806 1744 875 1796 Sunt
884 1744 955 1816 topia
963 1755 989 1796 et
997 1741 1113 1813 calybes:
1124 1759 1183 1814 que
1196 1741 1311 1796 calicum

259 1837 289 1875 to
312 1826 372 1896 plus
391 1830 529 1882 suavitatis
550 1841 576 1881 et
597 1827 762 1880 auctoritatis
806 1837 983 1896 generasunt.
994 1823 1118 1876 Heinsius
1128 1821 1312 1875 autem-lim!

259 1903 760 1978 babent‚quamexorcmsrctricuiae3
807 1905 873 1956 obba
895 1915 922 1956 et
945 1903 1045 1957 calices.
1077 1901 1126 1955 Cui
1158 1903 1312 1955 accuratius

261 2000 277 2034 a
296 1986 371 2054 cujus
392 2005 509 2057 persona
526 1989 655 2060 pleraque
674 1987 763 2039 aliena
806 1982 861 2036 haec
878 2001 1039 2056 cognoscere
1051 1982 1133 2048 libet,
1151 1983 1175 2034 ei
1190 1979 1312 2034 adeundi

262 2075 431 2135 snn13poeta
443 2068 529 2140 pergit
538 2069 565 2118 in
576 2086 622 2132 eo,
635 2064 709 2138 quod
721 2056 763 2118 or·
806 2077 868 2115 sunt
880 2067 968 2136 intpp.
985 2064 1019 2116 ad
1033 2062 1061 2115 h.
1074 2061 1093 2114 l.

261 2157 306 2194 sus
331 2155 378 2196 est.
401 2145 488 2200 estivo
511 2146 634 2218 defessum
655 2145 764 2218 pulnere
842 2145 867 2196 8.
883 2139 1203 2196 Triebilaveltrielu'lum
1212 2159 1315 2212 pergu-

261 2223 345 2276 abesse
354 2223 453 2277 dictum
464 2245 514 2297 pro
526 2249 531 2277 :
544 2225 632 2280 estivo
642 2223 763 2297 pulvere,
809 2224 836 2277 la
849 2237 888 2276 est
899 2243 930 2276 ex
941 2223 1040 2276 vitibus
1054 2222 1139 2276 aliave
1152 2219 1248 2272 arbore
1260 2239 1313 2292 pe-

261 2302 370 2372 labme,
387 2304 580 2379 defatigatum,
599 2305 701 2358 viribus
720 2323 764 2358 ex·
810 2303 941 2357 dementis
954 2318 981 2356 et
995 2307 1067 2376 jugis
1085 2301 1204 2367 firmata,
1221 2300 1313 2372 impii·

262 2383 387 2436 haustum
410 2385 522 2439 desidere
545 2387 638 2453 domi,
661 2406 712 2440 nec
735 2404 764 2440 se
809 2387 868 2437 citis
890 2383 1033 2437 frondibus
1056 2395 1243 2435 concamerata
1265 2379 1311 2434 vel

263 2465 386 2517 conferre
396 2466 501 2518 inviam
515 2465 550 2518 ad
562 2467 709 2519 tabernam.
721 2465 764 2519 ad
809 2477 921 2517 arcuata
940 2463 975 2515 ad
996 2462 1118 2516 umbram
1141 2458 1315 2526 faciendam,

263 2545 478 2596 exercitationem
498 2559 673 2616 campestrem
686 2565 763 2598 revo-
808 2547 914 2597 notiore
926 2561 992 2596 voce
1005 2537 1174 2614 lsypampelos
1186 2538 1267 2592 dicta.
1283 2557 1314 2590 v.

264 2633 308 2673 cat
320 2623 397 2673 unice
410 2621 535 2696 Scaliger.
548 2625 640 2676 Malim
656 2643 671 2677 a
685 2644 762 2696 pere·
806 2625 885 2677 Viros
900 2624 994 2676 doctos
1010 2622 1083 2675 adh.
1098 2621 1117 2675 l.
1130 2635 1155 2674 et
1168 2618 1314 2673 Columell.

263 2702 430 2772 priuatione,
443 2717 598 2756 mercaturae
610 2705 718 2770 studio,
736 2717 763 2758 et
806 2703 847 2768 X,
867 2705 928 2770 378.
948 2702 1066 2754 Similem
1083 2701 1314 2772 computationem

263 2779 394 2832 similibus
408 2795 500 2851 petere
516 2801 592 2834 usum
610 2786 652 2836 roi
662 2775 777 2838 abesser'
808 2782 858 2835 sub
867 2781 1025 2853 umbraculo
1032 2780 1148 2834 describi
1156 2783 1183 2832 in
1189 2781 1312 2851 Propert.

260 2859 319 2912 fere
337 2871 367 2910 ut
389 2861 488 2912 Tibull.
507 2861 537 2928 1,
558 2879 567 2912 r
591 2863 647 2915 Nee
666 2880 766 2936 semper
807 2859 954 2927 1V‚8‚'35
971 2879 1046 2934 seqq.
1064 2863 1167 2913 notavit
1182 2861 1314 2911 Burman-

263 2937 350 3011 lonpoe
359 2938 461 2993 deditus
472 2959 521 2993 esse
531 2941 593 3008 vite,
603 2942 650 2994 ubi
663 2941 731 2995 exh.
745 2941 763 2994 l.
810 2960 869 2993 nus.
889 2942 961 2995 Male
978 2944 1005 2994 in
1023 2939 1141 2992 triclinia
1160 2937 1314 2992 inciderunt

264 3019 372 3072 ariolari
386 3023 488 3091 possis:
504 3022 559 3074 Nec
571 3041 672 3096 semper
686 3021 766 3096 lorsqu
810 3020 948 3083 nonnulli;
959 3023 1008 3073 etsi
1017 3022 1055 3072 sic
1063 3039 1171 3091 quoque
1180 3021 1312 3090 Pompon-

258 3096 343 3168 Jessus
354 3099 436 3152 abesse
448 3101 499 3153 vla.
511 3104 596 3169 Tum,
608 3115 716 3154 utnunc
726 3103 766 3154 in·
810 3101 871 3154 Sab.
892 3098 997 3152 triclinis
1013 3117 1064 3172 pro
1082 3100 1206 3151 triclinia.
1224 3098 1313 3149 Etiam

264 3181 454 3252 terpungitur,
477 3181 680 3255 intelligendum
703 3195 744 3234 est
757 3202 763 3232 :
810 3200 858 3236 ms.
868 3179 1015 3234 Helmstad.
1028 3177 1135 3230 triclinia
1144 3177 1276 3233 umbrosis.

267 3259 339 3329 Quid
346 3263 556 3333 juvat....abesse
571 3263 763 3336 potiusquam.
845 3279 871 3330 9.
882 3261 925 3313 En
940 3271 967 3313 et
979 3256 1182 3324 Menalioalii,
1197 3270 1223 3310 et
1239 3266 1313 3309 recte

264 3337 324 3390 Nisi
335 3339 492 3410 placetcum
502 3341 609 3394 Barthio
620 3343 766 3414 distingue·
809 3353 892 3396 sonat.

266 3436 315 3470 re:
333 3420 405 3488 Quid
416 3425 534 3493 juvat...
554 3425 656 3474 abesse?
678 3423 765 3491 Quam
848 3441 887 3476 ro.
901 3419 1010 3495 pastoris
1022 3419 1200 3470 moreeimmo
1219 3417 1246 3467 in
1260 3435 1312 3469 ore.

263 3497 352 3569 potius
360 3535 410 3564 ,....
425 3506 496 3554 lom!
518 3502 575 3553 scil.
590 3505 674 3571 Juvat.
691 3503 767 3554 bibu-
848 3519 888 3555 st.
901 3499 994 3571 defusa
1007 3500 1061 3550 duo
1075 3489 1153 3551 ¹codd.
1163 3535 1173 3563 ,
1184 3496 1314 3549 variatio·

266 3571 323 3625 lum
336 3586 421 3629 torum
433 3593 527 3644 vocat,
543 3580 660 3651 Scaliger
673 3582 726 3648 ait,
738 3584 766 3633 in
810 3591 984 3652 neperpetua
995 3599 1002 3630 ε
1013 3597 1038 3630 v.
1053 3597 1076 3629 c.
1089 3579 1194 3628 Lucret.
1205 3577 1255 3642 IV,
1267 3575 1312 3628 88.

266 3671 320 3724 quo
339 3655 483 3725 plurimum
503 3657 647 3709 biberetur.
663 3659 766 3710 Durum
812 3676 838 3714 et
850 3658 877 3711 id
890 3657 994 3710 malunt
1005 3658 1055 3709 viri
1068 3655 1160 3708 doctis
1177 3672 1239 3707 nam
1254 3653 1313 3726 sgi-

265 3749 330 3783 rero
346 3733 407 3786 boc.
421 3735 532 3806 Accipio
545 3734 578 3786 de
592 3737 706 3806 cespite,
723 3737 766 3789 vel
811 3755 855 3793 tur
867 3739 900 3791 de
914 3739 976 3789 vino
989 3758 1003 3790 e
1016 3737 1101 3802 cado,
1115 3736 1217 3804 majore
1232 3751 1312 3800 vase,

264 3813 384 3886 gramine
401 3832 472 3884 sque
490 3816 615 3886 irrigato,
631 3827 661 3864 ut
676 3813 767 3869 laetum
811 3823 839 3872 in
854 3821 940 3869 minus
958 3817 1071 3881 defus03
1084 3833 1138 3866 non
1156 3812 1189 3866 de
1207 3815 1270 3865 vino
1283 3813 1312 3864 in

266 3894 388 3946 virescat.
401 3897 508 3947 Poterat
521 3893 574 3946 alio
587 3893 706 3964 epitheto
719 3916 765 3948 or·
811 3899 891 3972 plura
900 3898 1005 3948 minora
1016 3913 1080 3948 vass
1092 3893 1203 3946 diffuso.

266 3995 347 4030 nere:
362 3989 392 4028 ut
404 3974 549 4049 fwylffl,
566 3987 701 4043 terrerum,
716 3978 766 4032 sic·
849 3993 888 4029 ta.
900 3975 936 4027 Et
946 3974 1082 4046 strepitans
1095 3971 1238 4044 legendum
1250 3989 1312 4022 cum

267 4075 328 4108 cum
343 4057 472 4130 cespitem
489 4056 582 4109 dicunt
600 4055 644 4109 alii
660 4069 764 4130 poetae:
811 4057 844 4112 sl.
855 4055 1062 4127 eddstrepitam
1073 4057 1100 4107 in
1112 4052 1254 4124 crepitant,
1265 4061 1312 4103 tre·
