2964 4690
466 393 516 460 tn
541 388 791 460 ECLOGAM
814 387 853 454 X.
1119 389 1185 458 333

137 520 241 585 Galli:
260 542 323 604 quo
342 517 403 582 loci
417 517 498 581 illud
515 520 609 580 nostri
622 515 705 576 hanc
717 513 814 574 babet
825 509 1106 594 significationem:
1120 537 1184 580 non

138 613 272 692 poenitet
288 611 356 672 illae
372 629 473 692 neque
486 610 547 683 tui,
566 627 669 688 neque
684 605 760 679 mei;
779 603 824 663 tui
843 601 946 661 flentis
964 617 1034 662 tuos
1050 622 1185 679 umorem

139 699 204 758 mei
218 701 358 760 canentis
370 709 570 760 amoreetuot
581 717 588 754 t
601 693 770 776 posterior;
780 711 854 751 nam
864 689 995 766 Adonis,
1006 692 1061 774 qui
1071 690 1187 752 formo·

139 807 210 863 ωε,
222 802 253 849 et
266 809 356 850 carue
368 789 499 864 Veneri,
511 805 584 848 ovet
596 803 723 867 quoque
735 781 833 864 parit.

185 898 229 959 ¹9·
246 879 320 938 Post
337 877 446 940 lletum
466 875 632 951 orborum,
651 874 823 946 montium,
843 870 965 944 ovium,
984 868 1133 933 accedunt
1145 871 1186 934 ed

138 962 305 1043 solatium,
315 980 346 1027 et
354 963 508 1049 lacrymae
519 961 619 1039 Gelli,
628 961 760 1045 triplicis
769 958 892 1041 generis
903 972 1053 1040 pastores,
1064 963 1186 1038 ovium,

138 1052 253 1132 boum,
268 1055 480 1139 capellarum:
498 1052 558 1114 lios
572 1048 812 1135 comprehendit
825 1047 949 1108 duobus
965 1051 1076 1130 primic
1090 1056 1187 1113 versi·

138 1139 219 1204 bue:
237 1165 312 1204 num
324 1144 431 1227 Opilio
445 1142 562 1218 dictus,
583 1143 673 1224 quasi
686 1138 802 1200 ovilio:
818 1135 932 1196 deinde
946 1135 1090 1213 bubulci,
1111 1153 1141 1200 et
1155 1140 1189 1201 hi

138 1230 223 1291 tardi
244 1253 261 1292 a
280 1231 427 1293 tarditate
445 1231 562 1292 boum:
579 1245 739 1313 postremo
756 1224 914 1287 Menalcas
934 1223 1061 1300 uvidus,
1082 1248 1098 1287 a
1119 1249 1189 1290 rore

139 1335 297 1381 nocturno
309 1336 340 1380 et
353 1322 527 1394 matutino,
540 1335 571 1379 et
584 1319 712 1401 pinguis
728 1315 767 1376 ab
782 1312 895 1396 glande
907 1310 1060 1394 hyberna;
1074 1316 1189 1398 quibus

140 1407 246 1470 verbis
257 1411 400 1491 signetur
410 1409 507 1470 luisse
516 1409 678 1490 caprarius
688 1431 696 1466 z
709 1426 784 1466 nam
793 1423 893 1486 caprae
903 1401 1093 1485 perlibenter
1102 1427 1191 1486 quer·

141 1510 210 1556 ceta
230 1511 352 1573 emant,
372 1513 402 1558 et
420 1495 587 1571 nrrodunt;
609 1511 640 1556 et
659 1492 810 1556 credibile
831 1506 877 1552 est
897 1503 1055 1574 pastorem
1077 1493 1189 1556 eodem

140 1604 267 1666 quoque
277 1583 349 1646 cibo
359 1605 452 1646 usum
462 1607 468 1645 :
479 1588 620 1660 bitrem,
631 1583 689 1645 hos
699 1580 793 1644 simul
803 1599 911 1642 omnes
922 1599 1030 1660 rogere
1038 1578 1079 1640 ab
1087 1581 1190 1658 Gallo,

141 1671 227 1733 unde
239 1674 266 1734 ie
279 1693 369 1735 emor
378 1689 486 1750 nutus,
500 1689 563 1734 tum
580 1693 697 1748 novur,
710 1687 774 1733 tem
789 1668 940 1730 insolens.

183 1781 231 1821 21.
240 1762 314 1822 Poet
325 1762 436 1845 triplex
446 1783 546 1844 genus
557 1775 716 1843 pastorum
723 1805 732 1834 ,
743 1757 895 1820 accedunt
905 1775 1032 1838 quoque
1042 1757 1081 1818 ad
1092 1757 1192 1844 lacry-

141 1867 210 1908 mae
229 1848 328 1926 Galli,
349 1853 401 1912 Dii
416 1867 493 1921 trec,
513 1849 640 1935 Apollo,
659 1849 821 1932 Sylvenus,
841 1849 925 1907 Panz
945 1867 1056 1907 omnes
1073 1855 1191 1916 eutitii

141 1939 346 2016 rusticorum,
358 1954 413 2000 out
426 1955 508 2001 certe
521 1941 583 2022 ipsi
596 1941 649 2000 Dii
664 1940 793 1999 rustici:
805 1938 927 2019 primur
941 1937 1098 1998 insaniam
1108 1941 1192 2022 obji-

141 2027 202 2099 cit,
212 2039 243 2085 et
252 2045 339 2101 vere;
350 2029 502 2108 quoniam
512 2029 653 2109 Lycoris,
666 2028 787 2110 inquit,
799 2043 870 2108 qum
880 2023 956 2084 olim
966 2022 1091 2087 tuafuit
1102 2049 1193 2107 cura,

141 2114 187 2171 itu
202 2126 232 2172 te
243 2116 420 2190 contemsit,
433 2129 468 2175 ut
482 2115 578 2176 etiem
590 2114 674 2176 mula
685 2116 795 2175 omniu
810 2115 870 2174 tuis
884 2108 1005 2173 deliciis
1017 2131 1194 2197 praeposue-

142 2201 198 2274 rit,
219 2201 427 2284 malueritque
447 2205 537 2286 eequi
558 2205 731 2264 Antonium
753 2200 803 2262 vel
827 2221 885 2284 per
904 2196 1016 2261 Gatttae
1037 2203 1137 2280 niret,
1163 2209 1200 2268 et'

143 2302 245 2348 castre
258 2289 401 2366 borridu3
419 2305 454 2353 tu
468 2311 543 2374 ergo
558 2293 699 2366 insanus,
718 2293 772 2373 qui
786 2287 869 2350 liene
880 2305 964 2348 umet
975 2309 983 2345 ι
996 2285 1076 2348 alter
1086 2291 1193 2373 Sylva·

143 2397 204 2437 nus
218 2377 299 2438 nibil
311 2379 470 2462 loquitur,
481 2395 607 2442 tantum
617 2381 685 2462 ejus
697 2379 822 2441 babitus
831 2375 1019 2438 describitur
1028 2397 1064 2438 ex
1076 2381 1192 2463 triplici

143 2465 400 2527 circumstantie:
414 2487 488 2527 num
500 2469 588 2529 venit
598 2489 672 2530 cum
687 2467 800 2550 agresti
812 2465 934 2526 honore
946 2465 1073 2546 capitis,
1088 2466 1121 2527 id
1134 2483 1194 2546 eet,

143 2569 217 2612 cum
230 2571 347 2614 corona
361 2575 397 2615 ex
412 2553 588 2637 agrestibue
602 2553 788 2630 frondibuc;
805 2571 901 2614 manu
918 2572 981 2612 uno
997 2550 1132 2633 ferulae,
1148 2557 1194 2618 al·

145 2655 210 2702 tere
222 2639 289 2702 lilio
302 2645 480 2726 quatiebat:
494 2661 670 2730 postremus
681 2647 746 2708 Pau
758 2647 842 2723 Deus
853 2642 1010 2704 Arcadio:
1023 2642 1117 2727 hujus
1130 2667 1196 2709 non

144 2725 274 2793 babitus
289 2733 406 2812 solum,
420 2733 475 2798 ted
490 2736 583 2798 verbo
598 2739 831 2819 exprimuntur,
847 2733 963 2817 quibus
976 2753 1053 2794 usur
1068 2733 1106 2794 ad
1119 2736 1194 2798 Gal·

144 2815 230 2880 lum:
246 2819 389 2900 habitur,
401 2845 476 2886 nam
486 2839 552 2886 eret
563 2825 679 2886 rubens
688 2825 790 2886 buccis
798 2821 995 2904 sanguineis,
1008 2821 1040 2880 id
1051 2836 1110 2898 est,
1123 2845 1197 2907 pur·

145 2909 386 2988 purascentibur
401 2915 499 2975 morie
516 2911 618 2990 ebuli,
638 2929 731 2996 atque
747 2915 842 2974 etiam
857 2911 972 2982 minim
992 2911 1085 2969 verba
1100 2909 1194 2992 plena

146 3009 221 3057 tunt
234 2999 430 3064 acerbitatis:
445 3006 531 3085 quie,
545 3005 665 3088 inquit,
677 3005 735 3064 erit
747 3002 861 3063 modus
875 3001 937 3060 tuis
951 2997 1111 3080 lacrymis,
1130 3021 1195 3061 non

146 3100 235 3146 curet
245 3085 314 3150 boec
327 3109 433 3153 amor:
446 3113 512 3153 non
527 3095 660 3155 sotiatur
671 3091 833 3177 lacrymis,
848 3111 923 3150 nam
934 3087 1084 3163 crudelis;
1105 3089 1196 3152 sicuti

186 3235 225 3288 18.
236 3237 370 3292 Fumone
378 3241 485 3296 Adonis.
496 3243 598 3297 Adonis
606 3241 649 3298 M
692 3242 986 3315 umorisclesperetione
994 3241 1197 3294 canere-Tua

147 3310 173 3367 tl
182 3313 266 3373 ano
276 3335 291 3371 e
303 3321 408 3374 Venere
418 3321 572 3390 adamatur,
585 3337 648 3396 port
691 3343 754 3376 cura
761 3323 873 3394 Lycoris.
881 3323 956 3372 Peene
967 3320 1084 3372 irrisorie
1094 3319 1196 3373 (lictum

147 3413 196 3468 per
215 3399 274 3469 apri
292 3399 375 3453 ictum
393 3405 545 3456 exstinctus.
565 3404 648 3458 Filius
693 3418 734 3457 ett
746 3415 791 3454 tua
801 3419 876 3467 cura,
888 3399 916 3452 itl
928 3411 982 3464 est,
995 3417 1045 3470 pro
1056 3417 1109 3470 qua
1119 3413 1148 3452 tu
1158 3407 1197 3454 ite

148 3477 200 3530 luit
213 3477 340 3551 Myrrha,
358 3501 416 3554 que
431 3483 543 3556 gravida
556 3503 587 3536 rx
601 3485 650 3557 ey·
695 3482 825 3536 sollicitus
837 3499 879 3545 es,
892 3491 918 3532 te
931 3478 1067 3551 relinquit.
1083 3482 1115 3532 Et
1127 3481 1196 3534 bene

148 3576 215 3611 nore
224 3572 315 3631 petre,
327 3564 438 3634 ejusque
446 3565 500 3614 vim
508 3565 614 3636 lugiens
621 3567 650 3618 in
696 3581 778 3635 quum
791 3561 836 3614 nlii
848 3563 1027 3633 interrogent,
1041 3563 1116 3636 quasi
1130 3562 1195 3616 deut

148 3639 213 3694 nilve
222 3657 250 3694 te
258 3639 395 3696 abdidisse
403 3645 502 3706 fertum
512 3657 538 3696 et
546 3655 650 3697 mutate
695 3643 793 3716 Apollo
806 3642 917 3694 divinat.
930 3641 1000 3693 Serv.

147 3719 281 3773 diciturin
293 3721 482 3794 arboremejut
491 3724 614 3776 nominis.
731 3741 773 3794 27.
787 3723 882 3774 Minio.
898 3723 952 3772 Pan
964 3737 1019 3773 non
1032 3722 1119 3775 solum
1131 3721 1197 3778 dici·

185 3817 228 3854 ιι.
247 3801 321 3854 Unde
332 3821 408 3856 amor
418 3803 470 3856 iste.
484 3803 515 3856 ltl
526 3817 579 3869 ett,
592 3816 648 3856 tum
695 3803 850 3858 turbabere
865 3801 962 3854 faciem
979 3801 1130 3867 miniatum,
1147 3802 1196 3856 sed

149 3880 305 3952 impatiens,
319 3895 374 3937 tarn
386 3886 482 3956 turpis.
495 3883 548 3936 Alii
561 3887 598 3938 tic
608 3885 648 3936 in·
694 3902 810 3948 cornua,
831 3881 904 3954 apud
918 3880 964 3933 Sil.
983 3881 1042 3934 ltnl.
1060 3881 1106 3934 lib'.
1125 3883 1194 3934 ΧΙΙΙ.

149 3959 272 4034 telligunt
287 3963 369 4030 unde,
387 3963 462 4036 quod
479 3981 535 4016 non
552 3961 648 4037 dignu!
691 3965 732 4018 De
744 3965 827 4017 minio
838 3965 875 4016 tic
888 3961 956 4018 Ptin.
969 3961 1093 4029 xxxin,
1104 3977 1119 4032 7
1131 3983 1138 4013 z
1151 3963 1196 4013 In·

149 4035 196 4090 illo
208 4057 225 4092 e
237 4057 291 4112 quo
303 4042 499 4096 festidiebotur.
512 4043 583 4097 Serv.
694 4047 799 4099 mitur
812 4045 840 4096 in
853 4042 1005 4118 arpentan'is
1016 4040 1128 4094 metallis
1143 4043 1196 4092 nri-

184 4119 650 4196 22.Gclle,quidimnis.Vultrpem
694 4123 1194 4196 nium,etnuncinterpiqmentamaq·
