3000 4674
492 393 542 458 ru
567 389 813 456 ucnocun
837 391 885 456 11.
1145 405 1203 484 241

209 519 258 578 23.
276 518 381 578 iactat
395 512 509 575 deiude
525 515 674 574 musicam
692 533 796 588 snam,
817 525 847 572 et
864 533 895 573 se
908 529 1069 596 comparat
1086 527 1209 605 egregio

169 606 292 665 centuri
301 601 470 686 Amphioni
480 602 614 675 Dircaeo,
626 621 724 682 quum
733 603 772 675 is,
783 599 969 662 adventante
977 619 1082 682 nocte,
1094 628 1210 672 vocans
1303 603 1305 612 '

169 709 308 754 armenta
321 693 358 752 sd
371 691 508 767 stabula,
519 692 701 751 suavissime
713 688 843 749 canebat
856 691 889 749 in
902 707 1006 752 monte
1016 696 1209 780 Aracyntho,

170 783 228 862 qui
238 781 340 842 dimus
353 785 480 844 Actaeos.

212 871 259 930 25.
270 871 344 930 Post
355 870 479 932 divitias
489 881 518 929 et
527 871 688 944 musicam,
700 866 822 928 inducit
834 865 968 929 formam
981 875 1136 953 corporis,
1148 897 1211 957 quo

169 973 205 1015 se
218 958 262 1016 ait
275 972 435 1038 proestare,
448 977 538 1017 usum
549 953 720 1038 tranquilla
731 975 812 1037 aqua
823 975 881 1038 pro
893 955 1018 1037 speculo
1030 981 1036 1015 :
1050 980 1112 1039 quo
1123 981 1212 1044 expe·

170 1043 307 1102 cimento
317 1041 538 1126 deprehendit,
547 1065 612 1104 uon
622 1063 653 1104 se
662 1061 724 1103 esse
733 1041 834 1101 forma
846 1041 1025 1102 inferiorem
1035 1044 1212 1128 Daphnide,

168 1131 265 1190 etium
277 1146 352 1192 teste
363 1135 518 1214 ipsissimo
533 1131 625 1191 Alexi.
641 1130 805 1210 Conjunge
820 1129 888 1208 jam
907 1131 1031 1206 omnia,
1046 1145 1082 1190 ul
1100 1134 1210 1196 melius

171 1217 329 1300 intelligas
350 1235 486 1279 mentem
505 1216 649 1298 Virgilii:
671 1231 721 1292 tu,
742 1237 761 1276 o
782 1216 883 1292 Alexi,
903 1216 1004 1277 credis
1023 1217 1121 1278 colori
1142 1237 1213 1299 tuo,

171 1307 323 1365 nimirum
334 1304 477 1366 accidenti
487 1307 624 1386 cuipiam
639 1302 769 1364 haerenti
785 1305 819 1363 in
835 1320 906 1364 cute
920 1307 1073 1386 corporis,
1087 1305 1142 1366 sed
1153 1305 1213 1368 hoc

168 1392 305 1453 occidens
319 1392 471 1454 caducum
488 1407 532 1452 est
546 1396 644 1452 instar
655 1391 779 1451 florum.
796 1391 881 1469 Quin
898 1393 1003 1474 polius
1018 1393 1110 1454 crede
1121 1395 1214 1456 rebus

173 1484 264 1554 meis,
275 1501 375 1562 neque
385 1481 454 1541 illas
465 1481 600 1563 despice,
614 1501 687 1540 narn
698 1499 791 1542 merae
801 1495 873 1540 sunt
881 1479 1055 1543 substantiae.
1066 1485 1121 1543 Est
1130 1486 1214 1545 enim

174 1567 251 1631 mihi
263 1591 370 1653 pecus,
381 1588 425 1632 est
434 1570 481 1632 luc
492 1593 499 1632 ι
512 1593 606 1654 pecus
616 1591 679 1630 non
689 1570 922 1652 qualecunque,
933 1569 987 1630 sed
998 1591 1216 1652 numerosum,

173 1681 248 1720 nom
272 1660 359 1721 mille
379 1681 480 1743 aguae3
503 1664 634 1744 pingue,
655 1679 730 1722 nam
752 1662 784 1719 in
804 1659 907 1720 Sicilia
924 1658 1112 1719 fertilissima
1132 1662 1215 1721 orbis

177 1764 283 1830 porse:
299 1748 362 1826 lac,
375 1771 438 1810 non
452 1750 683 1833 qualecunque,
701 1747 754 1810 sed
768 1769 900 1822 norum,
916 1763 947 1809 et
962 1750 1049 1808 omni
1060 1763 1216 1832 tempore:

176 1835 304 1915 deinde,
313 1859 595 1922 quumeropemea
604 1859 699 1914 cano,
713 1851 898 1920 repraesento
906 1837 1138 1896 nobilissimum
1146 1859 1219 1900 can-

175 1941 277 1988 sorem
285 1928 493 2010 Amphionem
499 1928 694 2007 Thebanum,
705 1929 844 2010 quumin
852 1925 1028 2008 Aracyntho
1040 1925 1121 1986 ierus
1131 1947 1217 1988 com·

175 2116 248 2168 rum,
266 2100 413 2174 Siculaque
431 2105 531 2157 circum
550 2105 674 2178 Muginnt
718 2115 792 2158 creec
804 2103 915 2158 Troades
926 2104 995 2171 acm)
1008 2119 1060 2153 non
1071 2099 1217 2155 Athenien-

177 2199 296 2234 reccae.r
311 2181 398 2233 Erum.
718 2189 756 2237 si:
772 2183 834 2237 licet
848 2183 956 2236 Adrcuae
968 2185 1054 2255 primo
1066 2179 1131 2240 simis
1141 2182 1217 2236 dicta

214 2279 254 2313 ns.
265 2260 393 2314 Lccmiln'
404 2279 458 2314 ncrr
469 2272 673 2328 aeslatenonum,
718 2265 788 2316 sint:
804 2281 956 2335 quanquam
973 2262 1110 2333 plerique,
1126 2265 1216 2315 Acraeo

176 2361 230 2394 non
248 2341 352 2414 friqore
373 2338 444 2413 defit.
470 2342 555 2393 Multo
580 2343 674 2395 melius
719 2340 1054 2414 Aracyntho,Atheniensi
1068 2342 1236 2414 occipiunt,

177 2435 257 2494 quum
274 2419 452 2473 Theocritus:
470 2421 514 2473 ille
534 2423 603 2474 enim
621 2425 673 2488 sit,
719 2439 774 2474 non
787 2419 859 2492 quod
871 2419 1037 2491 Aracynthus
1051 2419 1124 2490 apud
1136 2421 1220 2474 Athe·

176 2501 242 2571 rcpic
253 2499 278 2550 θ’
295 2501 321 2552 ον’
335 2501 406 2551 isim·
418 2499 445 2566 μ’
459 2501 505 2552 οὔτ’
518 2500 539 2554 s'r
551 2498 614 2568 &ipo
627 2501 674 2554 οὔτ’
696 2499 698 2508 ’
720 2519 768 2554 nes
783 2513 837 2562 cst,
851 2499 940 2552 redut
954 2498 1110 2552 ostendetur
1127 2502 1218 2553 rustici

175 2583 197 2638 s'r
208 2579 294 2652 ἑτέρῃ,
302 2582 340 2632 οὐ
348 2578 459 2646 χιιμόιος
471 2581 540 2651 ἄψ.
550 2579 602 2634 Sed
612 2585 676 2654 quin
719 2581 861 2651 imperitia.
874 2579 942 2630 Nem
955 2577 1113 2630 Theocritus
1126 2579 1161 2630 ed
1175 2599 1219 2632 ex·

175 2679 271 2716 caseus
284 2663 383 2714 serrari
397 2673 569 2732 potest,n0n
580 2662 675 2713 mirum
720 2657 887 2730 primendsm
913 2659 1039 2709 rusticam
1064 2657 1219 2729 simplicitu-

177 2755 231 2804 esr,
242 2744 264 2793 si
275 2743 368 2813 quovis
375 2753 496 2812 tempore
508 2743 567 2811 quis
577 2739 676 2793 hubent
720 2751 787 2806 tem,
795 2736 880 2789 mults
887 2736 964 2790 aliter
973 2756 1053 2809 quum
1060 2754 1102 2790 res
1110 2737 1218 2805 hebeat,

177 2839 293 2876 cescum.
311 2821 369 2872 lloc
386 2837 451 2872 vero
467 2815 603 2873 landabile
620 2833 675 2889 est,
721 2817 792 2870 dicit.
803 2819 973 2870 ilucraiione
984 2832 1073 2888 potest
1087 2831 1113 2870 ει
1124 2817 1219 2886 Oasis,

179 2901 200 2952 si
218 2901 276 2970 quis
290 2899 389 2952 hubent
405 2899 447 2952 loc
461 2910 575 2964 norum,
592 2899 621 2951 id
637 2912 677 2952 cst
720 2896 905 2950 Cretaellnrius
918 2899 1103 2970 sccipi‚quum
1115 2897 1221 2970 sitScy-

179 2977 342 3044 colostrum,
366 2978 440 3048 quod
464 2981 549 3030 neutri
572 2981 677 3050 generis
721 2977 789 3031 rhiae.
807 2977 877 3030 Sero.
895 3007 929 3018 ·—
945 2978 1068 3030 Dircoeus.
1086 2978 1110 3027 A
1126 2977 1219 3042 Dirce,

179 3068 220 3109 est
235 3077 242 3105 ι
259 3073 321 3106 nem
344 3057 474 3107 ioenrinini
497 3074 553 3108 esse
572 3059 678 3128 penitus
723 3051 781 3128 qdae
795 3074 862 3108 uxor
872 3069 929 3109 erat
937 3055 1059 3108 Thebani
1067 3055 1136 3127 regis
1144 3057 1220 3119 licii,

181 3151 236 3186 non
248 3147 342 3205 potest.
352 3133 420 3187 Sene
427 3133 501 3186 hunc
510 3151 615 3186 versum
626 3153 680 3188 mo-
724 3155 781 3207 quae
800 3131 895 3207 posted
914 3155 930 3188 a
948 3135 1007 3186 liliis
1026 3135 1165 3205 Antiope,
1185 3134 1220 3186 oh

181 3214 208 3267 le
225 3213 387 3286 distinguens
403 3213 625 3284 Virgilicmesrix,
639 3215 679 3265 vi·
722 3228 902 3288 perpetratum
915 3215 943 3264 in
955 3225 1066 3265 matrem
1079 3215 1221 3276 sevitium.

181 3308 304 3366 ruperat:
318 3293 371 3344 Lac
382 3292 450 3344 mihi
467 3311 519 3345 non
531 3304 616 3344 ιιιιαιε
633 3311 679 3346 no·
721 3293 842 3351 crinibus
858 3291 985 3362 religata,
1000 3290 1033 3343 dc
1050 3303 1127 3341 tauro
1144 3293 1223 3344 inter-

181 3393 244 3428 oum
254 3413 263 3440 ,
280 3391 334 3426 non
345 3371 470 3445 fripore:
488 3368 559 3443 defit.
577 3371 608 3423 ld
624 3383 680 3440 est,
724 3375 811 3436 lectu,
824 3383 850 3422 et
867 3372 894 3420 in
911 3371 1012 3420 iontem
1029 3370 1150 3436 conjectu
1166 3383 1220 3438 est,

183 3471 288 3525 semper
299 3453 363 3504 mihi
375 3451 456 3504 deest.
468 3452 538 3503 Serv.
727 3451 773 3521 qui
786 3449 820 3501 nb
833 3467 864 3500 en
876 3447 954 3500 Dirce
967 3459 1059 3519 postca
1071 3449 1222 3500 nominatus

218 3535 260 3601 nd.
277 3531 411 3604 Amphion
425 3531 540 3582 Dircoeur
554 3529 581 3581 in
593 3529 681 3582 Actoeo
726 3544 774 3583 est.
791 3528 917 3600 Apollod.
935 3530 962 3579 in
979 3527 1221 3582 Biblioth.lib.‘1h.

183 3611 343 3686 Aracyntho.
356 3609 490 3680 Amphion
503 3622 530 3661 et
541 3609 618 3660 Zetus
629 3611 681 3659 fre·
724 3603 764 3664 De
775 3609 869 3670 Dirce,
884 3608 917 3660 de
930 3608 1047 3679 Antiopa
1059 3609 1170 3680 ejusque
1180 3628 1224 3662 su·

182 3706 237 3745 tres
254 3695 364 3743 'luerunt
380 3707 411 3740 cx
424 3689 490 3740 Jove
507 3701 533 3740 et
549 3689 680 3758 Antiope:
725 3687 803 3752 bole,
821 3687 904 3739 multu
920 3687 1039 3757 Propert.
1054 3687 1105 3755 ΙΙΙ,
1126 3689 1165 3756 14.
1183 3689 1223 3743 De

183 3770 231 3825 sed
243 3771 335 3836 Zetus,
348 3770 460 3820 rusticus
472 3767 535 3827 Ιιιὶις
547 3766 682 3838 Amphion
725 3769 817 3830 Dirce,
834 3769 879 3839 qui
894 3767 954 3818 fons
968 3778 1009 3818 est
1020 3767 1091 3818 circu
1102 3766 1224 3837 Thebes,

183 3869 247 3904 vcro
268 3851 374 3902 musice
395 3851 458 3900 artis
480 3849 589 3918 peritus.
614 3845 682 3897 Sane
726 3849 807 3902 Solin.
818 3867 840 3899 c.
854 3865 878 3918 7.
890 3847 977 3898 Emm.

183 3929 368 4002 Aracynthus,
383 3945 458 3979 mons
474 3940 513 3979 est
526 3927 680 3979 Thebanus.
762 3927 803 3979 25.
817 3925 872 3978 Nec
883 3945 940 3978 sum
952 3925 1017 3977 adeo
1030 3925 1159 3997 informis.
1173 3927 1225 3980 Ve-
1311 3987 1318 3998 ι

184 4009 263 4064 Unde
275 4021 369 4074 nctoeo,
383 4007 480 4060 literali
497 4007 624 4059 debemus
641 4023 683 4057 ec·
727 4005 843 4060 recunde
863 4023 938 4057 suum
957 4021 1148 4058 commemorat
1165 4007 1226 4077 pul·

184 4091 290 4162 cipere,
306 4087 365 4160 (ot,
379 4087 415 4141 Ar
427 4084 524 4160 pmcul
535 4087 562 4139 in
576 4083 630 4140 mla
644 4102 682 4140 se·
728 4084 914 4142 chritndinem.
927 4083 969 4138 Sic
981 4083 1075 4137 Cicero
1093 4086 1119 4138 in
1135 4085 1226 4138 Celin-

258 4177 282 4231 5.
1018 4173 1048 4226 16
