3000 4674
530 407 578 470 ln
605 404 850 470 ECLOGAM
874 407 898 470 1.
1172 405 1234 470 235

198 529 406 612 voluptatem:
418 525 530 588 deinde
538 527 691 610 proponit
700 525 880 604 utilitatem,
891 529 1039 588 nimirum
1051 547 1160 610 poma,
1173 548 1237 587 css·

200 633 315 694 teneas,
325 635 464 677 caseum:
477 614 564 676 addit
573 616 686 697 elogio,
694 614 897 676 utellicocius
907 629 1031 676 moreat
1040 638 1047 674 :
1057 637 1131 675 nom
1142 637 1238 696 poma

201 721 273 766 sunt
285 709 388 783 mitia,
398 721 547 768 castaneto
557 705 682 782 molles,
693 725 798 765 caseus
808 704 962 786 plurimus
973 729 980 764 ι
990 705 1081 766 tertio
1095 703 1237 771 demum,

199 809 236 854 ut
256 798 427 856 necessario
448 796 579 854 retineat
599 807 754 876 pastorem
777 791 964 854 obeuntem:
985 791 1088 854 riden’
1107 795 1241 876 (inquit)

202 897 272 942 ante
284 883 390 944 oeulos
403 897 472 944 tuos
483 883 639 942 fumantes
648 882 714 962 jam
726 879 835 942 villos?
847 881 948 942 riden’
962 895 1130 942 crescentes
1143 895 1173 942 et
1185 879 1242 938 du-

199 969 329 1054 plicatos
344 972 470 1032 umbras
485 971 658 1047 montium,
678 971 811 1030 abeunte
823 969 890 1049 jam
904 968 985 1030 sole?
996 989 1034 1028 ne
1048 971 1115 1050 ipse
1129 969 1240 1027 abeas:

202 1079 273 1118 nem
287 1081 350 1142 quo
362 1073 391 1120 te
403 1063 532 1143 recipias
545 1073 635 1120 nocte
645 1057 711 1140 jam
726 1057 926 1120 adveniente?
940 1061 1044 1140 itaque
1056 1070 1159 1118 movet
1175 1077 1242 1139 pos·

202 1161 301 1207 torem
314 1147 352 1206 ab
362 1146 522 1228 jucundo,
533 1147 620 1224 utili,
632 1147 819 1208 necessario.

203 1303 342 1370 mordent,
355 1325 436 1379 quom
448 1303 613 1359 mordentur.
627 1306 696 1359 Serv.
747 1305 830 1358 lmnr:
847 1305 1062 1370 tondeantur,
1076 1305 1123 1376 qui
1137 1303 1245 1356 vecturis

241 1387 283 1438 82.
299 1387 436 1439 emona.
451 1385 481 1438 ld
496 1400 551 1451 est,
568 1385 639 1439 mols
651 1405 702 1438 sn·
749 1383 1154 1454 vivunt,oelloturamsacere.d
1163 1379 1244 1445 vallo,

205 1467 330 1536 tiquiors.
344 1467 624 1520 Idm—Castorem.
643 1468 704 1520 Cas·
748 1465 777 1518 id
796 1479 856 1531 est,
882 1483 975 1538 apperte
1003 1474 1075 1516 terroe
1097 1463 1245 1516 derivatum

206 1556 294 1597 mneos
310 1544 400 1598 molles
411 1549 527 1618 exponit.
536 1547 640 1599 Servios
649 1563 706 1598 ma·
749 1545 807 1596 vult
818 1558 893 1597 vetus
908 1545 1052 1597 Grammat.
1070 1543 1142 1614 apud
1156 1541 1246 1614 Ilipul-

208 1633 294 1675 turas:
313 1626 395 1696 magis
406 1624 508 1695 placet,
522 1624 594 1696 quod
603 1627 706 1678 Nonius
750 1627 816 1678 tium
828 1645 890 1698 1285·
904 1642 963 1695 ²99·
974 1623 1045 1676 Villa
1056 1622 1194 1675 edificium
1207 1635 1246 1674 est

207 1703 350 1756 Marcellus
362 1705 414 1768 sit,
429 1702 519 1758 molles
529 1744 537 1774 ,
549 1723 650 1772 nores,
663 1705 706 1760 rel
752 1717 825 1758 extra
837 1703 930 1758 urbem
942 1711 1111 1758 exstructum.
1121 1701 1192 1755 Talis
1203 1701 1248 1754 de·

207 1784 377 1836 recentiores.
392 1785 462 1837 Pier.
751 1783 797 1836 bet
805 1803 871 1848 esse,
883 1795 913 1834 ut
925 1781 991 1835 Cato
1003 1782 1081 1835 delle
1094 1783 1167 1833 Rust.
1180 1799 1203 1832 e.
1218 1781 1247 1847 33

245 1863 288 1915 83.
308 1859 449 1916 Villamm.
469 1861 599 1931 Villicus,
619 1865 708 1936 inquit
752 1881 785 1916 ne
794 1861 859 1916 villo
861 1861 981 1934 fundum
992 1873 1102 1936 quoerat,
1113 1880 1175 1914 neve
1180 1861 1249 1932 sun·

208 1942 295 1992 Varro
309 1941 384 1996 dell.
397 1944 470 1996 Rust.
484 1945 511 2012 1,
527 1933 557 1996 si
570 1966 576 1996 ι
595 1965 611 1996 a
622 1943 704 1997 villa:
751 1944 798 1996 dus
808 1941 908 1994 villam.
918 1941 1024 2014 Triplex
1037 1941 1113 2004 vills;
1126 1940 1249 2006 Urbana,

209 2019 293 2086 villa,
309 2022 381 2093 quod
396 2021 429 2074 ab
445 2041 475 2076 eo
493 2023 521 2074 in
538 2043 596 2076 eam
615 2041 708 2076 eonve-
751 2023 875 2091 Rustica,
890 2025 1064 2076 Fructusrio=
1077 2023 1110 2076 de
1120 2021 1161 2076 his
1171 2021 1250 2073 Colu-

211 2097 707 2176 lrnnttrrfmetns‚eteoeltuntur,quum
751 2101 822 2155 mell.
844 2121 865 2156 r.
885 2103 910 2155 6.
927 2103 1015 2154 Emm.
1030 2131 1065 2143 -
1077 2101 1200 2154 Fumant.
1220 2100 1250 2152 ld

210 2189 331 2231 veneunt.
342 2180 429 2254 Aquo
443 2183 532 2234 norici
542 2184 623 2235 etiam
637 2201 709 2235 nune
752 2196 810 2249 est,
831 2181 866 2236 sd
888 2201 1027 2255 vesperum
1048 2201 1124 2234 eoena
1146 2200 1252 2253 prepa-

212 2275 317 2333 quoqrte
330 2259 417 2328 niam,
430 2260 521 2312 veham
528 2299 538 2327 ,
553 2259 708 2334 appellant,
754 2263 846 2314 raudo.
857 2261 926 2314 Serv.
940 2261 1007 2314 Vide
1020 2261 1072 2312 rol.
1085 2263 1109 2326 l,
1124 2280 1151 2332 p.
1165 2261 1211 2330 893
1224 2273 1250 2312 et

211 2347 319 2410 propter
336 2349 467 2406 vecturas,
487 2350 513 2392 et
526 2338 640 2407 sellam,
657 2359 710 2392 non
759 2357 821 2406 roo,
831 2341 887 2393 Ecl.
898 2343 936 2406 ll,
947 2360 972 2394 r.
987 2341 1020 2410 67
1032 2363 1038 2391 :
1050 2340 1086 2392 Et
1096 2337 1251 2392 solerescen.

213 2414 305 2472 villam
314 2454 323 2482 ‚
342 2435 395 2494 quo
411 2418 526 2485 vehunt,
540 2429 565 2472 et
581 2423 650 2473 unde
670 2437 713 2473 ve·
758 2419 927 2474 urdeeedens
938 2417 1058 2492 duplicat
1071 2419 1180 2472 umbras.
