2964 4690
347 495 400 559 ΙΝ
423 487 811 559 GEORGlGOliUM
834 489 927 555 LlB.
952 491 978 556 1.
1122 497 1185 565 355

138 623 246 704 ginem
259 627 289 680 et
302 617 430 680 braclria
444 617 582 698 Scorpii:
597 633 695 695 quum
707 625 810 672 autem
825 611 969 695 Scorpius
982 633 1048 675 non
1060 629 1189 680 conten-

139 723 189 772 tus
203 712 274 772 loco
292 729 348 772 suo
369 722 399 770 et
419 721 506 791 perte
524 705 649 766 Zodiaci
664 701 809 763 extendat
823 701 935 762 Chelas
955 703 1130 784 asliacum,
1153 714 1188 772 in

140 820 205 882 quo
217 813 261 859 est
272 798 381 874 Libra,
391 797 479 858 addit
487 807 594 878 pneta;
606 794 749 874 Scorpius
761 789 920 851 contrahit
935 813 991 852 sua
1005 793 1147 874 brachia,
1158 815 1189 860 et

139 887 291 970 relinquit
303 885 359 947 tibi
372 885 442 969 plus
452 885 535 965 justa
547 883 612 942 caeli
625 896 729 964 parte:
744 881 819 961 quia
829 880 981 940 nimirum
993 881 1094 944 Caesar
1104 907 1192 948 occu·

139 975 230 1058 pabit
248 998 314 1036 non
333 975 435 1036 solum
456 986 558 1034 totum
578 972 715 1053 spatium
734 967 851 1044 Librte,
870 969 922 1028 sed
941 971 1034 1030 ctiam
1053 975 1191 1054 spatium

139 1059 237 1140 illud,
257 1064 343 1148 quod
364 1076 519 1145 occupant
539 1059 643 1122 Chelae
662 1061 797 1140 Scorpii‚
817 1073 912 1140 atquc
931 1059 1008 1120 adeo
1021 1059 1090 1140 plus
1107 1063 1191 1141 justa

139 1165 247 1233 parte:
266 1173 366 1234 quum
380 1172 454 1213 vero
469 1149 564 1210 Libra
576 1151 700 1230 signum
714 1150 755 1206 sit
767 1145 964 1220 autumnale,
982 1163 1013 1206 et
1030 1150 1120 1230 signa
1137 1171 1192 1212 au-

139 1241 294 1302 tumnalia
305 1253 476 1321 sequantur
488 1253 560 1321 post
569 1250 722 1310 estatem,
735 1237 855 1317 signate
864 1236 967 1316 inquit
978 1249 1071 1316 poeta
1079 1238 1193 1299 adden·

140 1325 217 1386 dum
231 1327 382 1388 Gaesarem
395 1325 554 1388 mensibus
565 1325 676 1398 tardis,
689 1324 721 1384 id
734 1337 795 1398 est,
810 1325 933 1383 aestivis.

182 1415 231 1476 36.
243 1415 412 1476 Concludit
422 1424 513 1496 poeta
526 1413 585 1474 hac
597 1416 737 1473 ratione:
750 1413 847 1472 modo
860 1414 885 1470 si
898 1431 980 1470 unus
993 1413 1087 1472 eDiis
1099 1427 1192 1475 terra·

139 1522 228 1579 rum,
240 1525 257 1564 e
271 1507 337 1564 Diis
352 1506 460 1578 maris,
475 1505 568 1564 eDiis
580 1503 765 1577 contestibus,
779 1494 935 1583 quidquid
947 1499 1074 1561 demum
1087 1525 1122 1562 cx
1137 1505 1192 1564 tri·

140 1591 200 1653 bus
215 1594 279 1654 istis
294 1595 367 1670 cris,
386 1601 477 1673 (narn
492 1607 521 1652 te
537 1613 593 1652 nec
606 1589 736 1651 Tartara
748 1593 863 1672 Regem
879 1611 969 1650 suum
982 1605 1118 1671 sperent,
1137 1615 1194 1654 nec

24 1791 26 1794 .
141 1741 252 1816 duplex,
268 1763 347 1820 qaam
360 1757 462 1807 caetera,
475 1745 587 1816 possidet
601 1761 645 1795 or·
689 1773 725 1784 -—
743 1741 808 1797 Plus
819 1746 892 1816 justet
909 1753 995 1815 parte,
1016 1741 1045 1794 id
1058 1757 1111 1811 est,
1130 1745 1192 1816 plus

142 1826 212 1888 Μι,
229 1823 332 1889 Sidera,
348 1841 397 1896 per
412 1822 502 1877 Chelas
510 1823 645 1897 geminato
690 1821 915 1876 duodecimacaeli
925 1835 1001 1894 parte
1009 1821 1120 1876 brachia
1128 1843 1194 1878 con·

138 1902 344 1977 riderefulqent.
689 1901 773 1956 trahit
789 1923 794 1952 ι
814 1906 843 1955 in
859 1903 958 1955 tabulis
979 1905 1049 1955 enim
1070 1908 1192 1977 scorpius

177 1983 462 2054 3⁴.1ptett‘di.Tiltiin
473 1995 548 2034 tuum
558 1980 645 2032 hono·
689 1983 780 2035 lorum
806 1983 922 2035 duorum
945 1992 1018 2036 tenet
1039 1986 1193 2056 signorum

141 2073 198 2117 reth
208 2077 233 2115 et
244 2064 356 2135 gratiam
366 2085 373 2114 ε
384 2065 442 2136 lpse
449 2075 536 2115 autem
542 2101 550 2128 ‚
562 2061 644 2130 ultro,
689 2062 798 2134 (Eratlt.
817 2083 876 2136 cap.
891 2077 905 2136 7
919 2085 924 2114 :
938 2061 1018 2116 Orid.
1032 2061 1140 2117 Metam.
1155 2069 1194 2136 ll¹

141 2161 191 2198 atta
202 2155 307 2216 sponte.
317 2145 422 2195 -Jam
433 2143 536 2196 trachia
546 2161 568 2195 c.
580 2163 605 2194 a.
615 2145 642 2196 S.
693 2161 740 2215 197
754 2145 779 2212 ι)
803 2147 904 2218 quippe
923 2145 1064 2216 porrigens
1081 2145 1193 2216 Chelas,

139 2223 206 2276 ldeo
225 2225 344 2296 Angusto
363 2227 459 2276 merito
473 2227 549 2295 juxta
565 2223 644 2276 Scor·
689 2225 793 2296 signum
809 2223 979 2295 amplectitur
991 2225 1061 2275 inter
1075 2225 1194 2298 seipsum

139 2309 215 2378 pium
231 2306 321 2359 locum
334 2307 471 2380 adsignat,
490 2309 553 2378 quia
570 2307 643 2359 sidus
689 2307 859 2378 etVirginem
871 2307 1143 2376 positum-Ardent
1153 2309 1194 2361 di-

141 2385 414 2456 hoctuprallomam
426 2383 643 2457 positumcredi-
690 2387 759 2437 citur
782 2404 836 2436 non
864 2386 950 2437 solum
973 2396 1084 2456 propter
1105 2385 1194 2440 lucem

141 2475 194 2514 tur.
216 2465 303 2514 Varro
323 2476 413 2514 tamen
437 2467 475 2516 ait
495 2481 523 2516 se
549 2464 645 2535 legisse
690 2466 786 2537 cuique
799 2463 881 2517 stellae
893 2463 1102 2536 propriam3sed
1112 2469 1194 2520 etiam

141 2541 300 2613 Empedocli
319 2541 426 2594 cuidam
444 2543 611 2616 Syracusano
629 2563 645 2596 a
691 2543 781 2616 quod,
794 2545 942 2598 secundum
951 2555 1068 2596 veterem
1081 2546 1195 2599 astrolo-

143 2619 260 2694 quadam
279 2633 412 2694 potestate
432 2621 523 2675 divina
545 2636 646 2675 morta·
690 2627 863 2698 giam‚puert
874 2625 923 2676 sub
934 2625 1041 2756 scorplio
1052 2628 1108 2677 nati
1118 2625 1195 2680 belli·

140 2702 194 2755 lem
203 2701 361 2772 adspectum
370 2701 518 2765 detersum
530 2719 644 2775 eumque
690 2707 746 2756 cosi
760 2717 821 2756 sunt
834 2715 859 2756 et
872 2701 978 2754 lervitli.
1020 2742 1026 2752 .
1042 2705 1073 2755 G.

141 2785 211 2836 inter
227 2793 323 2835 caetera
341 2794 394 2836 tres
418 2796 510 2854 portas
530 2783 643 2850 vidisse,
724 2781 1194 2860 36.Quidquidcris.0rdoest,quid·

142 2877 250 2935 tresque
271 2865 328 2916 vias
346 2887 352 2914 ι
376 2881 458 2917 unam
483 2863 517 2917 ad
539 2867 644 2936 signum
690 2865 756 2937 quid
767 2867 833 2930 eris,
846 2865 880 2917 da
891 2864 997 2916 facilem
1010 2883 1124 2918 cursum.
1139 2867 1195 2919 Ce-

142 2942 309 3014 Scorpionis,
326 2943 518 3014 quaHercules
531 2944 564 2996 ad
579 2945 643 2998 deos
690 2957 747 2997 tera
767 2947 837 2998 enim
859 2963 908 3015 per
927 2941 1099 3014 parenthesin
1121 2945 1194 2998 dicta

143 3025 195 3074 isse
212 3021 363 3075 diceretur:
383 3025 494 3077 alteram
511 3044 561 3096 per
576 3025 646 3078 limi·
690 3021 1089 3096 sunt-Necsperentl'artara
1099 3043 1192 3097 repem.

144 3115 210 3167 tem,
224 3104 271 3173 qui
283 3115 323 3154 est
332 3105 402 3154 inter
411 3105 527 3156 leonem
540 3119 566 3156 et
575 3105 646 3157 Can·
690 3107 745 3158 Nec
752 3103 939 3176 sperentdixit‚
949 3105 1025 3173 quasi
1033 3103 1194 3156 beneficium

145 3199 239 3234 mum:
259 3184 365 3233 tertiam
383 3199 440 3235 esse
463 3187 532 3236 inter
552 3185 646 3256 Aqua·
691 3182 724 3236 de
748 3201 911 3255 quocunque
932 3183 1042 3234 venerit.
1065 3183 1195 3252 llejicitur'·

145 3263 214 3313 rium
225 3272 251 3312 et
261 3260 358 3312 Pisces.
372 3261 473 3332 Arguto
483 3265 574 3333 itaque
587 3283 646 3316 eam
692 3276 788 3338 quarta
809 3263 955 3315 divinitatis
980 3262 1095 3332 species,
1117 3263 1195 3335 quasi

144 3343 214 3393 viam
224 3353 250 3392 et
260 3337 350 3392 sedem
360 3341 454 3392 tribuit
462 3343 583 3412 Augusto
592 3343 646 3393 lor·
676 3343 913 3416 augustinusait
924 3339 992 3392 adea
1003 3341 1036 3391 sit
1047 3341 1194 3410 excellens,

145 3423 165 3474 ti
181 3423 355 3494 lmperatori,
371 3437 451 3494 quam
467 3422 563 3475 habuit
580 3423 645 3475 deus
691 3433 721 3474 ut
745 3423 848 3493 superis
870 3421 981 3491 potius,
1001 3439 1080 3491 quam
1100 3420 1193 3476 inferit

143 3501 388 3555 fortia-Ardent
405 3504 530 3576 Scorpios.
548 3503 647 3557 Ardent
692 3503 828 3556 accenseri
852 3511 999 3562 mereatnr;
1024 3503 1193 3570 quantumvis

145 3579 179 3634 ad
191 3579 258 3633 illud
271 3582 398 3646 retertur,
418 3583 479 3652 quia
496 3581 590 3635 Martis
607 3593 647 3635 est
691 3579 772 3654 Elysii
791 3599 902 3652 regnum
919 3577 1068 3632 immodicis
1085 3579 1193 3634 Graeco·

145 3660 328 3713 domicilium:
349 3677 411 3711 nam
424 3659 528 3734 Seorpii
541 3676 646 3736 tempus
692 3682 750 3714 rum
763 3659 888 3713 laudibus
901 3659 1031 3712 efferatur
1043 3682 1050 3723 ;
1071 3660 1194 3734 adeoque

146 3741 271 3814 frigidum
280 3751 333 3805 est,
342 3741 442 3813 quippe
451 3745 526 3812 cujus
534 3739 647 3795 Novem·
693 3741 726 3794 ab
740 3745 798 3814 ipsa
809 3739 969 3812 Proserpina
980 3739 1042 3792 huic
1053 3734 1195 3813 adspecta·

145 3820 193 3874 ber
203 3825 300 3876 mensis
309 3833 363 3885 est;
375 3821 417 3876 vel
427 3821 461 3875 ad
472 3821 646 3896 cupiditatem
691 3821 741 3874 bili
750 3821 815 3874 calo
826 3820 964 3893 praelatum
975 3819 1056 3872 fuisse
1067 3821 1194 3892 praedice-

147 3903 257 3975 Augnsti
269 3903 425 3976 recipiendi.
439 3903 510 3957 Serv.
692 3914 744 3954 tur.
757 3932 793 3942 -
804 3901 935 3954 Tartarus
945 3919 998 3952 non
1010 3899 1054 3952 hic
1070 3922 1119 3973 pru
1133 3902 1193 3956 loco

181 3983 224 4036 35.
240 3983 314 4036 lustu
328 3984 388 4057 pltts
396 3989 480 4058 parte.
495 3981 647 4037 Secundum
692 3983 779 4054 poenis
802 3979 935 4034 destinato
957 3979 1121 4051 sumendus,
1147 3979 1195 4034 sed

148 4057 300 4127 chaldeos,
323 4065 369 4135 qni
391 4059 533 4138 Scorpium
556 4063 649 4116 dicunt
694 4065 803 4114 ontnino
827 4061 957 4114 infernale
981 4059 1113 4134 significat
1137 4081 1196 4134 reg-

150 4144 263 4213 tpatinm
273 4142 388 4196 duorum
402 4147 646 4218 signornmtenere.
694 4161 766 4195 num.
789 4139 903 4194 Multum
925 4141 1013 4205 abest,
1036 4142 1099 4210 quin
1122 4139 1196 4213 apud

149 4219 218 4294 Ergo
230 4233 257 4275 tt
265 4221 319 4276 loci
330 4227 416 4297 spatio
426 4237 453 4278 to
463 4227 567 4282 inritat.
577 4227 647 4282 Sm.
693 4221 833 4296 Virgilium
841 4221 936 4276 eatlem
942 4221 1110 4274 infernorum
1118 4223 1195 4272 notio

982 4307 1023 4361 23.
