2970 4714
282 384 323 455 ss
530 377 566 450 r.
589 370 821 473 viuotnn
843 371 1076 456 Mluoiils

279 512 360 592 Ques
372 497 500 575 levibus
511 503 679 597 placidum
691 509 769 575 rivis
781 527 875 576 suunt
887 527 956 576 ortu
969 512 1148 602 liquorem3

280 613 336 695 Et,
350 637 551 705 quamquam
564 615 709 703 gemines
720 617 831 680 avium
843 627 906 680 tox
918 615 1079 707 obstrepit
1089 619 1191 700 auris,

281 723 377 786 Hanc
389 721 541 810 querulus¹
549 719 698 785 referunt
709 741 824 800 voces,
838 722 912 811 quis
925 723 1035 788 nantia
1047 724 1127 791 limo

284 825 1127 916 Corporalymphefovet:sonituselituorisEch03
1283 827 1329 888 tis

280 932 412 1021 Argutis
424 949 457 997 et
469 948 586 1016 cuncta
598 931 745 997 fremunt
756 929 875 996 ardore
890 933 1020 1000 ciendist

280 1040 325 1104 At
337 1039 422 1104 ciros
433 1039 555 1128 passim
566 1039 661 1102 iessae
673 1037 819 1102 cubuere
831 1037 984 1128 cupellae,·

281 1145 491 1234 Excelsisque
503 1159 604 1234 super
615 1143 740 1224 dumie3
753 1163 837 1234 quos
849 1144 968 1208 leniter
978 1141 1105 1210 ndllens

280 1256 368 1316 Aura
379 1251 577 1318 susurrantis
589 1250 693 1337 possit
705 1248 910 1315 confundere
923 1250 1023 1314 venti.

324 1360 451 1436 Pastor,
466 1372 502 1421 ut
513 1353 556 1419 ad
568 1355 695 1420 fontem
708 1352 809 1423 dense
821 1356 985 1445 requievit
996 1357 1031 1420 iu
1044 1354 1174 1437 umbre,
1282 1367 1324 1418 15⁵

281 1465 399 1530 Mitem
410 1455 564 1551 concepit
574 1461 741 1552 projectus
753 1462 901 1528 membra
914 1479 1083 1554 soporem,

281 1661 360 1707 libro:
374 1651 425 1722 ¹ipse
441 1657 507 1704 malit
521 1661 657 1720 superet-
667 1659 717 1722 147.
735 1658 825 1722 placido
846 1658 931 1724 bipuore
947 1659 1031 1706 meb'us
1049 1659 1097 1706 dici
1115 1673 1195 1708 monet
1209 1659 1326 1723 Scaliger:

281 1744 360 1786 recte,
369 1729 411 1776 sed
420 1729 520 1786 homini,
535 1732 576 1793 qui
585 1730 634 1776 hnc
644 1729 750 1793 scripsit,
764 1731 857 1778 ridetur
868 1730 983 1793 placuisse
994 1748 999 1776 :
1014 1746 1094 1777 sonore
1106 1729 1225 1796 quuonm,
1238 1743 1277 1790 ut,
1288 1747 1326 1779 so·

283 1817 339 1847 nure
354 1805 468 1856 camunti,
483 1815 506 1848 et
521 1800 565 1848 alin
582 1802 673 1848 similia.
688 1803 791 1864 Scaliger
804 1818 900 1866 quoque
915 1811 979 1848 sonet
993 1801 1119 1848 substituit.
1132 1805 1201 1848 uomit
1210 1805 1273 1866 conj.
1287 1803 1324 1848 Jo.

283 1871 406 1919 Schrader.
422 1882 485 1920 sonet
501 1888 539 1919 ore
552 1873 589 1918 ed.
608 1875 742 1937 Antsserp.;
755 1874 816 1920 forte
828 1886 851 1920 et
863 1871 921 1919 alic.
933 1875 1002 1921 Certe
1016 1882 1066 1919 orto
1076 1875 1176 1920 otiosum
1189 1885 1235 1930 est,
1246 1872 1325 1921 Bsrth.

284 1943 339 2000 XX,
359 1945 387 1990 23
405 1946 513 1992 emendus
527 1954 603 1991 aucto.
615 1947 644 1992 lu
654 1961 699 1992 ms.
715 1947 781 1992 Voss.
796 1953 855 1992 ecto.
872 1943 919 1991 Sed
935 1957 999 1991 totus
1013 1959 1093 1992 sersus
1109 1943 1266 2001 damnandus,
1277 1959 1327 1992 non

284 2013 444 2062 emendandus
462 2028 503 2063 est.
520 2017 559 2062 Est
571 2019 633 2062 e'nim
650 2018 760 2062 insitiuus
773 2031 826 2062 eum
842 2029 922 2078 seqq.,
936 2017 961 2060 in
975 2015 1061 2078 quibus
1076 2015 1158 2072 esdem
1173 2027 1326 2078 repetuntur,

286 2097 339 2146 qun
350 2086 399 2147 jam
411 2099 480 2149 snprs
493 2086 555 2133 dicta
570 2100 637 2133 erant
652 2105 674 2134 ι.
696 2085 745 2143 sod.
760 2103 783 2132 s.
796 2083 827 2142 46
836 2101 871 2149 sq.
883 2110 915 2121 -
929 2083 979 2141 148.
992 2084 1174 2149 Esquoanuom.
1186 2086 1328 2146 Corruptum

283 2152 338 2200 hoc.
351 2155 452 2220 Scaliger
467 2159 528 2204 Hinc
542 2157 577 2204 illi
584 2173 642 2223 pem.
654 2157 762 2204 barthius
774 2156 831 2204 ibid.
845 2157 908 2219 conj.
917 2156 950 2202 Et
956 2172 1055 2220 quaqua.
1066 2181 1098 2194 -
1113 2155 1162 2219 ¹49·
1178 2159 1214 2202 Ao
1226 2151 1328 2220 qumsloe

279 2224 370 2288 sttss'ssstt
377 2244 440 2275 votes
450 2230 542 2294 refingit
551 2231 644 2286 licius„
656 2241 683 2275 ut
692 2227 845 2292 suppleantur
856 2241 923 2273 suns
935 2243 963 2274 en
976 2241 1051 2274 antec.
1062 2226 1118 2275 hunc
1127 2245 1150 2292 p.
1162 2237 1263 2275 reserent
1268 2225 1327 2290 jum

283 2309 321 2342 ces
330 2297 367 2343 Jo.
377 2298 499 2348 Schrsder.
511 2302 563 2347 Hac
574 2317 622 2347 sur.
635 2299 688 2347 lect.
701 2301 727 2346 in
739 2311 794 2347 vett.
807 2298 862 2345 edd.
873 2299 933 2344 Hine
946 2296 1054 2362 quamtus
1063 2298 1163 2359 referunt
1169 2315 1192 2344 υ.
1201 2297 1262 2346 bene
1272 2299 1327 2342 Sos·

286 2365 344 2430 liger
360 2385 373 2416 e
387 2383 433 2417 set.
450 2371 550 2420 schedas
562 2375 617 2419 item
629 2386 681 2436 quoe
692 2374 784 2418 mnus:
796 2382 823 2416 ut
834 2371 880 2416 siut
891 2365 989 2430 λιμιιιῖιι
1003 2367 1081 2432 spsssis
1098 2368 1181 2424 sisse,
1197 2381 1224 2416 ut
1238 2371 1258 2416 is
1273 2381 1328 2414 curn

284 2441 439 2506 Aristophane
449 2444 565 2510 loquitur,
578 2445 602 2492 h.
616 2461 686 2493 ιιιιιιι.
702 2447 744 2491 Ge.
759 2445 782 2500 l,
795 2442 841 2506 378
852 2443 885 2488 Et
896 2451 992 2490 veterem
1000 2446 1024 2488 in
1035 2441 1087 2491 tm
1096 2459 1158 2490 sasnoe
1166 2445 1264 2488 cecinere
1271 2456 1327 2506 qus-

285 2511 363 2559 relam.
376 2515 406 2560 cl.
420 2516 517 2562 ¹l'uubsn.
534 2517 581 2564 Sed
594 2519 643 2580 jum
658 2515 706 2562 iul.
723 2514 802 2560 Sabin.
816 2513 846 2560 de
860 2517 921 2561 ranis
935 2515 1032 2578 accepit.
1044 2540 1076 2551 -
1087 2516 1137 2561 151.
1152 2524 1175 2561 et
1188 2512 1251 2560 culto
1261 2525 1327 2560 setus

285 2585 399 2645 scriptura
411 2585 475 2647 apud
485 2585 609 2648 Scaliger..
621 2602 695 2649 esque
707 2583 844 2648 elegantior.
855 2585 948 2640 ardore,
960 2601 1003 2647 per
1011 2597 1098 2631 testum.
1110 2584 1188 2631 barth.
1200 2583 1217 2630 l.
1229 2600 1250 2630 c.
1262 2587 1325 2647 conj.

278 2653 385 2716 fremunt
397 2656 488 2713 πώνης
502 2657 566 2722 quod
582 2659 626 2720 ipsi
643 2657 766 2704 remitum.
774 2655 880 2720 fremunt
897 2655 990 2702 arbusta
1003 2657 1095 2713 lisine,
1109 2655 1249 2719 elegantius3
1263 2653 1327 2701 idem

284 2725 310 2768 in
325 2737 427 2772 mentem
444 2741 539 2774 venerat
554 2726 663 2774 Jncohsio
678 2743 705 2772 es
716 2725 765 2772 lici.
782 2727 816 2782 ii,
831 2726 866 2773 13.
876 2725 937 2788 [add.
952 2727 993 2771 Ge.
1008 2726 1053 2782 ill,
1068 2724 1127 2782 328,-
1143 2737 1166 2771 et
1177 2740 1222 2772 san
1233 2725 1326 2770 booten

285 2795 393 2860 Spicileg.
408 2797 438 2844 ad
448 2800 485 2845 Jo.
498 2798 620 2846 Sclbnderi
632 2797 763 2844 Emendat.
778 2813 831 2861 με.
843 2797 865 2844 8.
877 2823 908 2834 -
920 2798 971 2844 152.
979 2796 1059 2860 fessoe.
1071 2797 1113 2846 Jo.
1126 2795 1247 2842 Schrader.
1262 2797 1324 2858 conj.

279 2866 350 2930 fisso.
360 2893 392 2906 -
404 2871 454 2917 153.
469 2886 540 2934 supra
553 2870 636 2933 Scalig.
652 2871 712 2917 Puto
725 2871 810 2917 fuine:
824 2869 921 2917 cubuere
931 2869 1024 2934 capella
1039 2868 1142 2916 Excelsir
1154 2868 1231 2916 subter
1245 2869 1326 2915 dumis.

286 2941 324 2985 Sic
342 2942 367 2985 iu
384 2941 474 3006 Persig.
491 2942 550 2989 Ven.
565 2941 642 2988 subter
655 2941 873 3006 quintius-plicant
885 2945 944 2988 tauri
959 2941 1025 2988 latus.
1037 2942 1074 2988 Jo.
1085 2940 1206 2988 Schrader.
1219 2938 1327 2986 Exceisos

286 3007 363 3054 subter
377 3010 456 3056 dumos
474 3011 604 3058 Emendstt.
618 3027 643 3074 p.
661 3025 697 3057 so.
712 3011 826 3058 Desidere
839 3011 935 3074 quidem
949 3009 1093 3057 commodius
1107 3009 1227 3072 epitheton
1240 3009 1327 3056 dumo-

285 3091 352 3123 rum:
363 3077 475 3124 sidentur
486 3091 563 3126 tamen
574 3079 657 3126 ucelsi
669 3080 739 3136 dicti,
749 3083 790 3144 qui
801 3083 826 3126 in
838 3080 934 3127 excelsis
948 3079 1046 3141 rupibus
1056 3091 1171 3126 crewunt.
1191 3087 1214 3124 et
1226 3087 1327 3124 amantes

286 3148 360 3192 arduo
370 3147 434 3192 dumi
444 3149 513 3194 etiam
528 3151 552 3194 in
568 3151 653 3214 Georp.
664 3149 766 3197 Omnino
780 3151 859 3198 dumos
875 3163 952 3197 amant
969 3163 1044 3213 poetic
1057 3165 1250 3206 commemorare,
1264 3161 1290 3196 nt
1304 3161 1328 3196 et

284 3217 382 3264 dumeta.
395 3218 423 3262 Et
434 3234 463 3266 eo
474 3226 575 3282 spe'ctst,
589 3221 654 3286 quod
668 3221 791 3286 adjicitur,
802 3240 814 3269 a
828 3225 903 3270 sentis
915 3235 955 3269 eos
966 3221 1076 3286 perflari:
1092 3216 1232 3282 inspitiens.
1246 3221 1326 3272 lieins.

286 3291 349 3352 conj.
361 3291 441 3336 misto
453 3289 469 3335 l.
482 3295 554 3338 exesis
558 3313 566 3347 ς
578 3307 601 3340 et
613 3308 732 3357 comparat
742 3293 798 3341 illu:
813 3295 875 3340 Dum
889 3303 964 3342 tatem
978 3295 1095 3341 attondent
1106 3297 1169 3340 ss'moe
1178 3291 1275 3358 virqulta
1288 3308 1326 3339 cs·

283 3357 356 3421 psile.
372 3357 479 3406 barthius
489 3361 553 3418 xxi,
569 3363 597 3420 nd
611 3364 750 3411 emendabat
760 3381 766 3411 :
785 3363 920 3430 Excelsique
933 3379 1002 3428 super
1010 3365 1080 3410 dumi.
1094 3379 1146 3428 quoe
1160 3373 1216 3410 sets.
1233 3361 1287 3409 edd.
1303 3373 1328 3408 et

285 3427 355 3475 codd.
369 3443 425 3491 quos
437 3431 546 3479 allemho
562 3437 692 3498 proiectum
708 3449 749 3484 est.
762 3436 872 3483 liarthius
883 3452 931 3483 non
942 3435 1003 3482 male
1019 3437 1081 3496 conj.
1097 3449 1151 3497 qua.
1168 3449 1215 3496 piso
1229 3432 1267 3479 sel
1281 3447 1330 3494 quo

285 3500 355 3545 etiam
369 3498 448 3546 lleins.
460 3527 492 3538 -
504 3503 554 3560 154.
565 3511 636 3570 possit
647 3508 728 3574 higen
739 3509 780 3556 sed
795 3520 829 3555 est
842 3523 915 3571 genus
929 3503 1143 3553 circumlocutionis
1153 3518 1197 3565 pto
1209 3497 1328 3565 confundit

286 3585 341 3614 aurs
357 3568 446 3616 dumos.
459 3578 531 3634 poscit
540 3577 667 3627 &titianus
677 3578 736 3627 iiber
748 3579 844 3642 scalig„
858 3581 899 3643 qui
914 3571 1143 3639 explicnt'nsspdsnu
1156 3575 1238 3636 qnasi:
1252 3575 1328 3636 poscit

286 3635 343 3694 sibi,
357 3639 497 3700 aggreditur.
512 3645 548 3691 Sic
561 3647 584 3694 es'
594 3663 636 3694 ms.
653 3649 851 3696 netues-15⁵.
867 3647 899 3693 ud
905 3645 984 3708 fontes
995 3653 1050 3690 vett·
1066 3641 1120 3688 edd·
1135 3643 1231 3687 mutavit
1245 3629 1324 3688 Bemb-

286 3711 398 3772 νεᾳιιῐειω
407 3716 468 3777 conj.
479 3715 571 3776 licinus,
586 3733 609 3766 et
622 3735 674 3767 mon
684 3731 800 3786 porrectus
815 3715 990 3784 Lindenhruch.
1000 3711 1113 3775 Scaliger,
1123 3714 1164 3777 qui
1175 3711 1239 3758 hunc
1247 3711 1326 3761 lorum

287 3785 464 3844 transpositione
478 3795 558 3837 unare
574 3793 720 3855 voluitisid.
733 3791 763 3839 ad
774 3811 796 3840 ι.
812 3805 856 3839 roo
867 3801 890 3835 rs
906 3787 975 3845 143),
990 3787 1083 3848 rejectis
1096 3785 1126 3832 sd
1140 3788 1258 3848 superiore
1272 3799 1324 3836 ser·

286 3851 350 3899 sibus
366 3855 416 3900 156.
435 3859 475 3921 ¹⁵7
487 3862 520 3906 sic
531 3863 680 3927 interpolavit
691 3865 755 3912 brec:

323 4013 379 4082 ¹4⁸¹
392 4015 439 4086 Et,
452 4028 571 4093 quamvis
586 4029 675 4078 svium
688 4039 782 4081 contus
826 4017 966 4091 legendum
983 4018 1101 4091 censeo)
1119 4017 1238 4089 resonant
1251 4033 1326 4072 uoces

286 4095 401 4167 geminas
414 4117 495 4176 aures¹
506 4103 645 4172 obtundit,
657 4103 719 4157 irinc
729 4103 783 4173 (itu
825 4095 949 4172 querrtlns
960 4117 1030 4154 rone
1040 4100 1068 4152 iu
1079 4096 1143 4154 limo
1155 4109 1288 4152 nettntese
