2986 4694
267 332 327 398 152
424 335 457 396 P.
483 331 715 396 VlRGlLll
738 333 970 402 MARONIS
993 338 1140 407 ClRlS.

264 457 375 520 Unum
388 479 488 546 quem
500 454 624 546 duplici
637 455 805 522 stellarum
816 456 924 523 sidere
936 459 1019 541 vidi,

260 560 415 650 Scorpius
426 561 559 628 alternis
571 562 696 628 clarum
709 563 800 650 fugat
811 563 934 630 Oriona
946 590 953 628 ε

259 665 313 732 Sic
324 665 410 731 inter
422 689 493 734 sese
505 669 605 734 tristis
618 668 795 734 Haliaeetus
807 670 884 752 iras,

260 773 303 836 Et
314 759 411 854 Giris,
424 775 564 840 memori
575 790 706 840 servant
717 773 759 840 ad
771 777 890 842 saecula
902 778 980 844 fato.

260 877 477 970 Quacumque
488 880 543 946 illa
554 881 661 946 levem
674 881 804 969 fugiens
817 901 905 950 secat
916 884 1037 951 aethera
1049 887 1182 975 pennis,

259 985 345 1050 Ecce
357 987 509 1054 inimicus
521 1004 613 1053 atrox
623 1009 743 1076 magno
755 987 896 1055 stridore
907 1014 969 1080 per
979 1013 1074 1058 auras

261 1091 451 1182 Insequitur
462 1095 574 1174 Nisus;
588 1117 653 1183 qua
665 1115 701 1158 se
712 1094 777 1160 lert
788 1096 885 1161 Nisus
897 1096 939 1162 ad
951 1120 1059 1178 auras,
1258 1109 1304 1168 ⁵4⁰

260 1198 320 1264 llla
331 1200 439 1265 levem
450 1202 581 1290 fugiens
592 1201 712 1290 raptim
723 1217 811 1268 secat
822 1201 944 1268 aethera
956 1203 1084 1290 pennis.
1127 1229 1128 1234 ¹

291 1365 344 1424 53'l·
356 1385 426 1433 qttam
440 1367 526 1433 duplici
535 1371 595 1418 Van.
608 1373 718 1435 antiqua,
734 1383 758 1418 et
771 1373 796 1419 iu
808 1371 854 1420 line
864 1375 908 1419 uiri
915 1389 923 1418 :
933 1371 1023 1420 vitiose.
1035 1372 1074 1420 Est
1090 1383 1145 1418 sant
1161 1369 1240 1418 scabra
1256 1367 1303 1414 hu-

256 1441 296 1502 jus
312 1455 390 1488 sersus
411 1443 500 1498 oratio,
517 1445 560 1489 etsi
576 1445 691 1490 sententia
709 1443 816 1506 expedita
828 1461 833 1490 :
846 1459 899 1490 ιιιιιι
907 1478 915 1500 ,
927 1456 953 1490 ut
968 1443 998 1489 atl
1013 1445 1056 1490 Ge.
1068 1445 1092 1500 1,
1107 1441 1136 1490 33
1150 1441 1265 1497 uidimus,
1276 1441 1302 1486 iu

259 1510 346 1572 sphera
368 1525 472 1560 veterum
491 1512 556 1559 librae
570 1512 649 1560 locum
665 1529 725 1561 unus
739 1517 850 1578 Scorpius
863 1516 1000 1578 occupabat.
1016 1517 1100 1580 llygin.
1116 1515 1208 1562 naon.
1220 1513 1257 1566 11,
1275 1510 1305 1558 26

257 1582 364 1645 Scorpius
370 1593 464 1647 propter
474 1586 647 1647 muprtitudinem
661 1584 811 1634 membrorum
824 1589 847 1631 ιἰι
858 1587 903 1632 duo
918 1589 982 1650 siquo
994 1588 1100 1634 divtds'ur
1107 1621 1114 1643 ‚
1127 1600 1224 1651 quorum
1237 1585 1304 1628 unius

257 1652 354 1716 ssfiqism
372 1657 443 1700 austri
459 1653 553 1701 Librum
572 1655 688 1702 dixerunt.
705 1658 744 1702 Est
759 1658 830 1718 igitur
846 1657 968 1719 Scorpium,
984 1673 1051 1722 quam
1069 1671 1140 1703 unum
1157 1655 1204 1701 uidi
1220 1651 1305 1716 duplici

257 1723 331 1769 sidere
341 1722 473 1770 stellarum:
484 1724 624 1784 habentem,
638 1740 791 1790 occupantem
804 1730 872 1773 situm
886 1727 996 1774 binorum
1008 1730 1141 1790 signorum:
1153 1727 1216 1772 sidus
1225 1722 1302 1771 suttu-

258 1805 310 1836 rum
321 1807 365 1853 pro
372 1793 448 1840 sidere
459 1792 603 1856 simpliciter.
614 1796 754 1858 Suspicabur
759 1794 874 1842 stellatum
885 1795 971 1861 duplici
979 1799 1064 1854 sidem,
1076 1797 1100 1844 h.
1112 1809 1221 1844 ornatum
1231 1792 1305 1841 stellis

258 1860 359 1906 duorum
371 1862 482 1910 siderum.
494 1867 579 1927 Sisque
591 1865 639 1912 ridi
653 1883 706 1912 mox
718 1881 852 1929 expressum
866 1869 891 1912 in
904 1867 941 1914 sd.
951 1869 1017 1914 Juot.
1027 1893 1059 1904 -
1070 1868 1121 1914 535.
1137 1865 1267 1930 legebatur
1278 1865 1304 1910 iu

257 1932 469 1998 lleinsianisfiiqit,
479 1951 563 1998 prave:
574 1938 621 1985 vitl.
631 1940 683 1985 Not.
697 1939 726 1985 ad
734 1939 758 1985 Ιι,
768 1957 790 1986 v.
798 1939 933 2002 [tegendam
941 1952 990 1998 est,
1002 1940 1067 2004 quod
1072 1944 1120 2005 jum
1129 1938 1212 1984 Aldina
1219 1936 1304 1990 habet,

251 2002 336 2066 fiaput:
348 2019 401 2049 nam
414 2007 501 2052 Orione
513 2009 636 2057 occidente
647 2012 723 2056 oritur
740 2013 857 2072 Scorpius.
874 2011 933 2058 ndu.
951 2024 1006 2059 vett.
1020 2011 1108 2058 clunem
1121 2008 1240 2070 (Nesimi).
1253 2005 1304 2053 cla-

257 2070 428 2138 riumlfirqmnt
441 2077 552 2123 Orionem.
565 2080 630 2126 lunt.
641 2078 799 2145 clarumfuqit
808 2081 928 2136 ormnem,-
940 2081 1021 2128 eadem
1034 2083 1115 2127 vitiose
1124 2079 1231 2132 alterius,-
1242 2075 1306 2122 unde

257 2141 373 2189 Artemius
383 2148 464 2194 inscite
477 2149 571 2195 bausit
581 2152 807 2197 comminiscebatur.
821 2151 867 2197 Sstl
877 2151 1000 2198 emendate
1010 2153 1057 2212 jam
1068 2150 1156 2197 editum
1166 2149 1196 2196 sb
1205 2146 1306 2194 Asulano

255 2212 281 2258 iu
297 2211 379 2260 Aldina
396 2229 473 2264 nostra
485 2217 579 2265 alternis
592 2219 681 2266 clarum
691 2221 762 2285 fuqat
775 2222 866 2267 Oriona.
874 2221 947 2287 Jiaqut
960 2222 1065 2268 Orionem
1077 2235 1119 2266 ms.
1131 2217 1200 2264 Batil.
1211 2243 1242 2253 -
1251 2215 1304 2263 536.

257 2283 320 2330 Male
335 2286 390 2333 edd.
407 2301 463 2335 vett.
481 2291 594 2338 Hult'oetus
612 2295 636 2338 itt
651 2297 704 2338 tras.
723 2295 762 2339 Est
779 2289 903 2343 ιίιιιιίιιις.
919 2295 988 2339 Forte
1002 2295 1071 2338 etiam
1086 2289 1207 2338 Hutuutos
1224 2287 1306 2335 maluit

256 2366 327 2414 poeta
338 2357 452 2415 scribere,
463 2373 490 2406 ut
501 2361 563 2408 docti
574 2375 650 2424 poeta
661 2360 745 2409 solent.
757 2363 813 2408 Mox
825 2365 918 2407 memori
921 2361 989 2424 fato,
1001 2361 1050 2406 lere
1066 2371 1091 2405 ut
1103 2361 1153 2404 AEn.
1165 2361 1176 2403 l
1187 2370 1306 2405 mentorem

255 2428 352 2474 Junonr's
361 2432 417 2474 tium
429 2430 503 2486 dixit,
514 2436 612 2492 passive.
623 2450 715 2477 servans
724 2450 766 2478 ms.
777 2433 845 2479 Batil.
854 2457 887 2470 ·-
899 2432 1049 2497 538.fu9iens
1058 2435 1082 2476 in
1091 2430 1174 2478 oetloero
1183 2445 1226 2476 ms.
1236 2428 1304 2476 liatil.

257 2498 327 2545 Forte
343 2503 383 2545 sitit
397 2499 481 2546 oetltem
492 2505 524 2547 ait
536 2503 629 2559 lleins.,
641 2502 677 2549 vel
688 2504 783 2568 fuqiens
795 2514 836 2550 nat
846 2509 870 2551 ιἰι
885 2504 974 2551 uthere.
992 2506 1117 2566 Perpertm
1129 2515 1152 2550 et
1165 2505 1215 2548 sins
1226 2515 1306 2548 caussa

256 2570 282 2613 in
291 2572 348 2616 vitio
359 2573 452 2632 pessimi
460 2569 515 2618 libri
524 2572 621 2619 haerens.
630 2599 662 2610 ·-
672 2574 724 2635 539.
735 2577 821 2621 Versus
832 2591 899 2639 seqq.
911 2587 989 2622 extant
998 2576 1040 2621 Ge.
1053 2576 1078 2628 Ι,
1090 2573 1136 2631 loli
1148 2589 1199 2637 sqq.
1208 2599 1240 2609 -
1249 2569 1303 2627 641.

257 2639 344 2700 rapidis
359 2649 420 2685 secut
436 2640 520 2688 athera
534 2647 614 2706 pennis
627 2644 728 2692 malebat
743 2646 862 2692 Drakenb.
873 2647 903 2692 ud
914 2645 996 2691 Silium
1009 2646 1042 2700 11,
1056 2644 1108 2692 513.
1123 2645 1156 2690 lta
1168 2657 1263 2707 quoque
1279 2642 1304 2686 iu

257 2709 377 2756 nonnullis
393 2712 459 2760 libris
474 2716 585 2776 scriptum
603 2717 627 2762 in
644 2718 685 2764 Ge.
703 2719 728 2774 1,
746 2717 806 2778 409,
823 2732 866 2764 noc
882 2731 958 2764 tamen
972 2727 1048 2779 poetas
1059 2731 1150 2777 temper
1161 2715 1192 2760 ud
1206 2713 1305 2760 eandem

259 2780 383 2828 formulam
396 2785 530 2832 retrahendi
543 2799 604 2834 tunt.

259 2939 432 3007 comparatio.
445 2939 540 2993 Mutuo
552 2959 580 2994 se
593 2961 758 3015 persequuti·
802 2959 922 2994 occasum
931 2951 957 2992 et
965 2941 1123 2993 occidentem
1133 2949 1222 2992 exorta
1231 2937 1304 2990 Sour-

257 3025 301 3065 tur
319 3015 478 3090 fugiuntque
496 3023 557 3074 ciris
577 3035 603 3074 et
621 3021 758 3074 haliaeetus
800 3021 890 3092 pionis
905 3020 1044 3091 posteriori
1057 3031 1141 3091 parte.
1158 3017 1250 3071 Paullo
1263 3015 1304 3067 di-

257 3111 335 3158 sves3
354 3098 579 3168 quemadmodum
598 3101 652 3154 duo
670 3101 758 3154 sidera
803 3117 880 3152 versa
891 3101 995 3152 ratione
1003 3098 1112 3152 ductum
1120 3097 1233 3150 vidimus
1242 3115 1304 3169 poe·

221 3229 225 3235 ,
256 3171 420 3248 Scorpiuset
438 3179 522 3232 Orion
540 3194 601 3232 ortu
617 3194 643 3233 et
660 3198 758 3233 occasu
803 3179 885 3230 ticum
908 3179 1068 3252 phantasma
1092 3179 1126 3232 ab
1150 3180 1201 3230 situ
1224 3189 1250 3228 et
1271 3194 1304 3228 ea

256 3271 284 3307 se
296 3256 388 3328 lugere
402 3262 530 3331 sequique
543 3259 674 3313 videntur.
686 3259 759 3327 Quo·
803 3259 912 3330 specie,
933 3278 1014 3331 quam
1033 3261 1060 3311 in
1079 3257 1182 3330 sphaera
1206 3255 1302 3308 calesti

256 3337 304 3389 ties
318 3343 387 3391 euim
400 3340 485 3393 Orion
498 3341 612 3408 occidit,
631 3342 716 3394 altera
727 3360 759 3394 ex
803 3335 858 3390 duo
875 3339 964 3391 sidera
981 3338 1065 3390 oculis
1080 3337 1230 3406 objiciunt:
1249 3351 1302 3405 quo

253 3431 331 3488 parte
358 3419 484 3491 Scorpius
511 3423 646 3488 exoritnr‚
672 3433 701 3473 ut
727 3439 758 3473 ex
803 3419 884 3472 modo
903 3419 988 3473 Pleias
1003 3418 1102 3470 tristior
1114 3416 1207 3490 aquosi
1223 3413 1304 3467 Piscis

256 3497 757 3570 sphaeraetraotationediscerequisque
802 3497 872 3551 sidus
882 3499 975 3571 fugere
987 3496 1059 3549 dicta
1071 3497 1261 3568 Georgicorum
1271 3490 1302 3542 li-

255 3591 361 3649 potest:
376 3579 457 3650 idque
472 3581 552 3632 etiam
567 3579 665 3632 Aratus
676 3579 756 3632 docet
801 3574 851 3628 bro
866 3577 915 3640 w,
929 3575 998 3641 233,
1014 3575 1086 3646 quod
1103 3573 1168 3626 milri
1182 3571 1228 3624 illo
1241 3570 1301 3622 loto

255 3673 308 3707 sss.
329 3657 388 3723 304.
407 3657 468 3709 306.
490 3657 550 3726 309.
570 3658 654 3709 Versa
675 3676 716 3709 res
739 3677 754 3709 a
799 3655 949 3707 molestiam
961 3656 1049 3706 facere
1058 3672 1112 3706 non
1123 3652 1302 3706 debebatzest

255 3734 350 3806 priscis
364 3733 517 3787 hominibus
530 3738 557 3787 in
573 3733 709 3802 fabulam,
725 3750 755 3788 ut
800 3737 870 3788 enim
891 3753 932 3786 res
956 3737 1019 3787 satis
1044 3737 1179 3805 frequens.
1204 3735 1301 3785 lterum

254 3815 350 3868 Orioni
361 3813 500 3886 Scorpium
510 3817 656 3868 immissum
666 3835 756 3869 narra·
801 3815 855 3868 alio
872 3813 952 3865 modo
965 3814 997 3866 de
1010 3815 1078 3866 Ursa
1092 3816 1188 3865 Aratus
1201 3811 1302 3865 effinxit

255 3893 756 3965 rent:olllyginnlstronll,26,1ta·
800 3892 926 3948 illud:‘H
942 3893 963 3946 τ’
986 3893 1062 3944 αὑτοῦ
1078 3893 1202 3962 opiparam
1222 3889 1262 3942 sui
1280 3889 1302 3958 ῥ’

255 3971 625 4048 queconstitutum‚ut,quum
633 3975 756 4048 Scorpius
800 3973 899 4044 'apium
908 3969 1008 4024 iussin:
1022 3991 1085 4026 nam
1095 3972 1188 4026 endem
1198 3983 1301 4024 matum

257 4053 373 4116 oriatur,
388 4051 470 4105 Orion
480 4053 583 4106 occidat
587 4077 598 4117 ;
610 4069 636 4108 ιι
648 4053 694 4107 lib.
705 4057 754 4116 lll,
799 4055 870 4107 linea
880 4071 911 4106 ex
922 4051 1034 4107 adverso
1044 4066 1202 4117 moventur,
1215 4063 1241 4104 et
1250 4049 1301 4102 Ur·

257 4131 305 4196 33,
314 4130 385 4184 lunc
393 4131 544 4206 (Orionem)
555 4145 713 4206 spectantem
721 4135 755 4189 sia
800 4153 846 4200 sa,
859 4147 885 4188 et
896 4133 989 4188 Orion.
