2986 4694
574 326 847 394 nonerunt.
1172 354 1231 424 ¹99

193 451 276 522 iude
288 453 370 538 ubit,
383 451 577 544 adsistitque
589 453 702 532 molae3
715 461 880 542 parvaque
893 447 1027 534 tabella,

115 565 118 574 ‘
180 563 297 646 Quam
310 562 406 627 fixam
417 561 524 652 paries
537 559 610 626 illos
622 557 773 625 servabat
784 558 818 621 in
827 569 924 638 usus,

172 669 330 733 ·Luntiuu
341 666 408 734 fida
419 668 519 750 locat;
532 667 681 758 geminos
693 682 773 731 tunc
785 680 876 730 reste
888 664 1026 732 lacertos

190 772 336 856 Liberat,
350 789 396 855 et,
410 775 536 841 cinctus
549 773 672 840 viliosae
684 785 815 860 tergore
826 792 947 859 coprae,

190 879 361 946 Praeverrit
372 879 477 946 cauda
489 879 596 946 silices
608 879 838 968 gremiumque
850 875 1022 941 molarum.

188 981 337 1052 Advocut
348 983 426 1052 iude
438 1007 555 1051 manus
567 984 676 1074 operi,
690 983 829 1072 partitus
841 981 1017 1071 utrinque:

189 1093 285 1158 Laere
297 1093 495 1173 ministerio,
508 1091 622 1156 dextra
635 1107 685 1156 est
696 1091 821 1155 intentu
832 1086 952 1170 labori3

190 1197 269 1264 Haec
281 1213 366 1264 rotat
377 1195 517 1262 assiduis
529 1197 617 1287 gyris
629 1213 662 1262 et
674 1195 816 1261 concitat
829 1192 953 1260 orbem.

187 1379 292 1428 ociosus,
305 1384 328 1419 et
337 1375 441 1420 occurrit.
451 1373 524 1418 Porro
535 1371 638 1434 Scaliger
647 1373 672 1419 in
681 1388 729 1420 uno
740 1370 802 1418 iihro
814 1373 948 1418 invenerat:
959 1371 1016 1432 Qrtoe
1029 1368 1109 1433 biddu,
1119 1369 1183 1420 uude
1193 1373 1232 1423 iiie

188 1444 330 1506 reiingebat:
344 1443 401 1502 Quat
416 1443 483 1504 infido
496 1445 582 1488 occonis
593 1446 696 1490 excurrit
709 1443 807 1508 pnndcre
822 1441 891 1490 libris.
907 1445 999 1490 Poterat
1015 1454 1091 1490 tamen
1106 1444 1156 1492 sine
1172 1444 1233 1494 uite·

187 1515 250 1560 riore
261 1517 390 1562 mutatione
406 1526 512 1562 constare
523 1527 617 1560 versus:
633 1514 689 1572 Quoe
702 1513 769 1577 iujiido
784 1523 875 1562 cotom
886 1517 987 1561 excurrit
999 1515 1098 1578 pondere
1114 1513 1195 1572 ir'iros,
1208 1515 1232 1563 h.

187 1581 286 1629 excedit.
299 1583 345 1629 Sed
359 1583 488 1652 ludibrium
504 1582 642 1646 corruptele
654 1583 698 1632 itoc
713 1585 780 1646 ifido
794 1600 843 1632 esse
855 1585 962 1632 arbitror.
973 1611 1004 1621 -
1015 1599 1052 1630 ar.
1071 1585 1166 1632 Lumina
1175 1587 1234 1648 ficto

188 1649 283 1712 reifidu
297 1665 339 1698 ute.
351 1653 446 1701 noeto.
456 1677 488 1689 -
498 1667 534 1700 aa.
547 1651 632 1700 villoso
643 1657 736 1720 teqruine
746 1669 822 1717 cupre
831 1666 885 1702 rctt.
900 1653 954 1701 cdd.
967 1667 1001 1702 est
1012 1653 1096 1702 iectio:
1108 1671 1152 1703 uec
1161 1656 1234 1716 muln

187 1721 232 1766 nisi
245 1720 373 1768 doctiorem
385 1721 526 1786 prodidisset
537 1722 635 1771 Aldina:
649 1732 746 1790 terqua,
760 1740 830 1790 quant
842 1723 944 1788 Scaliger
955 1739 1049 1788 quoquo
1060 1727 1085 1770 in
1096 1727 1188 1788 scriptis
1198 1729 1235 1772 iu-

187 1793 259 1838 venit-
271 1793 353 1854 Agitur
366 1806 444 1842 autent
456 1795 487 1843 de
497 1794 603 1842 rhenoue
615 1811 642 1842 ex
658 1797 721 1860 pelle
738 1799 841 1860 caprina.
857 1821 889 1832 -
906 1797 942 1844 23.
958 1798 1069 1843 Peruertit
1083 1809 1106 1844 et
1122 1797 1235 1846 Peruerrt'i

187 1875 242 1912 vett.
257 1865 311 1912 edd.
326 1866 429 1916 Alterum
444 1868 565 1914 Proevem't
579 1867 662 1916 Aldina
674 1869 748 1918 dedit.
763 1871 823 1916 'rum
836 1871 946 1917 Pervertr
959 1871 1077 1935 caudaque
1089 1887 1170 1916 cottum
1179 1887 1234 1936 φτ-

187 1937 302 1999 triumque
311 1951 340 1981 m.
353 1937 457 1984 Norinth.
471 1938 573 2000 lioberg.
584 1951 607 1986 et
620 1941 712 1987 urens.
723 1955 776 1987 curn
785 1941 850 1986 Junt.
864 1939 979 2004 aliisque,
990 1957 1018 1988 ex
1028 1943 1234 2003 interpretatione,

186 2007 305 2068 suspicor,
317 2007 342 2053 in
356 2011 460 2070 margine
472 2010 585 2071 apposita.
597 2007 683 2066 silices,
695 2009 794 2056 moleret
808 2009 927 2072 intellige,
944 2025 998 2056 uam
1014 2009 1063 2056 duo
1076 2023 1131 2058 tunt
1145 2009 1234 2074 lapides

186 2075 231 2120 sibi
246 2076 356 2138 impositi.
369 2079 479 2139 qremium
491 2077 602 2126 moramur
611 2095 657 2143 pro
670 2083 783 2127 interiore
794 2092 868 2144 parte.
883 2080 1013 2127 insolenter
1023 2078 1111 2126 dicturo
1125 2081 1234 2128 censebat

186 2145 266 2192 iieins.
279 2147 317 2192 sd.
327 2148 437 2196 Ovidii!
449 2149 498 2196 dut.
513 2149 538 2196 13
544 2185 552 2207 ,
566 2149 607 2207 ai,
622 2164 646 2198 et
658 2151 797 2198 emendabat
805 2153 933 2216 gremioque
946 2151 1048 2199 moiures.
1059 2153 1090 2198 Ut
1099 2152 1128 2198 tit
1137 2153 1234 2216 ercutio,

184 2231 260 2278 eapm
269 2227 373 2280 tergore,
385 2233 434 2282 quo
443 2221 534 2268 cinctus
544 2233 600 2268 erat.
611 2223 649 2269 Sic
658 2233 713 2288 ntqoe
720 2226 831 2288 qremium
839 2221 934 2269 Florum
945 2222 1037 2268 dixisse.
1047 2221 1100 2268 Non
1109 2224 1180 2284 magis
1189 2221 1234 2269 hoe

184 2284 270 2350 piacet.
283 2289 351 2335 Forte
363 2290 408 2336 suit
418 2305 425 2336 r
435 2295 593 2358 qemittuutqtre
607 2292 720 2340 molarem.
737 2310 758 2340 ι.
773 2294 865 2339 Non-
876 2292 913 2350 ud.
925 2291 1030 2338 Advocot
1040 2291 1091 2337 iude
1102 2293 1172 2353 operi.
1184 2293 1235 2340 Du·

185 2355 224 2406 bia
238 2361 359 2422 scriptura.
372 2363 409 2406 Sic
425 2363 488 2408 enirn
503 2375 560 2410 vett.
578 2365 633 2412 edd.
651 2379 674 2412 et
688 2367 767 2426 scripti
779 2364 889 2426 scaligeri
901 2379 906 2409 :
920 2375 943 2410 et
956 2364 1031 2412 rideri
1043 2373 1118 2426 potest
1130 2361 1233 2423 doctius,

186 2444 257 2493 quarn
268 2430 334 2494 quod
348 2431 431 2479 Aldina
443 2435 545 2481 iuverit:
559 2435 670 2482 Admovet
683 2437 734 2482 inde
747 2439 815 2498 operi.
829 2437 878 2482 iioc
890 2447 967 2482 tameo
978 2433 1118 2482 vocabulum
1130 2436 1164 2481 r'ei
1178 2451 1234 2498 pro·

185 2501 277 2562 prium,
292 2513 315 2549 et
326 2501 394 2550 isciie
406 2503 501 2552 deflecti
512 2509 590 2570 potuit
602 2509 626 2553 iu
638 2507 745 2554 alterurn.
758 2509 785 2552 ln
797 2506 844 2554 iine
855 2519 933 2554 rertus
945 2504 1016 2568 vulgo
1027 2505 1113 2570 legitur
1123 2521 1128 2551 ε
1137 2509 1235 2568 partitus

186 2577 319 2636 ovantque:
331 2573 396 2636 quod
408 2573 489 2621 Latine
500 2579 538 2622 ris
550 2577 597 2624 dici
609 2591 676 2640 posse
688 2577 791 2639 Scaliger
800 2593 896 2644 quoque
907 2577 996 2624 notarit
1005 2591 1011 2622 z
1019 2579 1103 2640 purtim
1117 2583 1234 2640 utrumque

186 2655 285 2688 mum.
301 2645 349 2690 Nec
364 2647 465 2692 suaviter
476 2659 534 2709 puto
547 2647 634 2696 dictum
650 2664 699 2697 csse
712 2649 825 2696 Admouet
839 2651 902 2712 operi
913 2663 1007 2704 mnus,
1021 2649 1131 2712 pore'tus,
1146 2655 1235 2693 utrom-

185 2728 241 2778 que,
254 2728 281 2762 ut
292 2731 372 2764 nunus
385 2725 504 2784 unamque
513 2723 605 2784 jungas.
617 2723 670 2786 ipse
683 2739 696 2770 e
707 2735 760 2770 mss.
773 2723 862 2786 proiert
870 2723 967 2786 partitus
979 2721 1083 2784 utrique,
1094 2719 1143 2767 scil.
1154 2723 1234 2769 manui

185 2800 259 2850 opus:
273 2788 353 2834 malim
366 2793 464 2853 pertitus
476 2795 595 2858 utrinque,
607 2793 657 2841 scii.
675 2809 748 2858 opus,
766 2807 793 2840 ut
804 2793 834 2842 ab
849 2805 949 2858 utraque
963 2805 1034 2838 manu
1047 2801 1198 2848 tructarum
1211 2804 1235 2838 et

185 2857 271 2906 obtulit
280 2858 325 2906 hoc
337 2860 399 2908 idem
413 2877 455 2912 uta.
469 2863 564 2910 Koeier.
574 2889 605 2902 —-
617 2865 654 2912 26.
666 2866 819 2913 osunen...
828 2865 904 2914 orbem
919 2865 1074 2926 manuscripts
1089 2859 1158 2908 lectio
1171 2861 1234 2926 apud

186 2973 401 3069 bebatur,ffiutu
412 3007 604 3063 fcreiibrururn
616 3023 688 3080 erat,
731 3023 810 3064 trente
824 3006 1112 3080 immobiii‚superius‚
1126 3001 1232 3078 quodr.

187 3093 217 3132 nt
228 3083 327 3153 Opusc.
340 3086 371 3136 T.
385 3089 411 3150 Ι,
431 3107 456 3158 p.
475 3087 522 3142 251
539 3110 569 3142 ex
583 3089 686 3144 Catone
734 3091 767 3143 26
786 3091 871 3141 orbem
889 3085 1025 3160 uppeiiat,
1042 3087 1233 3136 circumactum

187 3158 222 3212 de
234 3161 265 3214 R.
285 3164 314 3214 lt.
333 3163 366 3216 56
381 3164 482 3218 docui:
500 3171 549 3220 etsi
568 3169 602 3221 ud
621 3169 688 3222 iliud
733 3171 825 3221 attritu
838 3185 923 3238 gruna
934 3168 1077 3238 frangeret.
1091 3162 1233 3217 Successu-

187 3253 308 3292 exuotum
327 3243 408 3296 inisse
425 3244 579 3298 demensum
600 3249 688 3300 coloni
733 3260 775 3300 rat
787 3266 818 3300 eo
830 3247 907 3298 tnoiae
918 3247 1050 3317 pristino,
1064 3261 1123 3314 quae
1135 3257 1233 3296 morta·

186 3335 296 3372 necesse
316 3340 370 3372 non
388 3336 436 3376 est.
458 3323 514 3376 Sibi
532 3339 558 3378 et
578 3327 688 3379 servulo
733 3327 802 3378 rium
815 3338 888 3390 erat,
902 3327 928 3376 iu
944 3341 997 3394 quo
1010 3319 1111 3393 pistillo
1124 3321 1231 3398 frango-

188 3398 293 3470 Cybniae
312 3403 390 3455 simui
408 3405 506 3455 victum
523 3423 619 3477 parare
638 3423 688 3478 pu·
731 3405 831 3457 buntur
840 3421 932 3476 grona.
942 3401 1115 3454 ministerium
1126 3399 1231 3456 ioeutein

188 3477 285 3532 taudus
298 3495 337 3534 est
349 3481 473 3535 Simulus.
732 3480 908 3554 congerendis
920 3493 946 3533 et
958 3477 1129 3532 infundendis
1141 3486 1231 3554 grauis

224 3559 265 3613 23.
287 3561 389 3630 cauda,
411 3562 552 3634 peniculo,
574 3583 628 3636 quo
652 3561 686 3616 ad
730 3563 875 3614 consistere
890 3559 1079 3614 videmn'i'utn
1095 3559 1233 3618 TurtsaCe·

143 3651 165 3684 1
186 3638 331 3693 r'errendus
344 3659 448 3693 mensus
466 3655 492 3694 ot
508 3642 560 3695 alia
574 3641 685 3694 utebnu·
730 3663 766 3697 res
778 3642 868 3715 rapido
877 3639 982 3695 silicum
994 3637 1147 3692 decurritob
1160 3642 1230 3710 ictu,

187 3731 231 3774 tur
247 3732 357 3773 veteres.
368 3721 466 3774 Docuit
478 3721 550 3775 adh.
568 3723 584 3775 Ι.
602 3721 687 3776 Scuii·
732 3744 757 3776 v.
771 3741 803 3795 27
813 3761 821 3790 ‚
832 3742 916 3796 grana
932 3736 1024 3786 tunsa,
1036 3719 1157 3792 adeoque
1167 3722 1231 3778 furi-

187 3819 245 3873 ger.
266 3801 400 3855 Describit
420 3816 508 3856 autern
524 3803 588 3856 hinc
606 3817 687 3876 pocta
732 3803 845 3870 narn,in
858 3802 1074 3872 subjectumne,
1085 3799 1157 3870 quod
1170 3821 1231 3857 euna

187 3881 287 3933 ruoiuru
298 3883 476 3950 manuarium,
484 3883 630 3942 trusatiient
641 3903 688 3938 seu
733 3885 846 3956 excipit,
858 3881 982 3936 decidere
994 3879 1132 3954 significat.

147 4007 152 4016 .
188 3961 353 4030 versatilem,
362 3963 432 4018 binis
445 3967 513 4018 saxis
526 3967 627 4038 asperis
638 3965 689 4018 sibi
765 3961 1032 4034 26.‘otitem‚lapideru
1039 3960 1231 4028 molarem‚sed

188 4039 226 4094 ita
249 4043 398 4115 impositis,
418 4059 465 4113 ut,
487 4047 613 4100 inferiore
634 4065 690 4100 rna·
734 4047 896 4120 superiorem
914 4046 960 4118 qui
974 4055 1228 4118 perpetuorotatur.
