2970 4714
262 371 302 434 28
510 367 545 429 P.
569 365 801 431 VIRGILII
823 367 1055 437 MARONIS

258 491 509 581 Pollentemque
522 491 597 574 sibi,
610 491 707 558 viridi
719 517 796 558 cum
808 494 943 582 palmite
954 495 1073 564 ludens

257 602 388 667 Tmolia
400 604 578 692 pampineo
590 601 704 668 subter
714 625 810 668 coma
821 604 908 670 velat
918 607 1050 672 amictu.

257 708 309 772 Illi
322 724 398 774 sunt
410 725 508 798 gratae
521 726 668 774 rorantes
679 708 763 775 lacte
775 710 922 798 capellae,

256 815 299 877 Et
310 837 443 894 nemus,
458 832 490 878 et
502 813 644 879 fecunda
656 815 762 896 Pales,
777 833 810 879 et
822 816 961 884 vallibus
974 818 1047 882 imis

255 920 392 1009 Semper
404 943 503 1009 opaca
515 922 609 986 novis
622 922 788 986 manantia
799 921 947 988 fontibus
958 939 1060 988 antra.

254 1027 336 1109 Quis
347 1029 449 1116 magis
462 1043 574 1116 optato
586 1044 686 1116 queat
699 1049 770 1092 esse
782 1026 911 1091 beatior
922 1049 1008 1108 aevo,

242 1133 360 1216 'Quam
373 1135 429 1224 qui
441 1151 552 1199 mente
562 1133 680 1223 procul
691 1155 774 1222 pura
786 1155 953 1223 sensuque
965 1133 1137 1222 probando

253 1241 327 1304 Non
339 1237 449 1306 avidas
461 1240 594 1330 agnovit
606 1261 783 1328 opes;non
796 1240 900 1304 tristia
911 1239 1012 1320 bella,
1266 1254 1297 1302 to

252 1347 320 1411 Nec
332 1347 462 1412 funesta
474 1348 569 1412 timet
580 1343 696 1410 validae
708 1346 888 1411 certamina
900 1345 1026 1426 classim

200 1453 207 1463 '
252 1453 341 1535 Nou,
355 1453 467 1542 spoliis
480 1449 562 1515 dum
574 1467 684 1515 sancta
697 1449 797 1515 deum
810 1451 1013 1540 fulgentibus
1027 1469 1122 1517 omet

251 1560 404 1648 Templa,
418 1557 471 1622 vel
483 1573 616 1622 evectus
629 1555 729 1619 finem
741 1554 952 1620 transcendat
963 1555 1122 1636 habendi,

253 1737 349 1796 otiaque
358 1735 382 1776 r'n
392 1735 438 1776 vita
450 1732 473 1776 d.
483 1731 571 1794 froude
587 1739 673 1776 nmen
684 1743 740 1776 vett.
758 1730 812 1778 edd.
826 1731 889 1793 apud
901 1729 979 1776 Barth.
992 1731 1087 1778 Advert.
1099 1731 1154 1787 XX,
1169 1746 1203 1792 ¹9·
1213 1758 1244 1768 -
1256 1734 1294 1797 73.

250 1802 281 1865 74
289 1800 444 1863 Expectabam
453 1816 506 1846 cum
516 1801 595 1846 lleint.
610 1812 633 1846 et
641 1800 677 1846 Jo.
689 1799 812 1846 Schrader.
821 1817 826 1846 :
837 1799 1004 1864 Pollentemque
1013 1803 1060 1856 sui,
1070 1801 1101 1845 Ut
1108 1808 1188 1864 potens
1196 1804 1244 1858 tui,
1254 1805 1295 1866 qui

252 1875 278 1917 in
289 1883 404 1934 potestate
413 1887 454 1918 tua
466 1884 513 1928 eat,
525 1887 569 1917 nec
581 1888 594 1916 a
605 1871 675 1918 rebus
686 1873 787 1918 externit
798 1873 945 1935 fortuneque
955 1871 1045 1918 ratibus
1056 1871 1151 1934 pendet.
1162 1871 1217 1918 Mor
1225 1873 1295 1937 vulgo

250 1941 334 1992 lucent.
347 1945 375 1990 At
390 1943 468 1990 luderis
479 1942 562 2006 Scalig.
576 1961 604 1991 ea
613 1957 659 1991 ret.
675 1959 730 2001 ηις
747 1943 842 2001 ludent,
860 1963 873 1992 a
889 1945 945 1992 llatu
956 1947 1019 1992 venti
1033 1943 1128 1991 trilicet.
1141 1945 1220 1992 Heint.
1230 1950 1294 2010 conj.

251 2015 336 2062 nubens
356 2014 437 2061 Ulmen
447 2032 486 2078 p.,
502 2029 541 2072 ut,
554 2014 628 2062 ulmus
644 2018 738 2072 marito,
755 2018 824 2063 nimir
836 2018 964 2078 ingeniote.
984 2017 1050 2062 Viteo
1065 2033 1078 2062 a
1092 2016 1294 2064 Bemboillatttm:

249 2099 317 2134 antea
326 2086 397 2148 vulgo
406 2086 505 2134 lectum:
516 2086 610 2144 Mollia,
620 2089 684 2151 quod
693 2088 816 2134 Attenuare
824 2087 936 2150 explicat,
946 2085 1055 2135 molliter.
1066 2087 1218 2134 Emendatum
1230 2092 1295 2135 Tmo-

251 2159 281 2205 lia
293 2177 305 2204 a
315 2158 397 2221 Scalifl.
408 2175 420 2205 e
430 2157 499 2206 libro.
511 2160 546 2206 lta
556 2171 632 2206 tamen
642 2160 692 2220 jaan
703 2171 757 2206 ante
765 2159 908 2222 Scaligerum
917 2159 1004 2206 lectum
1014 2171 1056 2205 eat.
1067 2159 1125 2206 Nam
1135 2172 1196 2206 extat
1209 2158 1295 2206 Tmolia

249 2233 275 2276 in
283 2227 340 2276 Julii
351 2231 473 2292 Pomponii
486 2233 692 2294 interpretatione5
702 2242 752 2276 tum
762 2233 787 2278 in
797 2231 836 2276 ed.
846 2230 930 2277 Aldina
942 2233 1026 2276 minor.
1037 2247 1107 2278 carm.
1114 2263 1121 2288 ,
1133 2230 1188 2277 him:
1200 2233 1225 2276 in
1237 2230 1292 2278 edd.

247 2300 307 2346 Ven.
326 2299 392 2357 1541.
413 2299 482 2358 1558,
497 2301 551 2348 edd.
570 2301 659 2348 Fabric-
679 2313 737 2358 eto,
752 2301 824 2364 idque
838 2300 985 2348 hauddubie
997 2318 1078 2348 rerunt
1091 2318 1097 2348 :
1117 2304 1169 2365 quia
1184 2299 1293 2346 Tmolum

249 2370 339 2416 nescit?
350 2387 371 2417 ν.
388 2371 430 2417 Ge.
443 2372 476 2428 ll,
488 2371 526 2432 98.
538 2374 682 2419 Sententiam
696 2384 773 2418 antem
783 2370 856 2417 nolint
868 2372 898 2417 ad
909 2371 1021 2418 corollam
1033 2375 1193 2436 pampineam,
1207 2370 1249 2418 ted
1263 2371 1293 2417 ad

249 2439 408 2490 umbraculum
417 2445 517 2501 vitrum,
530 2444 617 2491 reierre
623 2478 630 2500 ,
640 2444 683 2490 tub
693 2460 741 2506 quo
748 2443 832 2490 tedeua
839 2443 938 2505 agricola
948 2443 1021 2507 frique
1028 2456 1113 2507 captat.
1125 2442 1292 2490 Scilicetroma

247 2512 349 2571 Tmolia,
359 2531 412 2561 cum
421 2515 518 2578 palmite
527 2518 665 2578 pampineo,
678 2514 740 2562 relat
747 2531 801 2562 eum
810 2515 890 2562 tnhtet·
898 2518 983 2562 amictu
993 2531 1125 2578 purpureo,
1135 2513 1292 2572 (umbraculo)

248 2582 339 2630 ludent.
352 2587 431 2632 Heius.
442 2603 485 2648 pro
497 2585 558 2632 velut
572 2590 635 2650 conj.
652 2584 719 2632 celet.
729 2611 757 2621 -
772 2587 810 2648 75.
826 2586 926 2649 qruvidoe
937 2589 1023 2631 roranti
1032 2584 1047 2630 l.
1059 2602 1080 2631 c.
1094 2587 1156 2646 conj.
1169 2585 1248 2630 ll'eint.
1259 2609 1292 2620 -

247 2652 285 2714 76.
298 2654 329 2698 Et
342 2655 419 2702 Venus
430 2669 477 2702 ant.
488 2656 543 2703 edd.
554 2669 608 2703 ante
618 2656 711 2713 hemia,
721 2656 763 2703 ted
774 2655 815 2702 illa
825 2655 869 2702 dea
881 2654 957 2702 aliena
968 2668 1003 2701 eet
1011 2654 1073 2700 abh.
1083 2654 1100 2699 l.
1112 2655 1143 2699 Et
1149 2670 1218 2716 pecua
1227 2657 1289 2718 conj.

244 2722 282 2767 Jo.
301 2722 435 2781 Schrader„
449 2725 492 2772 aed
503 2725 529 2772 id
540 2725 598 2772 latet
612 2728 637 2773 in
656 2741 752 2772 nemore.
761 2747 762 2754 ¹
770 2735 793 2772 et
802 2725 826 2788 f.
841 2723 909 2788 polae
921 2740 963 2772 mt.
976 2725 1039 2787 apud
1052 2723 1150 2786 Scaliq„
1165 2739 1250 2787 prave:
1267 2738 1291 2772 et

245 2793 317 2837 miror
325 2793 502 2841 Tatthmannum
513 2795 575 2842 illud
586 2799 709 2859 recepitte.
719 2797 824 2842 Tandem
835 2797 861 2840 in
873 2796 919 2842 [ine
931 2809 1010 2843 verant
1023 2803 1044 2839 et
1057 2793 1154 2839 vallibus
1167 2797 1227 2839 intus
1240 2796 1290 2842 bini

245 2861 314 2908 codd.
329 2865 452 2928 Scaligeri,
464 2869 518 2930 qui,
530 2879 556 2914 ut
567 2866 639 2924 tolet,
658 2867 812 2914 arehaittnnm
828 2866 992 2930 amplectitur:
1008 2863 1072 2911 idem
1084 2883 1097 2912 e
1110 2864 1196 2912 scheda
1207 2865 1291 2914 Pitheci

246 2931 338 2978 laudat:
348 2943 371 2978 et
381 2934 454 2982 mollia
464 2935 572 2993 Iacchum
581 2937 645 2985 haud
657 2937 729 2984 dubie
739 2954 767 2984 ex
776 2936 971 3000 interpolatione,
982 2937 1024 2982 etti
1033 2934 1139 2981 Barthiut
1150 2935 1176 2982 id
1187 2935 1289 2998 amplec-

245 3005 302 3048 titur
313 3003 407 3051 Adrera.
420 3007 484 3063 XXI,
497 3006 520 3053 3.
535 3017 558 3053 et
572 3006 632 3054 valle
646 3008 689 3054 aab
698 3011 743 3054 inm
752 3007 921 3064 mulinheim,
936 3005 1001 3070 quod
1011 3020 1066 3052 tane
1077 3005 1181 3068 politiua.
1193 3007 1248 3052 Mor
1260 3023 1289 3069 77

246 3075 339 3138 Semper
354 3081 416 3122 novis
428 3079 507 3141 jungit
522 3079 620 3126 Taubm.
638 3078 720 3126 Malim
738 3079 803 3143 quod
814 3081 839 3125 in
852 3089 947 3141 promtu
959 3090 1007 3124 ett:
1022 3078 1115 3140 Semper
1129 3094 1198 3142 opaea
1213 3087 1287 3125 annu.

242 3149 302 3194 Sunt
316 3149 379 3194 enim
390 3153 442 3196 novi
452 3149 546 3213 souma,
563 3152 622 3207 riri,
634 3166 758 3214 perennet.
768 3177 799 3187 -
809 3150 846 3213 78.
865 3151 911 3210 Qui
925 3148 1028 3213 Scaliger
1037 3165 1064 3196 ex
1074 3163 1121 3196 uno
1133 3150 1185 3196 cod.
1200 3162 1222 3198 et
1233 3161 1287 3198 vett.

244 3216 297 3263 edd.
308 3217 405 3280 profert.
416 3223 486 3284 meqtit
495 3220 580 3268 lentim
588 3237 632 3284 pro
641 3220 755 3270 alterutro
760 3255 769 3278 ,
778 3220 876 3278 lentim,
885 3219 923 3269 vel
935 3224 1005 3288 mnqia
1014 3220 1107 3268 beatus:
1123 3237 1205 3284 parum
1215 3237 1287 3268 accu-

243 3301 300 3336 rate.
317 3289 363 3336 Sed
381 3291 485 3355 exempla
503 3307 633 3356 congerunt
651 3293 718 3357 plura
737 3292 820 3356 Scalig·
836 3307 859 3340 et
870 3294 981 3351 Taubm„
994 3296 1063 3342 etiarn
1078 3310 1105 3340 er
1119 3293 1287 3357 Aristophane:

239 3355 274 3407 τίς
285 3353 331 3421 γὰρ
342 3359 429 3422 ’γίνοιτο
439 3361 531 3423 μᾶλλον
546 3357 686 3427 iassteirtptt·
700 3364 789 3424 Quidni
803 3377 880 3410 tamen
886 3365 985 3428 jungat:
1001 3380 1048 3410 oevo
1061 3367 1130 3426 unqu
1141 3371 1229 3425 optato5
1241 3364 1287 3408 vita

239 3429 353 3476 feliciore.
368 3433 447 3480 lleint.
461 3437 553 3482 emend.
569 3437 673 3499 optando.
684 3461 718 3474 ·-
731 3452 771 3500 79.
782 3452 852 3500 puras
862 3449 885 3482 et
896 3452 975 3483 seruus
988 3446 1044 3482 vett.
1058 3433 1113 3480 edd.
1125 3444 1197 3479 mente
1207 3443 1287 3496 potens

242 3502 304 3561 c⁰¹³l·
319 3501 412 3558 Heius„
428 3506 498 3551 item:
514 3519 627 3572 reatuque
644 3510 767 3572 probando.
782 3508 828 3555 Sed
844 3509 940 3554 omnino
951 3520 1031 3553 verena
1047 3515 1081 3549 ert
1092 3500 1146 3548 mali
1158 3506 1284 3548 commatir.

241 3567 335 3624 Voluit,
345 3573 386 3632 qui
394 3570 462 3627 imit,
474 3574 568 3622 dicere:
580 3579 636 3623 dum
650 3579 766 3641 proculae
776 3581 893 3634 continet,
905 3587 1054 3636 mentemque
1065 3588 1148 3634 pinam
1158 3586 1181 3617 et
1193 3587 1286 3617 sentum

241 3639 400 3702 P¹⁰b²⁰d¹1¹¹¹t
415 3646 486 3689 mimi
498 3651 642 3708 propotitnm
653 3662 742 3695 rectum
752 3663 840 3706 renat,
852 3663 899 3696 non
911 3649 1002 3712 aptavit
1011 3658 1082 3705 opem
1093 3657 1141 3688 ”0¹¹
1150 3645 1247 3704 ἏΡΡθῐίῑ·
1255 3667 1286 3678 ··

240 3711 277 3756 80.
290 3725 330 3756 aec
341 3719 369 3755 tr.
378 3713 442 3759 Vom.
454 3731 507 3761 cum
515 3729 571 3762 vett.
582 3717 636 3763 edd.
645 3724 744 3782 nqnmcit
752 3723 818 3766 Vota.
831 3735 877 3768 non
884 3719 963 3765 avidas
972 3714 1064 3761 ὑιὴιὶινίι
1074 3729 1126 3776 opes
1136 3714 1215 3760 lleine.
1225 3729 1284 3776 prae-

239 3781 301 3828 clare
313 3785 375 3844 conj.
382 3817 389 3838 ,
402 3784 528 3849 laudatque
541 3804 570 3833 et
580 3787 709 3836 Prudentia
721 3791 746 3836 in
757 3791 879 3855 Psyehom.
890 3791 984 3853 preteeti
999 3785 1103 3849 ponderet
1119 3799 1187 3830 axem
1200 3786 1285 3846 Deficit

239 3851 327 3897 inhians
335 3851 448 3899 obtutibus
460 3871 513 3902 cum
522 3855 552 3902 al.
567 3872 603 3902 ea.
613 3881 644 3892 -
653 3856 691 3902 8¹.
704 3860 752 3904 Nee
760 3861 783 3922 f.
797 3868 856 3906 tenet
864 3871 919 3907 vett.
931 3856 999 3914 edd,
1013 3867 1036 3901 et
1045 3853 1127 3900 valada.
1137 3880 1168 3890 -
1178 3854 1283 3912 82....Sl.

242 4004 314 4058 loetrrr
324 4018 350 4057 et
363 4004 454 4060 ludent
466 4011 549 4060 otium
567 4010 637 4062 fallit
648 4023 736 4062 cantu.
783 4013 848 4063 mini
864 4028 959 4082 pugnae
976 4009 1085 4080 objicit,
1104 4007 1166 4060 dum
1186 4015 1281 4072 ornet,

275 4087 347 4139 Se...
358 4087 400 4153 ssl·
416 4089 472 4155 Qui
485 4107 540 4143 non
554 4104 636 4162 capnt
648 4089 741 4144 distri·
784 4091 811 4146 h.
826 4111 848 4145 e.
862 4109 894 4144 eo
907 4090 1036 4158 consilio,
1049 4101 1079 4144 ut
1092 4088 1208 4142 hostium
1219 4105 1281 4160 spo-
