2986 4694
614 423 760 489 nlnls.
1152 431 1210 497 133

170 545 326 639 Undique
339 549 505 640 conquirit
516 545 664 614 nubendi
677 547 792 614 sedula
804 571 942 618 caussas.

169 655 356 720 Tentontnr
366 658 479 745 petriae
492 655 661 722 submissis
672 654 809 722 vocibus
821 679 931 738 aures,
1169 674 1215 721 355

168 759 427 853 Laudenturque
437 762 534 828 bonae
545 763 634 852 pacis
646 761 749 844 hona3
760 764 884 828 multus
896 765 1017 854 ineptae

169 867 312 956 Virginis
325 869 458 934 insolito
468 891 577 936 sermo
589 891 695 934 novus
708 887 794 934 erret
806 869 840 933 in
852 892 920 935 ore.

168 974 265 1038 Nunc
276 991 418 1040 tremere
430 976 580 1042 instantis
592 975 670 1040 belli
683 974 967 1056 certomiondicit,

169 1079 456 1170 Communemque
469 1083 585 1146 timere
598 1081 714 1160 deum;
727 1103 816 1145 nunc
828 1081 914 1168 regis
926 1082 1064 1163 emicem

169 1186 321 1275 Namque
333 1187 406 1276 ipso
418 1188 520 1252 verite
533 1203 581 1252 est
594 1185 704 1252 orbari
715 1202 826 1251 maestn
838 1203 989 1274 parente,
1170 1201 1216 1250 sss

170 1293 254 1356 Cum
266 1295 349 1358 Jove
362 1294 547 1358 communis
561 1293 618 1382 qui
631 1290 801 1381 quondum
813 1291 960 1359 habuere
973 1310 1127 1383 nepotes;

169 1398 266 1462 Nunc
279 1399 378 1463 etiarn
390 1397 530 1469 conficte
542 1396 620 1464 dolo
632 1395 805 1464 mendacia
816 1399 906 1488 turpi

172 1503 316 1582 Invenit,
331 1519 363 1568 et
375 1501 490 1567 divum
502 1519 603 1568 terret
616 1501 795 1569 formidine
807 1505 903 1584 civis,

171 1611 268 1672 Nunc
279 1607 341 1674 alia
354 1631 393 1674 ex
404 1609 490 1689 eliis,
504 1633 566 1674 nec
578 1608 713 1690 desunt,
727 1609 838 1674 omine
851 1611 979 1698 quaerit.
1077 1651 1081 1672 .

170 1713 259 1794 Quin
271 1714 369 1778 etiam
382 1729 487 1780 costos
499 1738 577 1779 ause
590 1731 640 1779 est
651 1737 871 1804 conrumpere
883 1731 993 1778 rates:
1172 1727 1217 1777 365

172 1817 231 1898 Ut,
245 1843 349 1908 quum
361 1843 444 1886 caeso
456 1821 512 1910 pio
524 1817 696 1886 cecidisset
708 1820 840 1886 victims
852 1821 955 1899 ferro,

171 2013 217 2060 hoc
230 2031 242 2061 e
254 2015 404 2063 Callimacho.
416 2041 448 2054 —
459 2017 512 2064 356.
526 2017 578 2080 357.
591 2019 726 2064 Laudentur
735 2020 843 2082 pacisque
855 2015 919 2062 sona·
930 2015 988 2061 bone
1003 2030 1045 2062 ms.
1060 2015 1130 2062 Busil.
1148 2020 1222 2080 mepte

175 2085 273 2150 Virqmis
283 2085 377 2132 insolite
388 2098 444 2134 vett.
455 2085 523 2143 edd,
536 2090 605 2134 etiam
620 2086 704 2142 Aldd.;
718 2090 807 2149 primns
821 2085 955 2132 emendarit
968 2085 1080 2131 Pithoeus.
1097 2086 1154 2133 Alie
1166 2086 1221 2135 edd.

171 2155 251 2218 inepte.
261 2181 293 2191 -
302 2157 355 2220 359.
366 2159 510 2204 Communem
522 2159 588 2203 deum
603 2176 624 2205 v.
639 2159 693 2204 Not.
707 2157 796 2204 laudet
807 2157 888 2203 Heius.
900 2155 964 2220 Eleg.
978 2155 1007 2202 nd
1018 2155 1140 2202 Messalam
1153 2159 1222 2205 Com-

171 2241 262 2272 munem
277 2225 330 2272 belli
344 2243 384 2274 nec
401 2232 526 2275 meminisse
543 2231 617 2275 deum.
637 2231 671 2275 lte
689 2242 767 2275 tumen
783 2226 838 2273 belli
851 2241 931 2274 noster
946 2229 1054 2273 omittere
1070 2243 1119 2274 non
1132 2228 1222 2276 debuit.

173 2299 265 2346 Greene
276 2315 282 2346 :
294 2299 432 2362 afflinem...
440 2303 507 2346 deum
517 2299 585 2363 legit,
597 2303 678 2348 lovem
688 2299 738 2347 scil.
748 2301 820 2360 Cujus
833 2312 911 2346 temen
922 2311 1031 2362 respectu
1041 2301 1072 2345 its
1082 2299 1129 2347 diei
1139 2304 1224 2364 possit,

172 2383 221 2414 non
233 2369 311 2417 video.
323 2397 355 2407 —
368 2373 453 2428 Porro,
471 2375 529 2436 reqis
542 2374 620 2417 amicis
636 2383 691 2419 vett.
709 2371 763 2418 edd.
779 2383 802 2416 et
815 2369 884 2417 Aldd.
902 2387 954 2416 curn
970 2387 1011 2417 ros.
1029 2369 1097 2416 lissil.
1112 2376 1224 2419 amicoss

173 2437 264 2485 Pithoeo
276 2440 423 2503 proiectum:
439 2455 497 2505 pum
510 2454 535 2487 nt
546 2443 588 2497 sit,
604 2455 643 2487 eos
654 2437 695 2486 illa
707 2443 789 2486 timere
801 2440 867 2486 dicit.
885 2439 931 2486 Sed
948 2451 1010 2485 totus
1021 2437 1087 2484 loeus
1102 2439 1155 2501 359.
1169 2439 1223 2490 360.

173 2507 226 2555 361.
238 2521 271 2556 est
279 2524 370 2572 pannus
379 2523 476 2558 assutus.
486 2537 518 2548 -
526 2512 578 2557 360.
590 2515 695 2576 Namque
705 2514 752 2574 ipso
761 2514 832 2558 verita
843 2519 879 2556 est
888 2509 967 2557 ornari
977 2517 1059 2574 mesto
1066 2519 1167 2574 parente.
1175 2507 1223 2556 Mi·

171 2595 239 2639 utms
256 2576 350 2644 ilperini
365 2596 399 2630 est
410 2583 540 2646 Scaligerm
552 2581 609 2629 mihi
617 2582 740 2630 ridebatur
753 2599 801 2630 esse
813 2583 921 2629 monachi
936 2584 1030 2645 ineptus
1041 2580 1106 2628 lusus
1118 2600 1145 2629 ex
1160 2599 1225 2631 mer·

173 2653 239 2714 gine,
249 2669 296 2700 uns
303 2671 357 2701 cum
366 2668 479 2718 sequente
489 2671 557 2702 versu
566 2671 572 2701 ε
582 2657 639 2702 Cum
648 2658 703 2702 Jove
712 2669 839 2701 communes
849 2657 890 2720 qui
897 2654 1011 2718 quondam
1022 2652 1119 2701 imbuere
1126 2663 1225 2718 nepotes.

174 2722 313 2786 Sugillsbat,
329 2729 445 2788 suspicor,
464 2725 570 2789 lepidum
587 2741 658 2790 caput
674 2727 769 2784 Jovero,
789 2739 900 2791 tanquam
914 2727 1023 2790 quicum
1037 2741 1118 2771 eorum
1133 2724 1225 2774 filiabus

175 2799 349 2843 consuevisset:
364 2800 395 2844 ito
408 2800 470 2845 eninr
484 2813 620 2844 communes
632 2815 686 2846 curn
701 2799 758 2846 ‚lore
772 2811 870 2860 nepotes
885 2813 912 2843 es
925 2797 1017 2843 filiabus
1028 2799 1145 2858 suscipere
1157 2810 1225 2860 pote·

174 2879 227 2912 runt
238 2883 243 2912 ι
256 2868 367 2915 hactenus
376 2887 398 2916 r.
409 2869 450 2916 301
467 2871 523 2916 Cum
532 2872 599 2926 Jove,
613 2869 708 2916 aliunde
720 2871 807 2931 petitus
820 2881 843 2916 et
857 2871 958 2914 insertus
970 2883 1019 2914 esse
1031 2869 1115 2930 potnit.
1135 2868 1168 2913 its
1180 2867 1226 2914 od·

176 2940 275 3001 scriptus
285 2955 333 2987 esse
343 2943 420 3002 potuit
429 2957 457 2988 ex
467 2940 513 2988 alio
523 2955 591 3005 poete
602 2942 633 2988 sd
642 2960 663 2988 v.
680 2940 721 2998 134
731 2950 797 3004 poter
805 2949 873 3006 osque
882 2955 939 2985 avus
953 2940 1011 2984 idem
1022 2939 1118 3002 Jupiter.
1134 2940 1161 2984 ln
1171 2939 1224 2986 Ald.

179 3009 235 3070 ¹5¹7
256 3011 359 3074 Namque
374 3015 417 3073 ipsi
429 3015 499 3058 uerita
510 3023 560 3059 est:
572 3013 702 3075 orbumflet
714 3021 792 3058 moesto
803 3019 937 3074 parentem:
950 3026 994 3057 nec
1006 3008 1074 3055 aliter
1088 3024 1130 3055 ms.
1145 3009 1226 3056 Helm-

177 3075 248 3131 Μ,
258 3081 302 3125 nisi
314 3079 379 3144 quod
388 3080 466 3126 orbum
468 3083 501 3144 fit
508 3087 580 3146 magis
591 3097 701 3146 corrupte
708 3082 801 3145 legitur.
811 3083 919 3127 Heinsius
931 3079 986 3126 inde
999 3079 1127 3141 relingebat
1136 3095 1141 3124 :
1152 3081 1227 3124 Num-

178 3159 222 3209 que
238 3150 286 3208 ipso
301 3152 371 3194 verite
387 3161 422 3196 est
434 3153 567 3216 eommsan'
577 3156 619 3199 isto
629 3163 736 3216 parente.-
753 3153 882 3214 ingeniose.
901 3150 1000 3196 Putabat
1018 3149 1080 3195 idem
1095 3162 1147 3210 post
1162 3147 1227 3194 hune

179 3215 306 3263 desiderari
318 3233 418 3264 versum.
429 3221 486 3266 Turn
498 3237 581 3283 purum
589 3237 686 3270 venerut
696 3225 721 3269 in
731 3235 846 3276 mentem,
856 3219 906 3266 luec
916 3221 1018 3266 carmina
1028 3233 1077 3265 esse
1087 3217 1227 3280 interpolate

179 3289 294 3333 sexeemis
301 3287 407 3334 locis!-
415 3289 467 3336 362.
476 3293 572 3353 conficto
581 3292 665 3340 Aldina
674 3294 755 3342 erdem
767 3291 841 3339 dedit.
850 3291 953 3354 confecto
963 3289 1018 3337 edd.
1028 3300 1094 3345 vett,
1102 3303 1226 3336 snomore.

180 3356 281 3420 conserto
291 3361 384 3404 Aureus.
394 3369 496 3407 emersa
509 3363 603 3409 heusis
615 3363 632 3409 Ι.
642 3381 662 3410 c.
672 3389 701 3401 -
713 3362 766 3418 364.
784 3364 851 3408 Nunc
863 3361 908 3407 eliis
920 3376 949 3406 ex
960 3357 1023 3414 atus,
1036 3373 1076 3404 nee
1088 3359 1169 3404 desum
1180 3376 1228 3406 om·

179 3433 229 3484 nie,
245 3435 327 3494 querit
338 3430 434 3478 eliorum
447 3433 502 3479 edd.
515 3445 550 3481 est
561 3434 644 3491 lectio,
656 3451 708 3499 qne
720 3449 772 3481 mss
782 3436 882 3496 argutias
891 3431 969 3478 habet.
981 3431 1076 3487 Sedes,
1088 3447 1140 3494 qne
1151 3431 1229 3495 subji-

180 3503 287 3558 ciuntur,
304 3505 378 3549 omino
387 3503 518 3566 postulant,
535 3521 587 3568 qne
600 3505 681 3552 Aldina
695 3506 777 3561 habet,
795 3517 818 3551 et
830 3503 931 3566 Scaliger
942 3502 1043 3549 reduxit.
1056 3503 1083 3548 ln
1093 3503 1139 3549 line
1148 3519 1228 3551 versus

180 3579 290 3636 querunt
299 3584 355 3619 vett.
369 3573 423 3620 edd.
430 3609 437 3632 ,
453 3575 527 3631 male,
546 3593 599 3623 cum
609 3593 651 3623 ms.
664 3576 732 3624 Basil.
742 3600 774 3612 -
783 3574 836 3622 366.
850 3573 903 3636 367.
915 3571 1000 3620 Aldina
1009 3570 1080 3618 lectio
1092 3585 1138 3628 est,
1158 3589 1228 3636 quom

218 3742 278 3811 3⁵9.
297 3747 467 3796 Communem
486 3745 564 3798 deum
583 3769 590 3796 .·
617 3747 681 3800 belli
726 3746 824 3798 animo.
838 3744 890 3796 Sed
904 3758 930 3798 et
941 3745 990 3796 inf.
1002 3746 1029 3794 in
1042 3743 1171 3796 Cotelect.
1182 3746 1228 3813 Xl,

79 3879 82 3884 ¹
183 3823 326 3875 fortunam.
348 3824 420 3877 illios
439 3827 552 3878 dicimus
568 3827 681 3878 Mortem
726 3825 777 3891 ⁵0,
791 3827 960 3876 Communem
980 3821 1101 3876 bellinec
1114 3823 1229 3876 timuisse

185 3919 360 3955 communem.
374 3905 600 3958 Leodst‘l'oubm.
615 3897 681 3958 illud
726 3907 812 3957 deum.
835 3906 874 3956 De
897 3903 950 3956 hoe
971 3921 1050 3956 versu
1074 3903 1229 3955 conferatur

186 3982 337 4048 Annibalis,
347 3985 402 4036 Liv.
412 3985 458 4038 lib.
467 3985 555 4054 XXX,
566 3987 600 4038 'so
609 4007 615 4036 ε
625 3997 681 4037 tum
726 3983 805 4038 docte
824 3985 968 4036 Burmanni
988 3998 1068 4048 nota,
1082 3979 1226 4052 Antholog.

187 4069 243 4110 tuus
260 4061 339 4126 uires,
358 4074 413 4114 tum
425 4065 601 4138 nimforttmoe
611 4065 682 4116 Mur·
727 4064 896 4129 Lat'i'omd,
908 4083 970 4136 pag.
984 4079 1041 4133 299.
1054 4062 1092 4116 De
1103 4058 1228 4114 totoloeo

187 4145 289 4210 temque
307 4140 369 4196 belli
384 4161 549 4198 communem
566 4163 683 4217 propone
729 4157 865 4216 corrupto.
876 4163 902 4196 v.
917 4143 946 4194 V.
959 4143 990 4194 Ι..
