2998 4670
357 381 408 445 IN
433 377 820 445 GEORGICORUM
843 378 935 442 LlB.
961 382 1033 446 ΙΙΙ.
1065 377 1068 384 ’
1150 387 1212 468 545

176 502 290 564 lutere.
311 501 370 564 lllo
390 523 544 576 novercae,
566 521 635 583 quoe
657 498 802 560 maleficae
823 514 909 575 sunt,
930 515 1073 581 utuntur,
1093 521 1129 568 ut
1150 530 1214 570 una

178 611 251 650 cum
264 590 381 668 herbis,
397 592 559 670 verbisque
573 590 788 650 incantatoriie
800 589 946 650 mortales
959 590 1147 658 dementent.

218 679 284 753 284.
297 679 438 740 Secunda
447 699 517 761 pars
526 678 600 739 libri
612 691 750 738 versatur
762 679 795 737 io
807 679 923 759 capris,
934 691 964 737 ct
976 679 1103 758 ovibus;
1115 707 1216 768 repre·

177 762 349 848 henditque
368 787 400 826 se
418 767 538 827 tamdiu
555 768 776 825 immorantem
790 766 822 825 in
838 768 1001 841 armentis,
1022 771 1108 850 equis
1124 775 1215 834 nimi·

177 875 263 930 rum,
286 870 317 916 et
338 859 448 931 tauris,
471 859 504 916 in
524 867 612 916 tanto
633 857 783 937 temporis
807 854 972 931 brevitate,
995 855 1085 937 fuga,
1111 867 1216 924 amissi

179 942 275 1002 semel
290 944 377 1004 nulla
390 960 479 1006 tenus
490 947 703 1027 recuperandi.
716 946 769 1005 Eat
780 941 833 1004 hic
847 958 974 1026 supetat,
987 959 1098 1022 restat,
1113 971 1217 1032 super·

180 1046 241 1108 cst,
257 1033 376 1114 reliqua
392 1049 448 1094 est.

221 1123 287 1182 288.
307 1124 427 1207 Duplex
449 1126 604 1184 sententia
623 1121 716 1203 hujus
733 1144 852 1198 versus,
874 1126 976 1206 prima
992 1125 1217 1206 Interpretum‚

178 1223 286 1270 nostra
299 1211 405 1271 altera.
417 1213 512 1271 Aiunt
524 1210 580 1270 illi.
596 1213 655 1271 Hic
668 1213 842 1294 precipuus
854 1210 943 1271 labor
954 1225 1053 1272 vester
1067 1215 1143 1274 situs
1157 1230 1220 1293 est,

180 1318 199 1358 ο
214 1298 334 1374 coloni,
352 1298 425 1360 lrinc
444 1299 569 1360 laudem
582 1313 717 1360 vestram
733 1317 863 1382 sperate.
882 1303 938 1362 Aio
950 1321 1018 1381 ego.
1035 1303 1094 1361 llic
1108 1307 1220 1385 praeci·

178 1407 260 1468 puus
273 1388 361 1448 labor
373 1407 459 1448 meus
473 1391 551 1448 situs
564 1403 622 1463 est3
636 1387 710 1449 hinc
723 1391 827 1450 coloni
839 1388 965 1449 laudem
976 1409 1076 1449 meam
1087 1406 1220 1471 sperate.

177 1474 259 1532 Cur?
268 1477 340 1554 quia
350 1475 533 1537 haecmelius
542 1497 614 1536 cum
623 1477 825 1558 sequentibus
836 1491 1072 1538 connectuntur.
1082 1479 1218 1555 Deinde,

178 1563 294 1622 nesciae
315 1583 371 1622 cur
386 1565 488 1645 major
504 1563 572 1625 laus
589 1569 750 1647 perveniat
769 1567 807 1628 ad
827 1568 960 1627 rusticos
978 1585 1014 1625 ex
1032 1570 1218 1628 tractatione

178 1687 240 1755 equi
255 1685 342 1738 furere
355 1699 380 1738 ct
393 1688 445 1740 alia
457 1707 618 1764 quacunque
632 1711 675 1744 ra·
720 1693 828 1759 peialaa,
846 1693 949 1744 curiose
967 1689 1155 1760 contemplari,
1170 1711 1219 1763 per

176 1768 258 1818 tione.
274 1769 311 1819 lle
326 1787 388 1822 vera
406 1783 493 1822 nutem
508 1771 677 1845 hippomanes
721 1773 826 1844 singula
837 1773 884 1824 ire.
895 1772 1001 1823 Solinus
1010 1769 1057 1821 lib.
1071 1771 1105 1823 ΙΙΙ
1115 1792 1121 1821 :
1132 1770 1219 1842 pluri-

177 1844 241 1898 dicit
252 1865 308 1900 csse
320 1850 407 1916 virus,
421 1847 538 1904 defluens
549 1871 580 1905 cx
594 1872 676 1924 equo·
720 1853 759 1904 mi
778 1853 805 1902 in
824 1851 932 1904 dicendo
949 1843 1026 1902 latias
1040 1851 1219 1912 circumvecti,·

177 1943 236 1976 rum
248 1928 418 1999 inguinibus,
432 1949 486 2000 quo
500 1944 621 2002 tempore
636 1933 676 1985 le-
721 1932 842 2004 adquem
851 1930 1220 1984 locumSalmos.exerc.Plin.

177 2020 273 2061 rantur
283 2013 379 2066 amoris
389 2013 480 2066 furore
490 2035 496 2065 ι
507 2027 536 2066 ut
543 2015 576 2066 sit
587 2015 678 2087 hippo·
720 2030 781 2084 pap.
798 2028 841 2081 97.
851 2012 938 2062 Emm.

176 2105 277 2152 manes,
290 2091 361 2142 virus
373 2105 464 2144 natum
477 2089 526 2144 cini
537 2094 576 2150 aia
589 2095 677 2158 aeriae
758 2092 816 2144 286.
830 2091 955 2144 Hocsatis
966 2090 1094 2142 annmtis.
1103 2089 1222 2142 Annenti

176 2169 216 2223 nis
229 2168 312 2221 ἵππου.
326 2173 395 2224 Seru.
406 2201 442 2212 -
452 2173 573 2227 Tradunt
587 2175 677 2248 Olym·
722 2171 901 2243 appellatione
922 2170 966 2222 hic
988 2171 1126 2222 manifeste
1143 2172 1221 2222 Mero

176 2249 227 2318 pie
242 2249 322 2302 fuisse
336 2270 432 2322 equam
447 2251 591 2318 aheneum,
605 2272 675 2323 quo,
721 2251 923 2322 eqaosetboves,
937 2248 970 2300 de
980 2249 1154 2318 iieproecepta
1164 2269 1222 2301 exe·

177 2327 283 2378 inducta
296 2331 476 2399 Hippomene,
490 2349 573 2402 equos
585 2332 677 2383 furore
722 2341 812 2394 cutus,
821 2324 1031 2397 comprehendit.
1040 2328 1123 2378 Varro
1131 2339 1221 2380 autem

176 2406 369 2461 inflammaret:
390 2410 487 2462 cedde
504 2412 677 2482 ellectuejus
722 2404 756 2458 de
779 2404 870 2477 lingua
888 2404 1002 2469 Latina,
1023 2415 1140 2455 amenta
1162 2405 1221 2456 vult

177 2486 345 2552 Aristoteles,
360 2507 411 2558 qua
424 2488 610 2541 incredulitate
622 2502 676 2557 est,
722 2484 807 2550 dicta,
817 2486 893 2536 tertia
902 2485 997 2535 extrita
1005 2483 1094 2547 litere,
1105 2501 1155 2554 pro
1162 2503 1220 2535 ata·

177 2582 233 2616 rem
252 2569 380 2618 matronis
397 2578 423 2619 et
439 2568 509 2640 sagis
524 2569 677 2620 examinatr-
721 2575 826 2630 menta,
846 2559 928 2616 borel
955 2565 1068 2615 miloni
1092 2563 1218 2617 addicens

178 2643 240 2696 dam
253 2645 391 2719 relinquit,
404 2648 479 2711 Vlll,
490 2647 532 2714 24.
545 2647 577 2701 V.
590 2648 621 2699 G.
721 2645 896 2716 potissimum.
905 2644 997 2696 Festus
1007 2659 1071 2694 vero
1080 2645 1220 2716 Pompeius

215 2725 274 2778 281.
299 2727 407 2778 lentiam
432 2727 507 2778 vino.
530 2725 674 2778 Viscidum.
724 2733 895 2775 tormentum
909 2722 938 2775 id
954 2739 1037 2793 penae
1052 2725 1158 2794 pecoris
1171 2743 1222 2795 ap·

178 2803 247 2855 Sero.
258 2835 293 2844 -
302 2805 421 2858 Destillat
435 2805 466 2856 ab
480 2805 586 2878 inpaine
600 2807 675 2858 vinis.
724 2801 919 2876 apellat‚quod
928 2801 1143 2856 estidoneumad
1153 2822 1221 2876 opus

178 2881 294 2935 Omnino
304 2884 367 2936 hinc
377 2884 467 2936 Tibul.
480 2885 518 2951 ll,
528 2885 562 2951 d:
577 2885 677 2957 Hippo-
723 2909 735 2933 ι
746 2903 888 2937 armorum.
903 2906 913 2930 ι
936 2884 968 2935 Et
986 2886 1147 2954 Pomponius
1173 2884 1220 2936 lib.

179 2977 267 3013 manes
288 2963 387 3032 cupida
410 2962 492 3014 stillat
515 2963 547 3013 ab
571 2965 678 3036 iapaine
719 2964 803 3016 boves
819 2962 853 3015 de
871 2962 944 3015 verb.
961 2964 1026 3032 sign.
1043 2963 1161 3028 «Boves,
1181 2964 1222 3013 in-

178 3056 257 3110 equoe.
269 3040 301 3090 Et
310 3039 431 3091 Lucanus
440 3041 487 3091 lib.
499 3041 548 3105 IX,
559 3059 607 3112 77²
617 3063 623 3092 t
634 3043 678 3094 Li·
724 3068 735 3091 ι
745 3045 811 3117 quit,
818 3055 998 3096 armentorum
1005 3043 1088 3111 magis
1094 3058 1173 3111 quom
1178 3045 1220 3111 ju·

179 3119 280 3190 quitur,
293 3129 319 3169 et
332 3119 406 3189 niqra
421 3117 554 3170 destillant
566 3120 675 3192 inpaina
723 3134 892 3173 amentomm
901 3117 1194 3187 nomineappellantur.
1203 3144 1215 3168 ι

179 3197 242 3249 tabe.
248 3198 281 3248 Et
288 3197 418 3265 interpres
424 3195 544 3267 Sibyllini
551 3199 675 3251 carminis
722 3202 807 3253 Genu.
817 3226 852 3236 -
861 3195 933 3246 Nihil
946 3194 979 3246 de
992 3197 1067 3246 atino
1082 3194 1162 3261 dixit,
1178 3200 1219 3250 ni-

177 3275 260 3328 lib.l:
271 3278 384 3346 Quonam
394 3275 677 3346 mortiferumdestillat
719 3277 758 3330 hil
774 3277 807 3329 de
825 3274 914 3338 mulo,
937 3291 1018 3344 quum
1037 3272 1071 3326 de
1092 3281 1218 3331 armentis

177 3356 210 3407 ab
218 3373 261 3406 ore
273 3372 407 3406 venenum.
420 3353 515 3406 Cerdo.
720 3368 824 3430 ageret:
834 3371 905 3406 nunc
916 3365 1026 3405 etonem
1038 3356 1142 3408 silentio
1151 3377 1218 3428 proe.

215 3435 275 3488 283.
296 3435 505 3505 Miscueruntqae
527 3432 628 3499 arta,
650 3445 677 3485 et
719 3435 816 3488 teribit.
832 3434 864 3488 V.
878 3433 909 3484 G.
923 3463 957 3472 -
972 3434 1089 3504 Superat.
1104 3436 1154 3488 Pro
1172 3455 1218 3490 su·

178 3531 232 3566 non
249 3514 355 3564 innoxia
369 3515 449 3565 uerba.
468 3513 595 3584 Exprimit
612 3531 675 3586 aug·
718 3515 897 3589 pereat.Seru.

179 3608 268 3648 menta
284 3594 390 3646 molitio
410 3611 599 3660 novercarum,
616 3611 675 3664 quae
760 3597 819 3666 287.
842 3594 979 3668 Laaiqeros
1003 3593 1101 3667 apitare
1124 3615 1218 3672 prepes.

180 3677 252 3728 virus
262 3674 350 3726 herbis
361 3685 387 3725 et
399 3671 521 3725 cautibus
533 3672 676 3726 herborum
720 3677 858 3730 Lucretius
873 3686 980 3727 contrat
995 3677 1157 3750 Bucerioeque
1163 3697 1221 3752 pre-

181 3767 284 3814 ermnut
295 3771 405 3824 vpneuo.
418 3753 487 3804 Serv.
721 3775 772 3830 pes.
783 3755 809 3808 8.
819 3756 1021 3826 -Lanigerum
1037 3775 1138 3827 genus,
1155 3759 1221 3810 dixit

216 3835 276 3887 285.
289 3832 398 3906 Sinqula
409 3833 472 3884 dum
485 3832 555 3904 capti
568 3834 678 3885 circam·
722 3837 824 3888 Ennius
834 3853 884 3907 pro
892 3837 995 3888 ovibus.
1004 3836 1157 3908 -Apitare
1166 3841 1221 3892 Aat

180 3924 311 3966 nectamur
333 3931 426 3964 amore.
449 3912 518 3963 Dum
541 3914 678 3984 speciatim
724 3932 833 3982 curare,
848 3927 894 3965 aut
907 3915 1221 3988 parcere—Hirtasqae

180 3995 285 4065 singula
301 3995 482 4048 describimus.
499 3994 568 4046 Serv.
577 4023 612 4034 -
624 3995 679 4048 Cin·
724 3992 843 4066 capellas.
855 3993 886 4042 ld
898 4006 954 4058 est,
969 4005 1086 4047 setosus:
1100 4007 1142 4060 ut,
1154 3995 1219 4048 Hio-

180 4074 314 4141 eamaelti,
332 4073 523 4129 cimamvectari
542 4088 582 4128 est
601 4093 680 4144 aspra·
723 4083 859 4145 satumque
870 4073 1042 4146 supercilium.
1054 4071 1124 4127 Serv.

254 4161 278 4214 5.
1009 4159 1045 4216 3⁵
