2964 4690
365 357 418 421 [Ν
443 347 832 420 ononorconun
856 319 949 414 mn.
975 351 1000 414 t.
1141 353 1198 420 351

157 481 229 542 fuso
242 480 280 540 ad
295 481 495 542 crescentium
507 477 634 558 frugum
649 473 924 557 propagationem,
937 489 1005 536 turn
1021 475 1175 538 imbribus
1189 501 1206 540 e

158 569 236 630 caelo
250 571 364 645 missis,
386 570 424 631 ad
441 569 610 630 utilitatem
624 578 762 624 recenter
776 575 912 622 satorum
926 585 932 620 :
949 563 1053 644 itaque
1067 569 1205 647 particu-

157 655 203 716 las
215 657 448 740 enclicitasipue,
458 662 522 739 que,
534 665 686 735 quaesunt
698 652 731 710 in
744 649 920 732 penultimo
932 664 963 710 et
977 653 1087 712 ultimo
1101 675 1205 730 versu,

157 747 278 827 accipio
293 769 351 828 pro
370 760 445 818 tum,
466 757 547 806 tum:
565 743 652 823 quasi
672 739 720 800 bis
738 753 860 798 tantum
879 738 1002 799 duobus
1017 743 1119 802 modis
1132 765 1206 824 pro-

157 837 265 917 pagari
280 858 326 896 res
340 837 453 897 rustica
468 857 486 894 a
498 835 565 894 Diis
580 823 692 914 possit,
708 851 783 890 nam
794 841 894 890 cetera
906 831 1032 890 inventa
1047 847 1077 892 ct
1090 831 1208 894 laboris

159 923 341 986 mortalium
355 939 445 986 sunt:
459 923 524 984 duo
535 922 607 997 illa,
619 922 773 981 Deorum:

199 1009 246 1086 al.
267 1013 340 1072 Post
358 1026 405 1074 tot
424 1013 569 1072 invocata
590 1009 738 1082 numina,
759 1007 914 1068 convertit
928 1026 959 1066 se
977 1007 1016 1066 ad
1036 1009 1208 1090 Augustum

159 1099 237 1160 mire
252 1102 399 1176 adulans,
419 1122 494 1161 narn
508 1115 538 1160 et
551 1095 616 1179 ejus
628 1099 827 1160 divinitatem
842 1097 903 1156 late
917 1095 1059 1177 preadicit
1071 1112 1101 1156 et
1115 1099 1209 1158 relin-
1269 1099 1271 1106 ’

160 1190 228 1268 quit
241 1191 274 1249 in
287 1188 354 1272 ejus
366 1189 544 1262 voluntate,
566 1189 635 1269 quis
647 1188 730 1246 Deus
742 1207 805 1246 esse
821 1186 908 1259 velit,
929 1199 959 1245 et
971 1207 987 1246 e
1000 1207 1134 1267 quorum
1151 1209 1210 1248 nu·

159 1297 261 1355 mero,
279 1301 406 1360 remque
428 1280 493 1358 agit
515 1278 718 1338 distinctione
739 1274 961 1358 quadruplici:
986 1297 1060 1336 narn
1082 1277 1135 1336 Dii
1156 1291 1210 1338 aut

159 1381 232 1428 sunt
246 1381 415 1440 terrarum,
433 1381 486 1428 aut
505 1368 614 1440 maris,
631 1380 685 1426 aut
699 1365 779 1440 caeli,
797 1380 851 1426 aut
866 1363 1082 1425 infernorum:
1098 1379 1211 1447 tuque,

161 1477 180 1516 ο
196 1457 311 1533 Caesar,
326 1459 366 1518 da
378 1456 458 1517 mihi
470 1477 594 1518 cursum
610 1456 748 1529 facilem,
762 1468 798 1514 tu
811 1475 904 1536 quern
921 1475 1009 1530 mox,
1025 1453 1128 1530 idest,
1141 1467 1212 1537 post

159 1545 273 1621 vitam,
295 1547 448 1605 incertum
473 1559 533 1622 est,
555 1564 625 1626 quae
646 1544 786 1604 Deorum
810 1544 943 1603 concilia
965 1542 1109 1603 habitura
1131 1545 1211 1603 sint:

160 1703 261 1754 minum
270 1705 297 1756 in
305 1705 517 1777 indigitamentis
524 1705 666 1757 inveniun·
709 1705 797 1778 gibus,
805 1703 914 1776 plantis,
924 1723 996 1776 qua,
1009 1702 1085 1755 nullo
1095 1703 1128 1756 de
1140 1704 1213 1756 semi·

161 1793 217 1843 tur,
226 1782 315 1848 idest,
325 1787 352 1836 in
363 1786 438 1836 libris
448 1783 663 1855 pontificalibus:
710 1803 755 1851 ue,
769 1785 816 1838 sed
829 1800 925 1857 sponte
938 1802 987 1837 sua
998 1787 1125 1850 veniunt,
1143 1803 1212 1856 qua-

163 1861 209 1930 qui
227 1874 253 1914 et
269 1865 379 1916 nomina
397 1863 526 1931 deorum,
541 1876 566 1915 et
582 1865 665 1916 ratio·
710 1884 822 1937 rumque
832 1865 1214 1938 seminanobissuntincogni·

161 1955 222 1992 uem
231 1941 351 2012 ipsorum
362 1944 500 1995 numinum
511 1943 663 1994 continent:
710 1957 745 1996 ta.
766 1947 835 1996 Nam
858 1944 891 1998 de
912 1946 964 2010 iis,
988 1962 1046 2015 quar
1067 1958 1212 2016 seruntur,

162 2036 220 2089 qua
234 2023 314 2074 etiam
332 2023 418 2074 Varro
437 2021 511 2075 dicit.
534 2024 602 2074 Nam
616 2022 664 2093 (ut
708 2027 796 2076 statim
808 2023 915 2076 subdit:
928 2025 1030 2096 Quique
1040 2025 1099 2076 satir
1111 2023 1213 2097 [carpum

160 2116 241 2171 supra
252 2101 381 2173 diximus)
390 2103 499 2159 uomina
509 2102 664 2153 numinibus
708 2104 771 2156 coelo
783 2105 917 2156 demittitis
929 2105 1042 2155 imbrem.

161 2197 192 2231 ex
205 2181 300 2235 officiis
313 2195 418 2235 constat
433 2184 568 2253 imposita.
582 2182 665 2234 Verbi
747 2184 788 2238 23.
809 2185 886 2237 Satis.
908 2181 1061 2254 Segetibus3
1085 2195 1127 2249 ut,
1149 2185 1213 2236 Sata

161 2277 259 2325 causa,
272 2277 301 2314 ut
311 2263 345 2316 ab
358 2264 515 2328 occatione,
532 2260 598 2314 deus
613 2263 666 2312 Or·
711 2263 784 2329 loeta,
796 2265 924 2336 boumque
934 2262 1037 2315 labores.
1048 2263 1160 2335 Larpum
1170 2283 1215 2316 au·

161 2351 237 2390 cator
249 2339 373 2394 dicatur=
393 2359 409 2392 a
425 2343 584 2404 sarritione,
600 2339 666 2392 deus
712 2357 764 2396 tem
786 2343 848 2396 coelo
868 2343 1002 2394 demittitis
1023 2343 1127 2394 imbrem
1134 2367 1143 2404 ,-
1165 2364 1215 2415 per

162 2415 296 2471 Sarritor:
309 2440 327 2474 a
342 2421 552 2484 stercoratione,
571 2419 668 2470 Sterci-
711 2422 768 2474 haec
788 2440 886 2493 aquarn
908 2435 934 2473 et
957 2434 1054 2473 terram
1071 2422 1214 2494 significari

162 2494 242 2549 liuius
258 2519 265 2549 ε
282 2518 296 2550 e
319 2501 439 2564 satione,
461 2497 546 2550 Sator.
568 2497 667 2549 Fabius
712 2501 776 2553 vult.
792 2503 862 2554 Serv.
876 2531 911 2540 -
922 2503 1043 2552 imbrem.
1060 2501 1147 2568 Quem
1161 2503 1214 2554 Or-

162 2577 251 2628 Pictor
267 2578 316 2632 hos
337 2579 402 2632 deos
422 2591 578 2640 enumerat,
599 2593 667 2648 quos
712 2582 798 2653 pbeus
811 2579 907 2650 diepam
926 2577 976 2637 mie
991 2595 1086 2632 vocnt:
1105 2595 1131 2633 et
1144 2583 1213 2636 bene

163 2658 496 2712 invocatFlamensacrum
509 2655 619 2709 Cereale
628 2655 667 2706 fa·
711 2662 777 2714 dixit
789 2662 910 2735 turpium:
928 2680 1008 2734 quum
1023 2663 1102 2713 imber
1114 2665 1149 2714 sit
1164 2682 1213 2737 ⁰9·

163 2743 235 2794 ciens
248 2741 348 2794 Telluri
363 2754 389 2795 et
400 2741 508 2806 Cereri,
522 2741 667 2791 Vervaeto·
711 2761 770 2794 men
780 2762 907 2815 aquarum
920 2742 1036 2815 larpiure
1045 2745 1166 2796 curreretis
1175 2743 1215 2816 ef-

163 2821 668 2895 rem,Reparatorem,lnporcitorem,
706 2821 1214 2894 smumnubibus,utApul.loquitur.T.

163 2903 319 2968 lnsitorem,
338 2904 532 2968 Obaratorem,
549 2903 667 2954 Occato-
749 2903 790 2969 ²⁴l·
806 2903 898 2975 Tuque
908 2903 985 2966 adeo,
999 2921 1075 2975 quem
1086 2921 1215 2978 moxquae

163 3000 237 3046 ram,
257 2983 432 3048 Sarritorem,
456 2980 668 3034 Subruncinato·
711 2982 891 3034 sintlabitura
906 2983 1011 3034 cleonem
1029 2983 1213 3049 Concilia,in-

164 3078 219 3110 ram
231 3096 239 3123 ,
262 3061 408 3113 Messorem
420 3101 429 3128 ,
452 3059 667 3126 Convectorem,
712 3071 808 3113 certum
819 3073 862 3114 est.
871 3062 943 3112 Adeo
951 3061 995 3114 hic
1003 3065 1137 3134 precipue
1145 3085 1150 3113 :
1159 3065 1217 3134 qui-

165 3137 352 3206 Conditorem,
365 3139 631 3191 aremarensem.
713 3140 775 3193 dam
781 3141 845 3192 adeo
853 3141 991 3194 abundare
999 3155 1095 3212 putant
1104 3145 1215 3214 antiqua

202 3235 244 3270 aa.
260 3220 361 3292 Quique
383 3237 463 3272 novas
478 3218 548 3270 alitis
557 3247 592 3257 -
604 3235 669 3268 uou-
713 3221 812 3294 ligura,
825 3237 868 3288 ut,
881 3241 957 3274 omne
967 3223 1030 3274 adeo
1041 3242 1122 3295 penus
1132 3224 1157 3275 in
1170 3235 1217 3276 ter·

165 3297 241 3351 nullo
249 3299 448 3373 seminesruper.
457 3297 489 3350 ld
498 3309 552 3365 est,
562 3297 668 3367 aliquo,
713 3302 754 3353 ris.
762 3301 796 3351 Et
801 3303 856 3371 jam
866 3299 992 3352 adulatur
999 3303 1128 3374 Augusto,
1136 3321 1215 3373 quern

166 3390 193 3430 et
204 3377 257 3430 boc
267 3377 348 3441 dicit,
362 3381 407 3451 qui
420 3397 435 3430 a
449 3377 527 3430 nobis
544 3379 615 3446 jacta
631 3393 670 3426 se·
713 3383 783 3434 inter
795 3381 860 3432 deos
873 3383 994 3444 invocem
1015 3401 1065 3434 nee.
1079 3393 1163 3434 totum
1176 3396 1217 3436 ta·

166 3458 239 3510 mina
254 3459 348 3510 vestris
366 3457 512 3510 seminibus
528 3456 607 3510 alitis.
624 3453 670 3506 Se·
714 3481 774 3514 man
792 3461 911 3514 dandum
929 3475 968 3513 est
988 3461 1151 3530 adulationi,
1167 3463 1216 3517 sed

166 3539 239 3591 tulna
258 3551 347 3591 autem
372 3537 437 3590 dicit
460 3537 591 3602 deorum,
613 3533 671 3586 wll
715 3542 875 3594 etveritati:
890 3560 951 3594 narn
966 3546 1219 3612 quumornneslm-

167 3615 669 3693 temperiem,pluvias,teporem;Vel
714 3633 851 3694 pecatores
870 3634 929 3692 post
947 3633 1059 3674 mortem
1079 3625 1131 3674 sint
1147 3626 1218 3678 inter

166 3701 443 3756 nonnulloeemineab
456 3699 609 3753 hominibus
621 3699 670 3752 sei·
715 3702 780 3754 daos
800 3701 890 3766 relati,
907 3701 1042 3774 Augustus
1056 3704 1131 3754 vivus
1149 3702 1217 3757 divi·

166 3783 229 3838 licet
244 3786 334 3854 jacto;
357 3795 402 3848 ut,
423 3784 520 3856 quippe
541 3780 596 3835 solo
620 3799 671 3831 na·
715 3801 764 3836 nos
778 3783 895 3835 bonores
910 3783 1219 3854 emeruit,quodetiam

168 3869 225 3914 tetra
233 3865 329 3926 cubem
340 3861 392 3916 Seu
402 3880 499 3915 rorem.
511 3862 582 3916 Serv.
593 3861 671 3913 Hune
715 3865 807 3916 Horat.
832 3874 945 3915 testatur
965 3862 1072 3930 dicens,
1094 3863 1219 3917 Proeseuti

167 3957 274 3996 sensum
285 3943 355 3996 mule
364 3941 452 3996 Corda
464 3943 545 3996 etalii
557 3959 672 4014 sequun-
716 3945 761 3996 tibi
772 3953 886 3995 maturos
895 3941 1022 4015 largimur
1031 3943 1155 3996 bonores.-
1168 3945 1218 3997 Ju-

168 4032 226 4086 tur;
236 4042 298 4078 nam
305 4037 386 4096 poeta
396 4024 461 4076 mibi
472 4022 541 4078 velle
551 4021 671 4090 videtur,
716 4023 860 4096 eanquue
876 4033 949 4074 tuum
966 4041 1015 4095 per
1030 4042 1123 4076 nomen
1139 4025 1220 4095 poui-

170 4119 233 4156 suos
245 4121 354 4177 quoque
365 4103 466 4161 Genios
477 4107 510 4160 iis
522 4104 603 4160 stetui
615 4103 673 4157 iru-
716 4121 849 4158 musaeus.
862 4100 941 4155 Unde
955 4101 1025 4156 male
1038 4102 1148 4173 quidam
1160 4103 1220 4156 eul-
