2964 4690
301 393 365 482 378

630 392 1011 459 COMMENTARIA

298 516 339 578 lis
355 517 512 600 plumbeis
531 533 597 582 tota
610 523 730 582 circum
744 524 868 583 munita
886 537 948 598 est,
965 541 1035 605 quae
1051 517 1166 582 deinde
1180 539 1363 604 progressa

300 621 349 665 est
361 607 400 666 ad
416 629 501 670 mare
516 613 645 670 invento
656 611 827 687 verriculo,
837 632 902 694 quo
911 631 998 672 mare
1008 613 1158 686 verritur,
1170 625 1203 671 et
1214 609 1363 670 trahun·
1451 670 1454 679 ,

300 711 352 757 tur
367 703 469 780 pisces
488 701 696 783 (verriculum
711 706 796 763 enim
811 702 930 763 lineum
945 705 1048 785 signat
1067 721 1124 784 per
1141 701 1241 780 lina),
1262 703 1360 761 inve·
1455 693 1456 696 ¹

299 805 373 846 nere
387 788 574 866 Ferrariam,
587 811 661 850 nam
673 793 793 851 exstitit
807 793 907 872 rigor,
919 790 1051 851 durities
1063 789 1153 864 ferti,
1166 803 1198 850 et
1211 789 1361 864 lamina,

299 874 383 935 unde
393 876 477 940 facta
491 893 538 940 est
550 895 634 941 serra
648 895 756 962 arguta
770 883 833 962 (sic
846 880 991 942 dicitura
1004 879 1152 955 stridore,
1163 894 1195 940 et
1206 878 1360 960 fragore,

298 979 335 1025 ut
348 983 453 1050 utputa
466 973 521 1046 sit,
533 971 683 1048 stridens,
695 975 914 1056 perstrepens)
926 972 967 1031 ad
981 969 1153 1032 scindenda
1166 969 1269 1051 ligna,
1282 972 1359 1051 pri-

297 1056 342 1113 mi
362 1059 446 1117 enim
467 1058 617 1122 mortales
636 1063 744 1122 cuneis
764 1059 969 1135 scindebant,
992 1058 1128 1141 denique
1146 1072 1228 1118 artes
1252 1059 1358 1117 variae

298 1147 468 1206 exstitere:
491 1171 565 1211 nam
584 1148 662 1232 qnid
680 1171 745 1211 non
765 1149 856 1210 labor
874 1152 997 1225 vincat,
1019 1152 1075 1232 qni
1097 1145 1264 1230 improbus
1284 1146 1360 1207 est?
1450 1181 1456 1237 ,ι

298 1233 376 1314 quid
387 1255 449 1296 non
461 1253 592 1318 egestae,
601 1257 671 1321 quae
682 1253 773 1320 urget
783 1243 898 1299 mirum
910 1242 941 1298 in
952 1237 1095 1314 modum,
1104 1257 1202 1320 quum
1212 1257 1262 1296 res
1273 1249 1358 1296 sunt

299 1321 400 1400 durae,
416 1340 541 1404 tenues,
555 1343 710 1410 anguste,
723 1329 877 1405 adversae,
892 1328 1032 1402 nlllictae,
1048 1345 1179 1410 asperae‚
1194 1328 1324 1386 occisae.

296 1499 455 1555 perperam,
466 1501 492 1540 et
502 1504 596 1542 contra
607 1491 749 1544 verborum
760 1509 799 1543 te-

295 1567 371 1618 riem.
385 1598 418 1606 -
429 1569 495 1622 Sunt
506 1575 553 1642 qui
562 1571 652 1644 legant
657 1573 748 1646 funda
758 1573 795 1625 lo·

297 1655 353 1696 tttm
361 1668 371 1707 ,·
383 1649 497 1700 inversio
515 1653 622 1703 minime
638 1651 797 1724 probanda,

297 1737 324 1778 ct
335 1730 478 1798 asperitate
488 1731 556 1795 soni,
565 1745 676 1802 propter
684 1749 797 1802 sequena

289 1807 349 1877 jam
355 1845 364 1872 ,
379 1811 487 1881 omnino
498 1810 650 1879 rejicienda.
660 1813 748 1862 -llic
757 1831 798 1862 er-

295 1903 356 1937 rare
373 1887 439 1938 milri
457 1888 582 1940 videntur
603 1902 628 1941 et
648 1888 754 1941 Servius
772 1901 799 1942 et

294 1964 354 2033 ipse
367 1967 496 2038 lieynins,
512 1970 557 2038 qui
570 1968 603 2020 de
616 1970 695 2021 maria
710 1971 799 2039 pisca·

295 2045 370 2094 tione
383 2045 534 2118 intelligunt
545 2047 600 2098 olto
610 2058 712 2118 petens:
721 2047 798 2118 (vide

294 2135 389 2176 notam
405 2126 470 2196 139,
486 2140 512 2178 et
523 2127 586 2178 Var.
601 2127 673 2179 Lect.
690 2147 716 2198 p.
732 2143 799 2198 2703

296 2203 350 2254 rol.
364 2206 402 2271 Ι.)
417 2205 549 2279 quidquid
557 2205 595 2259 ibi
603 2205 636 2259 de
645 2219 746 2260 mutata
759 2208 799 2258 in-

296 2287 499 2355 terpunctione,
517 2299 543 2338 et
559 2286 669 2338 audacio
684 2288 800 2358 piscato·

295 2383 356 2416 rum
374 2367 525 2434 invenerit,
544 2379 599 2418 non
620 2376 689 2438 stare
710 2379 799 2438 potest

296 2457 391 2498 contra
403 2447 549 2519 simplicem
561 2445 632 2498 hanc
641 2445 798 2517 explicatio·

295 2539 376 2578 trema
394 2529 509 2598 primurn
524 2527 618 2580 fluvios
631 2528 699 2580 alius
713 2527 799 2582 lunda

296 2603 401 2674 dejecta
414 2609 538 2670 verberat,
552 2606 600 2658 sed
610 2610 647 2660 ita
659 2619 689 2657 ut
698 2606 782 2659 altum
788 2647 797 2674 ,

296 2684 379 2735 imum
397 2687 482 2737 amnis
499 2683 614 2736 fundum
631 2697 739 2738 extensa
753 2705 800 2758 pe·

296 2772 352 2827 tot,
372 2762 406 2814 ed
426 2763 602 2815 involvendos
621 2762 801 2836 colligendos·

298 2859 350 2911 qne
358 2843 457 2912 pisces:
467 2841 568 2894 Gallice
576 2846 654 2915 :jeter
661 2842 797 2914 l’dpmt'er.

295 2919 400 2973 Deinde
412 2921 497 2986 alins,
518 2939 567 2992 par
579 2923 664 2974 maria
677 2923 800 2994 cymbula

297 3011 402 3068 vectus,
414 3001 495 3075 longo
507 3003 576 3054 retia
591 3001 641 3054 sub
660 3001 738 3054 undis
756 3022 800 3055 ex·

294 3081 395 3155 plicat,
408 3095 434 3137 et
444 3083 499 3135 site
509 3081 628 3155 piscihus
639 3083 733 3154 plena,
742 3086 798 3137 sive

295 3182 398 3230 vacua,
410 3163 459 3217 ted
471 3181 576 3236 semper
588 3163 699 3216 humida
711 3176 799 3218 extra·

295 3243 344 3299 bit.
355 3243 473 3298 Gallicet
487 3241 596 3310 attinet,
611 3245 672 3296 tt'rer
683 3243 709 3295 la
718 3244 794 3296 sein-e.

298 3325 330 3378 V.
344 3325 376 3376 G.
588 3391 591 3397 1

335 3404 392 3470 143.
404 3402 475 3456 Ferri
492 3405 569 3477 ripor.
586 3405 703 3456 Daritie's
719 3405 799 3472 ferri„

295 3483 368 3536 unde
380 3503 448 3536 enses
460 3483 537 3556 ripidt'
547 3483 650 3536 fierent.
660 3485 710 3535 Ars
723 3482 800 3534 indn-

295 3561 374 3613 randi
386 3564 468 3628 ferri,
483 3575 509 3614 et
523 3562 573 3628 sub
590 3561 642 3614 hac
655 3566 743 3632 specie
758 3581 801 3614 ar-

294 3653 334 3692 tes
346 3642 483 3692 metallicae
500 3657 593 3693 omnes
607 3643 798 3712 exprimuntur.

157 3758 168 3780 ,
233 3771 235 3774 ,
295 3719 798 3791 -AryutoeserrtmStridnln,aonorte,

296 3814 325 3853 nt
343 3811 435 3873 arputo
450 3801 559 3871 pectine.
579 3801 691 3852 Lamina
711 3813 799 3854 antem

297 3899 388 3948 serre,
399 3879 519 3932 definitio
529 3903 535 3930 :
546 3883 636 3952 portio
648 3881 749 3934 metalli
759 3882 800 3936 di·

297 3961 402 4014 ductior
422 3962 599 4032 tenuiorque;
622 3963 737 4014 crassior
758 3975 800 4015 ta·

296 4061 356 4096 meo
375 4042 495 4094 bractea.
511 4042 552 4094 De
577 4059 630 4114 quo
651 4041 729 4095 Valla
746 4043 782 4094 tv
790 4079 798 4109 ,

297 4124 339 4192 74.
348 4124 448 4178 Plinius
461 4124 542 4178 etiam
547 4121 610 4199 sapi
618 4123 714 4178 sectiles
725 4122 799 4176 lami·

843 1505 891 1544 aas
903 1489 977 1542 dixit.
986 1521 1021 1530 -
1035 1489 1107 1541 Ferri
1122 1488 1214 1560 ripor:
1230 1487 1356 1537 imitatio
1449 1506 1456 1526 ι

842 1569 973 1636 Lucretii,
986 1572 1015 1632 l,
1030 1569 1097 1640 4933
1114 1569 1159 1637 qui
1172 1567 1292 1636 scripsit,
1304 1585 1356 1617 aaa·
1449 1572 1456 1594 “

844 1651 866 1700 ri
872 1647 1073 1723 ripen-Ovid.
1084 1646 1191 1698 Metam.
1200 1644 1270 1709 Vlll,
1280 1643 1355 1709 244,
1455 1646 1457 1693 ἐ

841 1728 945 1782 Daedali
963 1740 1090 1798 nepotem
1105 1741 1198 1778 sermm
1213 1725 1354 1776 invenisse
1455 1755 1456 1790 1

843 1809 931 1860 dicit:
950 1805 995 1861 ille
1010 1809 1088 1859 etiam
1106 1803 1195 1856 medie
1210 1804 1301 1874 spinas
1323 1803 1353 1852 in

843 1891 916 1961 pisce
929 1899 1034 1940 notatas
1047 1886 1127 1937 traxit
1143 1886 1169 1935 in
1178 1882 1351 1952 exemplum,
1451 1904 1455 1945 ρ

843 1969 969 2039 ferroque
989 1964 1084 2018 incidit
1101 1975 1180 2016 acuto
1198 1973 1354 2034 perpetuos

844 2046 953 2114 dentes,
972 2059 998 2098 et
1018 2062 1097 2096 serre
1120 2042 1238 2113 repperit
1256 2057 1350 2091 usum.

846 2126 877 2181 V.
895 2128 927 2178 G.

875 2203 939 2272 ¹145.
947 2205 1022 2256 'Tum
1035 2202 1113 2254 varioe
1125 2217 1213 2252 verr-ere
1224 2209 1298 2251 artes.
1308 2199 1352 2250 Ex

842 2287 1001 2338 necestitate
1013 2283 1115 2337 seilicet
1128 2279 1293 2332 diversarum
1305 2297 1353 2331 re·

843 2383 918 2431 rum,
942 2363 1039 2437 qnibns
1064 2360 1186 2413 homines
1206 2371 1351 2430 coeperunt

844 2465 930 2519 egere.
937 2467 971 2485 —-
979 2445 1063 2496 Labor
1070 2442 1207 2512 improbus.
1213 2440 1261 2491 Vel
1272 2457 1351 2510 mag·

843 2543 913 2591 nus,
929 2525 972 2578 vel
987 2521 1055 2575 nnlll
1074 2519 1239 2592 probabilis;
1255 2518 1349 2570 nnllns

845 2618 885 2657 est
894 2606 965 2657 anim
975 2613 1080 2656 amator
1087 2599 1188 2651 laboris
1198 2620 1203 2649 :
1214 2597 1348 2649 velinde-

842 2686 945 2748 lessns,
959 2681 1101 2741 adsiduus,
1117 2681 1173 2730 sine
1185 2677 1349 2729 moderami-

843 2781 886 2816 ne.
904 2765 939 2813 Ut
957 2760 1027 2812 hanc
1045 2772 1139 2810 vocent
1154 2769 1347 2828 interpretatur

844 2841 954 2895 Salmas.
964 2843 992 2893 in
998 2839 1111 2892 Plinian.
1124 2838 1228 2890 exercit.
1240 2857 1266 2909 p.
1280 2837 1346 2889 368:

843 2924 966 2975 Laborem
977 2919 1134 2991 improlem,
1149 2919 1288 2970 Lucretius
1300 2935 1349 2987 ap·

843 3004 927 3077 pellat
936 3003 1070 3066 eximium,
1077 3009 1250 3073 partientem,
1259 3000 1286 3050 in
1297 3000 1348 3050 ini·

843 3086 882 3136 tio
894 3083 940 3135 lib.
952 3084 992 3134 ll:
1006 3081 1127 3132 «Noctes
1138 3089 1219 3149 atque
1228 3076 1284 3129 diet
1297 3081 1349 3130 niti

843 3174 986 3236 prestante
998 3159 1100 3213 labore.
1113 3181 1124 3206 ι
1140 3157 1214 3208 Duas
1226 3159 1346 3208 inventa—

844 3263 902 3297 rnm
911 3241 1112 3313 disciplinarum
1123 3253 1217 3290 causas
1225 3249 1346 3303 estanar,

844 3323 1026 3396 diligentiam,
1043 3329 1070 3371 et
1089 3329 1292 3390 paupertatem,
1311 3317 1343 3369 de

846 3417 899 3476 q'na
910 3413 980 3474 post.
994 3399 1095 3451 Saecttlo
1108 3413 1190 3448 aureo
1203 3409 1271 3450 artes
1280 3416 1344 3450 nec·

844 3483 908 3536 dum
924 3492 1000 3534 erant
1016 3480 1179 3552 excogitatae.
1190 3479 1342 3550 —Decepti

845 3566 913 3617 serie
924 3563 1085 3616 narrationis
1101 3559 1205 3610 librarii
1220 3557 1326 3629 quidam
1335 3595 1349 3625 „

844 3644 906 3696 loco
925 3641 1006 3696 vincit
1020 3642 1185 3711 scripserunt
1203 3638 1280 3700 vitiu
1297 3639 1344 3690 sed

845 3723 940 3788 vincit,
961 3718 1034 3793 quod
1058 3720 1158 3772 Pierius
1177 3719 1205 3769 in
1222 3717 1342 3771 Mediceo

844 3800 937 3854 codice
956 3803 1073 3872 reperit,
1097 3801 1124 3850 in
1145 3800 1252 3869 optimis
1271 3797 1344 3850 adest

844 3883 992 3936 codicibus.
1008 3883 1039 3933 V.
1056 3883 1087 3933 G.

882 3963 938 4029 146.
958 3963 995 4012 Et
1011 3960 1082 4012 duris
1099 3975 1210 4032 nrpuens
1227 3959 1254 4008 in
1276 3958 1342 4010 relius

843 4053 943 4116 epestas.
967 4041 1043 4110 Pejor
1064 4051 1104 4091 est
1122 4053 1242 4110 egestas,
1264 4055 1343 4108 quam

843 4133 1004 4196 paupertas3
1014 4133 1160 4193 paupertas
1171 4119 1241 4172 enim
1250 4115 1345 4172 hones·
