3000 4674
355 375 732 557 accone
773 431 1091 567 PRIMA.

327 767 425 852 (Vide
435 769 663 852 Argumentum
676 765 837 850 generale,
849 765 912 830 vol.
924 767 953 850 1,
964 789 1036 854 pag.
1047 775 1117 859 73.)

584 1041 860 1124 TITYRUS.

201 1360 1234 1394 mmmmm

612 1607 830 1674 eNattsts.

201 1839 312 1932 Detur
328 1877 470 1933 Meliboeus
486 1895 514 1932 se
529 1881 619 1951 patrio
637 1879 696 1933 selo
716 1877 900 1947 exterminari,
920 1898 1003 1952 quum
1018 1880 1125 1934 interim
1139 1883 1247 1958 Tityros

199 1962 316 2029 otiosus,
329 1973 355 2013 et
364 1959 530 2013 letabundus
540 1957 677 2034 indulgeat
688 1959 823 2014 amoribus
835 1959 1018 2034 Amaryllidis,
1034 1961 1116 2015 1-5.
1130 1963 1248 2019 Enume-

199 2053 243 2092 rct
253 2042 358 2114 Tityrus
371 2039 511 2094 felicitates
523 2057 599 2106 snas,
616 2057 683 2112 quae
695 2043 753 2095 Deo
767 2041 905 2108 attribuit,
920 2041 977 2094 6-
986 2058 1024 2094 ιο.
1040 2043 1101 2096 Pari
1112 2043 1157 2096 filo
1171 2047 1249 2100 Meli·

197 2117 275 2172 bon
282 2119 452 2172 infelicitates
459 2136 535 2184 suns,
545 2131 572 2172 et
579 2131 655 2192 rogat
665 2121 723 2192 quis
734 2118 779 2172 ille
788 2119 874 2188 Deus,
887 2135 1005 2190 11-19.
1018 2120 1092 2174 llibil
1102 2124 1249 2196 respondet

197 2193 305 2271 'l'ityrus
324 2196 357 2251 de
375 2198 447 2264 Deo,
466 2195 514 2250 sed
525 2198 581 2270 agit
592 2209 695 2250 tantum
708 2197 742 2251 de
753 2199 840 2264 Urbe,
853 2199 880 2250 iu
895 2200 983 2269 queis
995 2199 1080 2264 Deus;
1094 2214 1121 2254 et
1132 2203 1248 2276 explicat

198 2277 305 2348 qualem
317 2275 391 2330 illam
402 2278 549 2350 putaverit,
562 2276 668 2348 qualem
677 2279 734 2348 jam
745 2291 835 2351 putet,
848 2280 938 2331 omnia
953 2280 1022 2350 aptis
1036 2285 1248 2353 comparationi«
1324 2331 1328 2340 ,

197 2355 249 2411 bus
260 2369 413 2430 pastorum,
427 2357 548 2411 20-26.
561 2357 663 2426 Querit
673 2357 828 2425 Meliboeus,
841 2377 889 2411 cur
899 2377 956 2412 eam
967 2359 1060 2412 urbem
1069 2360 1161 2414 sidere
1171 2376 1248 2434 opta·

197 2439 282 2490 verit?
289 2435 443 2510 Respondet
451 2437 572 2510 Tityrus,
583 2435 733 2489 libertatem
742 2436 813 2488 hanc
823 2453 894 2505 esse,
907 2455 988 2508 quarn
998 2448 1092 2488 nactus
1105 2451 1145 2491 est
1156 2441 1247 2494 llomte

195 2520 252 2590 jam
264 2519 292 2571 in
304 2519 391 2580 senio,
405 2518 492 2572 obiter
502 2535 576 2569 ruore
589 2518 734 2569 amantium
748 2515 886 2570 blanditur
896 2515 1066 2590 Amaryllidi,
1080 2521 1200 2590 queritur
1212 2520 1247 2576 de

197 2597 323 2668 Galatea,
334 2597 456 2671 27-36.
468 2599 506 2651 Ex
516 2598 690 2668 responsione
699 2596 784 2670 Tityri
796 2599 905 2668 conjicit
916 2595 1055 2650 Meliboea
1068 2617 1177 2652 causatu
1188 2603 1248 2654 tris-

197 2680 262 2732 titie
275 2677 460 2752 Amaryllidis,
472 2675 596 2748 37-40.
609 2675 730 2750 Explicat
743 2676 850 2730 tandein
860 2679 976 2750 Tityrus,
990 2678 1049 2748 quis
1061 2675 1106 2730 ille
1117 2679 1189 2732 Deus
1199 2683 1248 2748 sit,

199 2761 246 2831 qui
258 2757 310 2812 sibi
321 2758 471 2811 libertatem
483 2755 602 2823 dederit,
620 2756 744 2826 41-46.
759 2755 942 2810 connumerat
953 2757 1094 2811 Meliboeus
1106 2759 1247 2818 felicitates
1359 2805 1364 2816 .

197 2835 295 2912 Tityri,
306 2836 427 2890 dividens
437 2839 464 2889 in
474 2835 589 2902 bouum,
598 2836 679 2902 utile,
688 2849 714 2889 et
726 2835 900 2903 delectabile,
910 2837 945 2908 47
953 2866 983 2878 -
992 2835 1033 2906 59.
1044 2836 1158 2911 Augusti
1167 2840 1250 2893 bene·

197 2921 309 2974 lactoris
321 2921 363 2973 sui
375 2936 519 2971 memorem
536 2935 564 2969 se
579 2916 638 2970 lore
654 2916 798 2990 pollicetur
808 2919 930 2990 Tityrus,
949 2917 1059 2989 adjectis
1076 2921 1249 2991 impossibili·
1288 2951 1290 2956 ·

197 2993 263 3064 bus,
282 3000 408 3051 sitantns
419 2999 544 3069 princepe
556 2997 646 3048 animo
660 2996 779 3064 excidat,
795 2997 919 3064 60-64.
938 2995 1091 3070 Amplilicdt
1106 2997 1247 3054 Meliboeus

200 3079 271 3134 exilii
290 3082 331 3134 sui
346 3077 542 3132 deforuiitateru
560 3097 576 3130 a
589 3077 670 3147 locis,
688 3081 717 3132 in
729 3079 898 3151 (pasciturus,
918 3097 977 3150 qne
991 3078 1153 3131 relicturus:
1173 3079 1247 3135 dolet

197 3159 397 3230 possessionum
408 3175 517 3212 suarum
527 3157 633 3209 iuturus
648 3156 788 3210 dominoss
805 3157 897 3229 abjicit
907 3175 998 3210 euram
1011 3176 1113 3226 rerunt,
1126 3177 1184 3230 quc
1196 3161 1248 3212 sibi

199 3235 278 3290 utiles
291 3249 317 3289 et
328 3235 515 3300 delectabiles,
533 3234 655 3306 65-79.
675 3236 826 3290 Abeunteur
844 3237 998 3291 Mellbuenru
1014 3239 1112 3308 retinet
1127 3235 1246 3311 Tityrus,

198 3313 377 3390 abjucuudo,
390 3313 462 3382 utili,
474 3315 641 3383 necessario,
651 3313 774 3384 80-84.

239 3555 282 3618 N.
296 3557 333 3618 B.
353 3557 446 3620 Ailixl
468 3557 590 3620 numeri
609 3555 879 3640 Explicatlonibus
896 3565 927 3618 et
946 3555 1032 3618 uotis
1049 3557 1247 3638 sequentibus

200 3645 343 3706 iudicant
356 3667 480 3707 versum
493 3659 593 3708 textus
606 3643 839 3728 explicandum
853 3657 883 3706 et
896 3647 922 3706 si
937 3666 1006 3728 quse
1020 3645 1124 3727 primo
1139 3647 1247 3708 oculo·

200 3749 272 3794 mm
283 3731 425 3815 conjectu
435 3732 537 3795 deesse
547 3735 728 3806 videantur,
740 3755 776 3795 ea
787 3734 903 3795 scilicet
922 3753 940 3794 a
956 3734 1050 3794 variis
1061 3733 1248 3796 lectionibus

199 3835 231 3892 et
245 3825 329 3884 notis
339 3825 582 3906 precedentium
596 3823 795 3885 voluminum
809 3823 977 3907 repetenda
991 3837 1076 3898 sunt,
1095 3824 1169 3904 quia
1180 3825 1247 3904 jam

200 3912 358 3996 premissa
372 3913 486 3972 iterum
502 3912 592 3974 edere
607 3933 886 3997 supervacaneum,
901 3933 942 3976 ue
953 3911 1092 3978 dicamus
1103 3911 1247 3975 fastidio·

202 4019 288 4084 sum,
299 3994 520 4084 judicavimus.
