<?xml version="1.0" encoding="UTF-8"?>
<!DOCTYPE html PUBLIC "-//W3C//DTD XHTML 1.0 Transitional//EN"
    "http://www.w3.org/TR/xhtml1/DTD/xhtml1-transitional.dtd">
<html xmlns="http://www.w3.org/1999/xhtml" xml:lang="en" lang="en">
 <head>
  <title>
</title>
<meta http-equiv="Content-Type" content="text/html;charset=utf-8" />
  <meta name='ocr-system' content='tesseract 3.04.00' />
  <meta name='ocr-capabilities' content='ocr_page ocr_carea ocr_par ocr_line ocrx_word'/>
</head>
<body>
  <div class='ocr_page' id='page_1' title='image "./pvirgiliusmaroq04barbgoog_0484.png"; bbox 0 0 2918 4682; ppageno 0'>
   <div class='ocr_carea' id='block_1_1' title="bbox 285 367 996 463">
    <p class='ocr_par' dir='ltr' id='par_1_1' title="bbox 285 367 996 463">
     <span class='ocr_line' id='line_1_1' title="bbox 285 367 996 463; baseline -0.011 -23"><span class='ocrx_word' id='word_1_1' title='bbox 285 373 347 463; x_wconf 74' lang='lat'><strong>496</strong></span> <span class='ocrx_word' id='word_1_2' title='bbox 612 367 996 434; x_wconf 76' lang='lat' dir='ltr'><strong>uohnnnrlnrn</strong></span> 
     </span>
    </p>
   </div>
   <div class='ocr_carea' id='block_1_2' title="bbox 281 489 1359 1279">
    <p class='ocr_par' dir='ltr' id='par_1_2' title="bbox 282 489 1359 1014">
     <span class='ocr_line' id='line_1_2' title="bbox 282 489 1359 576; baseline -0.002 -18"><span class='ocrx_word' id='word_1_3' title='bbox 282 491 491 576; x_wconf 81' lang='lat' dir='ltr'><strong>voluptatem,</strong></span> <span class='ocrx_word' id='word_1_4' title='bbox 504 511 607 573; x_wconf 86' lang='lat' dir='ltr'><strong>sepem</strong></span> <span class='ocrx_word' id='word_1_5' title='bbox 621 492 696 551; x_wconf 86' lang='lat' dir='ltr'><strong>satis</strong></span> <span class='ocrx_word' id='word_1_6' title='bbox 707 491 746 551; x_wconf 82' lang='lat' dir='ltr'><strong>ad</strong></span> <span class='ocrx_word' id='word_1_7' title='bbox 758 492 939 566; x_wconf 89' lang='lat' dir='ltr'><strong>munimen,</strong></span> <span class='ocrx_word' id='word_1_8' title='bbox 953 492 1067 574; x_wconf 82' lang='lat' dir='ltr'><strong>apibus</strong></span> <span class='ocrx_word' id='word_1_9' title='bbox 1076 489 1204 575; x_wconf 82' lang='lat' dir='ltr'><strong>pabula.</strong></span> <span class='ocrx_word' id='word_1_10' title='bbox 1216 493 1359 556; x_wconf 83' lang='lat' dir='ltr'><strong>Excur-</strong></span> 
     </span>
     <span class='ocr_line' id='line_1_3' title="bbox 284 579 1356 664; baseline -0.002 -20"><span class='ocrx_word' id='word_1_11' title='bbox 284 583 324 644; x_wconf 91' lang='lat' dir='ltr'><strong>rit</strong></span> <span class='ocrx_word' id='word_1_12' title='bbox 338 580 451 642; x_wconf 90' lang='lat' dir='ltr'><strong>deinde</strong></span> <span class='ocrx_word' id='word_1_13' title='bbox 462 581 495 640; x_wconf 93' lang='lat' dir='ltr'><strong>in</strong></span> <span class='ocrx_word' id='word_1_14' title='bbox 507 579 717 662; x_wconf 85' lang='lat' dir='ltr'><strong>voluptatem,</strong></span> <span class='ocrx_word' id='word_1_15' title='bbox 730 599 798 660; x_wconf 84' lang='lat' dir='ltr'><strong>quae</strong></span> <span class='ocrx_word' id='word_1_16' title='bbox 811 581 956 661; x_wconf 81' lang='lat' dir='ltr'><strong>provenit</strong></span> <span class='ocrx_word' id='word_1_17' title='bbox 970 601 1006 641; x_wconf 84' lang='lat' dir='ltr'><strong>ex</strong></span> <span class='ocrx_word' id='word_1_18' title='bbox 1021 583 1197 664; x_wconf 85' lang='lat' dir='ltr'><strong>inspectato</strong></span> <span class='ocrx_word' id='word_1_19' title='bbox 1212 584 1356 664; x_wconf 76' lang='lat' dir='ltr'><strong>Cytoro</strong></span> 
     </span>
     <span class='ocr_line' id='line_1_4' title="bbox 282 665 1355 751; baseline -0.002 -21"><span class='ocrx_word' id='word_1_20' title='bbox 282 684 388 730; x_wconf 87' lang='lat' dir='ltr'><strong>monte</strong></span> <span class='ocrx_word' id='word_1_21' title='bbox 400 667 623 751; x_wconf 63' lang='lat' dir='ltr'><strong>Paphlagonis}</strong></span> <span class='ocrx_word' id='word_1_22' title='bbox 636 667 794 727; x_wconf 80' lang='lat' dir='ltr'><strong>buxorum</strong></span> <span class='ocrx_word' id='word_1_23' title='bbox 804 665 900 750; x_wconf 78' lang='lat' dir='ltr'><strong>sylvis</strong></span> <span class='ocrx_word' id='word_1_24' title='bbox 910 667 1105 744; x_wconf 77' lang='lat' dir='ltr'><strong>abundante,</strong></span> <span class='ocrx_word' id='word_1_25' title='bbox 1119 691 1156 730; x_wconf 85' lang='lat' dir='ltr'><strong>ex</strong></span> <span class='ocrx_word' id='word_1_26' title='bbox 1166 669 1355 730; x_wconf 80' lang='lat' dir='ltr'><strong>arboribus</strong></span> 
     </span>
     <span class='ocr_line' id='line_1_5' title="bbox 282 755 1356 841; baseline 0 -23"><span class='ocrx_word' id='word_1_27' title='bbox 282 760 353 841; x_wconf 84' lang='lat' dir='ltr'>pice</span> <span class='ocrx_word' id='word_1_28' title='bbox 367 759 536 819; x_wconf 84' lang='lat' dir='ltr'><strong>liuentibus</strong></span> <span class='ocrx_word' id='word_1_29' title='bbox 551 755 633 840; x_wconf 85' lang='lat' dir='ltr'><strong>apud</strong></span> <span class='ocrx_word' id='word_1_30' title='bbox 646 757 798 838; x_wconf 75' lang='lat' dir='ltr'><strong>Narycem</strong></span> <span class='ocrx_word' id='word_1_31' title='bbox 810 756 918 817; x_wconf 89' lang='lat' dir='ltr'><strong>urbem</strong></span> <span class='ocrx_word' id='word_1_32' title='bbox 931 761 1121 834; x_wconf 81' lang='lat' dir='ltr'><strong>Locrorum,</strong></span> <span class='ocrx_word' id='word_1_33' title='bbox 1135 781 1172 819; x_wconf 85' lang='lat' dir='ltr'><strong>ex</strong></span> <span class='ocrx_word' id='word_1_34' title='bbox 1186 761 1275 820; x_wconf 86' lang='lat' dir='ltr'><strong>srvis</strong></span> <span class='ocrx_word' id='word_1_35' title='bbox 1288 779 1356 840; x_wconf 78' lang='lat' dir='ltr'><strong>ge-</strong></span> 
     </span>
     <span class='ocr_line' id='line_1_6' title="bbox 282 841 1352 929; baseline 0.001 -23"><span class='ocrx_word' id='word_1_36' title='bbox 282 847 464 908; x_wconf 89' lang='lat' dir='ltr'><strong>nerantibus</strong></span> <span class='ocrx_word' id='word_1_37' title='bbox 483 861 610 929; x_wconf 85' lang='lat' dir='ltr'><strong>sponte,</strong></span> <span class='ocrx_word' id='word_1_38' title='bbox 630 841 751 906; x_wconf 88' lang='lat' dir='ltr'><strong>colente</strong></span> <span class='ocrx_word' id='word_1_39' title='bbox 773 848 908 908; x_wconf 87' lang='lat' dir='ltr'><strong>nemine.</strong></span> <span class='ocrx_word' id='word_1_40' title='bbox 928 847 1026 923; x_wconf 81' lang='lat' dir='ltr'><strong>Quasi</strong></span> <span class='ocrx_word' id='word_1_41' title='bbox 1044 847 1145 908; x_wconf 86' lang='lat' dir='ltr'><strong>dicat:</strong></span> <span class='ocrx_word' id='word_1_42' title='bbox 1169 848 1285 908; x_wconf 87' lang='lat' dir='ltr'><strong>invitet</strong></span> <span class='ocrx_word' id='word_1_43' title='bbox 1311 863 1352 907; x_wconf 86' lang='lat' dir='ltr'><strong>te</strong></span> 
     </span>
     <span class='ocr_line' id='line_1_7' title="bbox 282 931 740 1014; baseline -0.004 -20"><span class='ocrx_word' id='word_1_44' title='bbox 282 933 416 1009; x_wconf 83' lang='lat' dir='ltr'><strong>utilitas3</strong></span> <span class='ocrx_word' id='word_1_45' title='bbox 431 935 540 994; x_wconf 85' lang='lat' dir='ltr'><strong>invitet</strong></span> <span class='ocrx_word' id='word_1_46' title='bbox 548 955 559 1014; x_wconf 86' lang='lat' dir='ltr'>J</span> <span class='ocrx_word' id='word_1_47' title='bbox 565 931 740 992; x_wconf 80' lang='lat' dir='ltr'><strong>ucunditas.</strong></span> 
     </span>
    </p>

    <p class='ocr_par' dir='ltr' id='par_1_3' title="bbox 281 1019 1348 1279">
     <span class='ocr_line' id='line_1_8' title="bbox 320 1019 1347 1106; baseline 0.001 -23"><span class='ocrx_word' id='word_1_48' title='bbox 320 1019 391 1099; x_wconf 75' lang='grc'><strong>440.</strong></span> <span class='ocrx_word' id='word_1_49' title='bbox 402 1021 690 1105; x_wconf 72' lang='lat' dir='ltr'><strong>Adjungitmsgnas</strong></span> <span class='ocrx_word' id='word_1_50' title='bbox 701 1022 778 1082; x_wconf 79' lang='lat' dir='ltr'><strong>alias</strong></span> <span class='ocrx_word' id='word_1_51' title='bbox 789 1022 940 1084; x_wconf 78' lang='lat' dir='ltr'><strong>utilitates</strong></span> <span class='ocrx_word' id='word_1_52' title='bbox 953 1023 1151 1106; x_wconf 81' lang='lat' dir='ltr'><strong>sylvestrium</strong></span> <span class='ocrx_word' id='word_1_53' title='bbox 1165 1025 1347 1098; x_wconf 80' lang='lat' dir='ltr'><strong>arborum,</strong></span> 
     </span>
     <span class='ocr_line' id='line_1_9' title="bbox 281 1111 1348 1194; baseline 0.002 -24"><span class='ocrx_word' id='word_1_54' title='bbox 281 1129 365 1192; x_wconf 84' lang='lat' dir='ltr'><strong>quoe,</strong></span> <span class='ocrx_word' id='word_1_55' title='bbox 380 1131 568 1194; x_wconf 89' lang='lat' dir='ltr'><strong>quocunque</strong></span> <span class='ocrx_word' id='word_1_56' title='bbox 580 1111 650 1171; x_wconf 91' lang='lat' dir='ltr'><strong>loco</strong></span> <span class='ocrx_word' id='word_1_57' title='bbox 663 1126 849 1186; x_wconf 85' lang='lat' dir='ltr'><strong>nascantur,</strong></span> <span class='ocrx_word' id='word_1_58' title='bbox 862 1111 955 1172; x_wconf 88' lang='lat' dir='ltr'><strong>etiam</strong></span> <span class='ocrx_word' id='word_1_59' title='bbox 969 1113 1003 1173; x_wconf 94' lang='lat' dir='ltr'><strong>in</strong></span> <span class='ocrx_word' id='word_1_60' title='bbox 1012 1112 1170 1186; x_wconf 80' lang='lat' dir='ltr'><strong>Caucaso,</strong></span> <span class='ocrx_word' id='word_1_61' title='bbox 1181 1126 1212 1172; x_wconf 85' lang='lat' dir='ltr'><strong>et</strong></span> <span class='ocrx_word' id='word_1_62' title='bbox 1222 1111 1348 1172; x_wconf 79' lang='lat' dir='ltr'><strong>admo-</strong></span> 
     </span>
     <span class='ocr_line' id='line_1_10' title="bbox 282 1197 1344 1279; baseline 0 -21"><span class='ocrx_word' id='word_1_63' title='bbox 282 1197 359 1258; x_wconf 89' lang='lat' dir='ltr'><strong>dum</strong></span> <span class='ocrx_word' id='word_1_64' title='bbox 378 1202 443 1258; x_wconf 90' lang='lat' dir='ltr'><strong>sint</strong></span> <span class='ocrx_word' id='word_1_65' title='bbox 462 1198 594 1274; x_wconf 87' lang='lat' dir='ltr'><strong>steriles,</strong></span> <span class='ocrx_word' id='word_1_66' title='bbox 615 1211 721 1258; x_wconf 88' lang='lat' dir='ltr'><strong>tamen</strong></span> <span class='ocrx_word' id='word_1_67' title='bbox 744 1198 920 1259; x_wconf 80' lang='lat' dir='ltr'><strong>utilissimae</strong></span> <span class='ocrx_word' id='word_1_68' title='bbox 939 1213 1021 1260; x_wconf 87' lang='lat' dir='ltr'><strong>sunt.</strong></span> <span class='ocrx_word' id='word_1_69' title='bbox 1042 1201 1112 1259; x_wconf 90' lang='lat' dir='ltr'><strong>Pini</strong></span> <span class='ocrx_word' id='word_1_70' title='bbox 1131 1199 1171 1260; x_wconf 85' lang='lat' dir='ltr'><strong>sd</strong></span> <span class='ocrx_word' id='word_1_71' title='bbox 1188 1200 1344 1279; x_wconf 58' lang='lat' dir='ltr'><strong>sarigim</strong></span> 
     </span>
    </p>
   </div>
   <div class='ocr_carea' id='block_1_3' title="bbox 282 1286 1448 1370">
    <p class='ocr_par' dir='ltr' id='par_1_4' title="bbox 282 1286 1448 1370">
     <span class='ocr_line' id='line_1_11' title="bbox 282 1286 1448 1370; baseline -0.001 -22"><span class='ocrx_word' id='word_1_72' title='bbox 282 1288 382 1364; x_wconf 91' lang='lat' dir='ltr'><strong>cedri,</strong></span> <span class='ocrx_word' id='word_1_73' title='bbox 398 1303 429 1350; x_wconf 89' lang='lat' dir='ltr'><strong>et</strong></span> <span class='ocrx_word' id='word_1_74' title='bbox 442 1288 579 1370; x_wconf 84' lang='lat' dir='ltr'><strong>cupressi</strong></span> <span class='ocrx_word' id='word_1_75' title='bbox 590 1286 628 1347; x_wconf 81' lang='lat' dir='ltr'><strong>ad</strong></span> <span class='ocrx_word' id='word_1_76' title='bbox 640 1287 756 1348; x_wconf 81' lang='lat' dir='ltr'><strong>sedium</strong></span> <span class='ocrx_word' id='word_1_77' title='bbox 766 1289 1032 1350; x_wconf 87' lang='lat' dir='ltr'><strong>constructionem</strong></span> <span class='ocrx_word' id='word_1_78' title='bbox 1044 1311 1051 1348; x_wconf 76' lang='grc' dir='ltr'><strong>ι</strong></span> <span class='ocrx_word' id='word_1_79' title='bbox 1066 1309 1102 1349; x_wconf 85' lang='lat' dir='ltr'><strong>cx</strong></span> <span class='ocrx_word' id='word_1_80' title='bbox 1114 1287 1224 1348; x_wconf 87' lang='lat' dir='ltr'><strong>iisdem</strong></span> <span class='ocrx_word' id='word_1_81' title='bbox 1236 1286 1345 1370; x_wconf 74' lang='lat' dir='ltr'><strong>sylvis</strong></span> <span class='ocrx_word' id='word_1_82' title='bbox 1447 1295 1448 1318; x_wconf 51' lang='lat' dir='ltr'><strong>l</strong></span> 
     </span>
    </p>
   </div>
   <div class='ocr_carea' id='block_1_4' title="bbox 282 1373 1344 1457">
    <p class='ocr_par' dir='ltr' id='par_1_5' title="bbox 282 1373 1344 1457">
     <span class='ocr_line' id='line_1_12' title="bbox 282 1373 1344 1457; baseline -0.001 -22"><span class='ocrx_word' id='word_1_83' title='bbox 282 1387 484 1436; x_wconf 85' lang='lat' dir='ltr'><strong>assumuntur</strong></span> <span class='ocrx_word' id='word_1_84' title='bbox 493 1375 575 1434; x_wconf 85' lang='lat' dir='ltr'><strong>radii</strong></span> <span class='ocrx_word' id='word_1_85' title='bbox 585 1375 625 1434; x_wconf 82' lang='lat' dir='ltr'><strong>ad</strong></span> <span class='ocrx_word' id='word_1_86' title='bbox 633 1395 726 1435; x_wconf 87' lang='lat' dir='ltr'><strong>usum</strong></span> <span class='ocrx_word' id='word_1_87' title='bbox 735 1388 892 1450; x_wconf 69' lang='lat' dir='ltr'><strong>rotarum,</strong></span> <span class='ocrx_word' id='word_1_88' title='bbox 901 1389 1078 1457; x_wconf 74' lang='lat' dir='ltr'><strong>tegumenta</strong></span> <span class='ocrx_word' id='word_1_89' title='bbox 1090 1373 1344 1457; x_wconf 77' lang='lat' dir='ltr'><strong>semispbaeriou,</strong></span> 
     </span>
    </p>
   </div>
   <div class='ocr_carea' id='block_1_5' title="bbox 282 1463 1448 1548">
    <p class='ocr_par' dir='ltr' id='par_1_6' title="bbox 282 1463 1448 1548">
     <span class='ocr_line' id='line_1_13' title="bbox 282 1463 1448 1548; baseline -0.002 -24"><span class='ocrx_word' id='word_1_90' title='bbox 282 1463 1344 1548; x_wconf 78' lang='lat' dir='ltr'><strong>testudinesquevehiculorum,quaeefformsnturinstsrtympano-</strong></span> <span class='ocrx_word' id='word_1_91' title='bbox 1447 1513 1448 1542; x_wconf 70' lang='lat'><strong>,</strong></span> 
     </span>
    </p>
   </div>
   <div class='ocr_carea' id='block_1_6' title="bbox 282 1553 1341 2080">
    <p class='ocr_par' dir='ltr' id='par_1_7' title="bbox 282 1553 1341 2080">
     <span class='ocr_line' id='line_1_14' title="bbox 283 1553 1341 1634; baseline -0.001 -22"><span class='ocrx_word' id='word_1_92' title='bbox 283 1575 369 1630; x_wconf 72' lang='lat' dir='ltr'><strong>rum,</strong></span> <span class='ocrx_word' id='word_1_93' title='bbox 386 1556 500 1615; x_wconf 78' lang='lat' dir='ltr'><strong>carinae</strong></span> <span class='ocrx_word' id='word_1_94' title='bbox 516 1556 612 1614; x_wconf 82' lang='lat' dir='ltr'><strong>etiam</strong></span> <span class='ocrx_word' id='word_1_95' title='bbox 630 1553 669 1614; x_wconf 83' lang='lat' dir='ltr'><strong>ad</strong></span> <span class='ocrx_word' id='word_1_96' title='bbox 687 1573 781 1614; x_wconf 84' lang='lat' dir='ltr'><strong>neves</strong></span> <span class='ocrx_word' id='word_1_97' title='bbox 793 1553 940 1634; x_wconf 82' lang='lat' dir='ltr'><strong>(verbum</strong></span> <span class='ocrx_word' id='word_1_98' title='bbox 955 1557 1054 1615; x_wconf 79' lang='lat' dir='ltr'><strong>trivere</strong></span> <span class='ocrx_word' id='word_1_99' title='bbox 1067 1556 1210 1615; x_wconf 87' lang='lat' dir='ltr'><strong>continet</strong></span> <span class='ocrx_word' id='word_1_100' title='bbox 1221 1567 1341 1614; x_wconf 80' lang='lat' dir='ltr'><strong>notam</strong></span> 
     </span>
     <span class='ocr_line' id='line_1_15' title="bbox 283 1642 1339 1726; baseline -0.003 -24"><span class='ocrx_word' id='word_1_101' title='bbox 283 1645 384 1720; x_wconf 90' lang='lat' dir='ltr'><strong>torni,</strong></span> <span class='ocrx_word' id='word_1_102' title='bbox 403 1644 490 1725; x_wconf 82' lang='lat' dir='ltr'><strong>quasi</strong></span> <span class='ocrx_word' id='word_1_103' title='bbox 503 1642 603 1719; x_wconf 83' lang='lat' dir='ltr'><strong>dicet,</strong></span> <span class='ocrx_word' id='word_1_104' title='bbox 622 1643 762 1704; x_wconf 88' lang='lat' dir='ltr'><strong>fecerunt</strong></span> <span class='ocrx_word' id='word_1_105' title='bbox 773 1655 884 1719; x_wconf 87' lang='lat' dir='ltr'><strong>torno,</strong></span> <span class='ocrx_word' id='word_1_106' title='bbox 898 1663 973 1704; x_wconf 83' lang='lat' dir='ltr'><strong>nam</strong></span> <span class='ocrx_word' id='word_1_107' title='bbox 986 1645 1080 1705; x_wconf 86' lang='lat' dir='ltr'><strong>torno</strong></span> <span class='ocrx_word' id='word_1_108' title='bbox 1092 1644 1215 1726; x_wconf 81' lang='lat' dir='ltr'><strong>lignum</strong></span> <span class='ocrx_word' id='word_1_109' title='bbox 1227 1643 1339 1702; x_wconf 81' lang='lat' dir='ltr'><strong>atteri-</strong></span> 
     </span>
     <span class='ocr_line' id='line_1_16' title="bbox 283 1729 1337 1812; baseline -0.004 -19"><span class='ocrx_word' id='word_1_110' title='bbox 283 1733 362 1811; x_wconf 89' lang='lat' dir='ltr'><strong>tur).</strong></span> <span class='ocrx_word' id='word_1_111' title='bbox 380 1731 493 1792; x_wconf 84' lang='lat' dir='ltr'><strong>Salices</strong></span> <span class='ocrx_word' id='word_1_112' title='bbox 509 1731 616 1793; x_wconf 84' lang='lat' dir='ltr'><strong>ferunt</strong></span> <span class='ocrx_word' id='word_1_113' title='bbox 631 1733 751 1792; x_wconf 82' lang='lat' dir='ltr'><strong>viminu</strong></span> <span class='ocrx_word' id='word_1_114' title='bbox 768 1730 929 1812; x_wconf 76' lang='lat' dir='ltr'><strong>illigandis</strong></span> <span class='ocrx_word' id='word_1_115' title='bbox 946 1733 1084 1793; x_wconf 84' lang='lat' dir='ltr'><strong>ritibus:</strong></span> <span class='ocrx_word' id='word_1_116' title='bbox 1104 1732 1183 1793; x_wconf 91' lang='lat' dir='ltr'><strong>ulmi</strong></span> <span class='ocrx_word' id='word_1_117' title='bbox 1202 1729 1337 1792; x_wconf 83' lang='lat' dir='ltr'><strong>frondes</strong></span> 
     </span>
     <span class='ocr_line' id='line_1_17' title="bbox 282 1818 1339 1904; baseline -0.003 -24"><span class='ocrx_word' id='word_1_118' title='bbox 282 1818 484 1904; x_wconf 78' lang='lat' dir='ltr'><strong>protegendis</strong></span> <span class='ocrx_word' id='word_1_119' title='bbox 503 1821 591 1880; x_wconf 87' lang='lat' dir='ltr'><strong>uvis:</strong></span> <span class='ocrx_word' id='word_1_120' title='bbox 611 1822 722 1902; x_wconf 80' lang='lat' dir='ltr'><strong>myrti,</strong></span> <span class='ocrx_word' id='word_1_121' title='bbox 741 1833 772 1879; x_wconf 88' lang='lat' dir='ltr'><strong>et</strong></span> <span class='ocrx_word' id='word_1_122' title='bbox 793 1823 883 1880; x_wconf 91' lang='lat' dir='ltr'><strong>corni</strong></span> <span class='ocrx_word' id='word_1_123' title='bbox 899 1819 968 1900; x_wconf 90' lang='lat' dir='ltr'><strong>(bic</strong></span> <span class='ocrx_word' id='word_1_124' title='bbox 985 1820 1093 1891; x_wconf 78' lang='lat' dir='ltr'><strong>oculos</strong></span> <span class='ocrx_word' id='word_1_125' title='bbox 1112 1822 1200 1902; x_wconf 81' lang='lat' dir='ltr'><strong>speri</strong></span> <span class='ocrx_word' id='word_1_126' title='bbox 1220 1819 1339 1892; x_wconf 89' lang='lat' dir='ltr'><strong>lector,-</strong></span> 
     </span>
     <span class='ocr_line' id='line_1_18' title="bbox 283 1905 1338 1988; baseline -0.004 -21"><span class='ocrx_word' id='word_1_127' title='bbox 283 1907 398 1982; x_wconf 87' lang='lat' dir='ltr'><strong>lector,</strong></span> <span class='ocrx_word' id='word_1_128' title='bbox 417 1905 572 1967; x_wconf 84' lang='lat' dir='ltr'><strong>masculas</strong></span> <span class='ocrx_word' id='word_1_129' title='bbox 594 1928 705 1968; x_wconf 85' lang='lat' dir='ltr'><strong>cornus</strong></span> <span class='ocrx_word' id='word_1_130' title='bbox 724 1906 888 1988; x_wconf 79' lang='lat' dir='ltr'><strong>intelligit,</strong></span> <span class='ocrx_word' id='word_1_131' title='bbox 909 1929 973 1969; x_wconf 93' lang='lat' dir='ltr'><strong>non</strong></span> <span class='ocrx_word' id='word_1_132' title='bbox 992 1907 1153 1983; x_wconf 82' lang='lat' dir='ltr'><strong>foenrinas3</strong></span> <span class='ocrx_word' id='word_1_133' title='bbox 1171 1927 1245 1966; x_wconf 83' lang='lat' dir='ltr'><strong>nam</strong></span> <span class='ocrx_word' id='word_1_134' title='bbox 1266 1907 1338 1965; x_wconf 79' lang='lat' dir='ltr'><strong>istae</strong></span> 
     </span>
     <span class='ocr_line' id='line_1_19' title="bbox 285 1991 1338 2080; baseline -0.004 -24"><span class='ocrx_word' id='word_1_135' title='bbox 285 1996 413 2057; x_wconf 86' lang='lat' dir='ltr'><strong>inutiles</strong></span> <span class='ocrx_word' id='word_1_136' title='bbox 425 1996 553 2077; x_wconf 85' lang='lat' dir='ltr'><strong>jaculis;</strong></span> <span class='ocrx_word' id='word_1_137' title='bbox 569 2012 710 2057; x_wconf 83' lang='lat' dir='ltr'><strong>auctores</strong></span> <span class='ocrx_word' id='word_1_138' title='bbox 722 2011 796 2056; x_wconf 91' lang='lat' dir='ltr'><strong>sunt</strong></span> <span class='ocrx_word' id='word_1_139' title='bbox 808 1995 1056 2080; x_wconf 81' lang='lat' dir='ltr'><strong>Theophrastus,</strong></span> <span class='ocrx_word' id='word_1_140' title='bbox 1068 2011 1100 2056; x_wconf 90' lang='lat' dir='ltr'><strong>et</strong></span> <span class='ocrx_word' id='word_1_141' title='bbox 1114 1995 1251 2073; x_wconf 90' lang='lat' dir='ltr'><strong>Plinius)</strong></span> <span class='ocrx_word' id='word_1_142' title='bbox 1264 1991 1338 2052; x_wconf 81' lang='lat' dir='ltr'><strong>has-</strong></span> 
     </span>
    </p>
   </div>
   <div class='ocr_carea' id='block_1_7' title="bbox 223 2152 1338 4140">
    <p class='ocr_par' dir='ltr' id='par_1_8' title="bbox 223 2152 1338 4140">
     <span class='ocr_line' id='line_1_20' title="bbox 319 2152 1338 2222; baseline -0.006 -14"><span class='ocrx_word' id='word_1_143' title='bbox 319 2155 380 2222; x_wconf 89' lang='grc'><strong>436.</strong></span> <span class='ocrx_word' id='word_1_144' title='bbox 391 2155 492 2207; x_wconf 79' lang='lat' dir='ltr'><strong>Pabula</strong></span> <span class='ocrx_word' id='word_1_145' title='bbox 504 2155 584 2209; x_wconf 82' lang='lat' dir='ltr'><strong>melli.</strong></span> <span class='ocrx_word' id='word_1_146' title='bbox 597 2158 706 2210; x_wconf 80' lang='lat' dir='ltr'><strong>Veteres</strong></span> <span class='ocrx_word' id='word_1_147' title='bbox 719 2159 787 2209; x_wconf 90' lang='lat' dir='ltr'><strong>exis·</strong></span> <span class='ocrx_word' id='word_1_148' title='bbox 831 2167 929 2211; x_wconf 80' lang='lat' dir='ltr'><strong>trescat.</strong></span> <span class='ocrx_word' id='word_1_149' title='bbox 940 2157 1039 2210; x_wconf 87' lang='lat' dir='ltr'><strong>Plinius</strong></span> <span class='ocrx_word' id='word_1_150' title='bbox 1052 2157 1128 2222; x_wconf 80' lang='lat' dir='ltr'><strong>xvi,</strong></span> <span class='ocrx_word' id='word_1_151' title='bbox 1139 2155 1189 2222; x_wconf 71' lang='lat'><strong>42;</strong></span> <span class='ocrx_word' id='word_1_152' title='bbox 1200 2152 1282 2218; x_wconf 86' lang='lat' dir='ltr'><strong>dicit,</strong></span> <span class='ocrx_word' id='word_1_153' title='bbox 1293 2171 1338 2204; x_wconf 88' lang='lat' dir='ltr'><strong>es-</strong></span> 
     </span>
     <span class='ocr_line' id='line_1_21' title="bbox 223 2231 1336 2311; baseline -0.009 -18"><span class='ocrx_word' id='word_1_154' title='bbox 223 2249 226 2254; x_wconf 92' lang='lat'>&#39;</span> <span class='ocrx_word' id='word_1_155' title='bbox 283 2236 427 2303; x_wconf 80' lang='lat' dir='ltr'><strong>timebant,</strong></span> <span class='ocrx_word' id='word_1_156' title='bbox 438 2255 501 2308; x_wconf 80' lang='lat' dir='ltr'><strong>apes</strong></span> <span class='ocrx_word' id='word_1_157' title='bbox 514 2238 606 2290; x_wconf 79' lang='lat' dir='ltr'><strong>ellavo</strong></span> <span class='ocrx_word' id='word_1_158' title='bbox 618 2250 786 2311; x_wconf 74' lang='lat' dir='ltr'><strong>gent-starum</strong></span> <span class='ocrx_word' id='word_1_159' title='bbox 831 2255 859 2290; x_wconf 88' lang='lat' dir='ltr'><strong>se</strong></span> <span class='ocrx_word' id='word_1_160' title='bbox 871 2237 941 2290; x_wconf 80' lang='lat' dir='ltr'><strong>hanc</strong></span> <span class='ocrx_word' id='word_1_161' title='bbox 954 2237 1077 2290; x_wconf 81' lang='lat' dir='ltr'><strong>arborem</strong></span> <span class='ocrx_word' id='word_1_162' title='bbox 1093 2235 1268 2286; x_wconf 79' lang='lat' dir='ltr'><strong>firmissimam</strong></span> <span class='ocrx_word' id='word_1_163' title='bbox 1283 2231 1336 2284; x_wconf 80' lang='lat' dir='ltr'><strong>ad-</strong></span> 
     </span>
     <span class='ocr_line' id='line_1_22' title="bbox 283 2307 1336 2382; baseline 0.002 -22"><span class='ocrx_word' id='word_1_164' title='bbox 283 2309 349 2362; x_wconf 86' lang='lat' dir='ltr'><strong>llore</strong></span> <span class='ocrx_word' id='word_1_165' title='bbox 361 2312 499 2363; x_wconf 82' lang='lat' dir='ltr'><strong>materiam</strong></span> <span class='ocrx_word' id='word_1_166' title='bbox 511 2307 596 2361; x_wconf 87' lang='lat' dir='ltr'><strong>mellis</strong></span> <span class='ocrx_word' id='word_1_167' title='bbox 609 2323 635 2362; x_wconf 88' lang='lat' dir='ltr'><strong>et</strong></span> <span class='ocrx_word' id='word_1_168' title='bbox 648 2329 714 2362; x_wconf 71' lang='lat' dir='ltr'><strong>certe</strong></span> <span class='ocrx_word' id='word_1_169' title='bbox 728 2309 786 2362; x_wconf 90' lang='lat' dir='ltr'><strong>col·</strong></span> <span class='ocrx_word' id='word_1_170' title='bbox 830 2335 923 2371; x_wconf 70' lang='lat' dir='ltr'><strong>versus</strong></span> <span class='ocrx_word' id='word_1_171' title='bbox 934 2321 1046 2382; x_wconf 65' lang='lat' dir='ltr'><strong>cariem,</strong></span> <span class='ocrx_word' id='word_1_172' title='bbox 1058 2329 1085 2370; x_wconf 76' lang='lat' dir='ltr'><strong>et</strong></span> <span class='ocrx_word' id='word_1_173' title='bbox 1095 2317 1188 2368; x_wconf 84' lang='lat' dir='ltr'><strong>tineas.</strong></span> <span class='ocrx_word' id='word_1_174' title='bbox 1196 2315 1336 2372; x_wconf 83' lang='lat' dir='ltr'><strong>Vitruvius</strong></span> 
     </span>
     <span class='ocr_line' id='line_1_23' title="bbox 283 2390 1337 2468; baseline 0 -25"><span class='ocrx_word' id='word_1_175' title='bbox 283 2391 381 2463; x_wconf 73' lang='lat' dir='ltr'><strong>ligere3</strong></span> <span class='ocrx_word' id='word_1_176' title='bbox 397 2390 487 2443; x_wconf 88' lang='lat' dir='ltr'><strong>ellore</strong></span> <span class='ocrx_word' id='word_1_177' title='bbox 500 2408 564 2443; x_wconf 78' lang='lat' dir='ltr'><strong>vero</strong></span> <span class='ocrx_word' id='word_1_178' title='bbox 579 2390 667 2442; x_wconf 77' lang='lat' dir='ltr'><strong>salicis</strong></span> <span class='ocrx_word' id='word_1_179' title='bbox 684 2409 786 2462; x_wconf 84' lang='lat' dir='ltr'><strong>propo·</strong></span> <span class='ocrx_word' id='word_1_180' title='bbox 830 2399 870 2464; x_wconf 87' lang='lat' dir='ltr'><strong>II,</strong></span> <span class='ocrx_word' id='word_1_181' title='bbox 883 2415 917 2468; x_wconf 77' lang='lat'><strong>95</strong></span> <span class='ocrx_word' id='word_1_182' title='bbox 930 2399 969 2450; x_wconf 90' lang='lat' dir='ltr'><strong>illi</strong></span> <span class='ocrx_word' id='word_1_183' title='bbox 981 2398 1028 2450; x_wconf 83' lang='lat' dir='ltr'><strong>dat</strong></span> <span class='ocrx_word' id='word_1_184' title='bbox 1038 2409 1158 2449; x_wconf 82' lang='lat' dir='ltr'><strong>oetemam</strong></span> <span class='ocrx_word' id='word_1_185' title='bbox 1176 2394 1337 2446; x_wconf 76' lang='lat' dir='ltr'><strong>diutumita-</strong></span> 
     </span>
     <span class='ocr_line' id='line_1_24' title="bbox 282 2470 1335 2546; baseline -0.001 -22"><span class='ocrx_word' id='word_1_186' title='bbox 282 2471 347 2536; x_wconf 87' lang='lat' dir='ltr'><strong>lim;</strong></span> <span class='ocrx_word' id='word_1_187' title='bbox 359 2471 406 2524; x_wconf 89' lang='lat' dir='ltr'><strong>Ge.</strong></span> <span class='ocrx_word' id='word_1_188' title='bbox 418 2471 467 2538; x_wconf 87' lang='lat' dir='ltr'><strong>lV,</strong></span> <span class='ocrx_word' id='word_1_189' title='bbox 480 2470 530 2542; x_wconf 72' lang='lat'><strong>373</strong></span> <span class='ocrx_word' id='word_1_190' title='bbox 543 2471 598 2523; x_wconf 83' lang='lat' dir='ltr'><strong>Ecl.</strong></span> <span class='ocrx_word' id='word_1_191' title='bbox 612 2473 639 2537; x_wconf 91' lang='lat' dir='ltr'><strong>l,</strong></span> <span class='ocrx_word' id='word_1_192' title='bbox 651 2472 692 2524; x_wconf 85' lang='lat'><strong>53.</strong></span> <span class='ocrx_word' id='word_1_193' title='bbox 707 2471 734 2526; x_wconf 87' lang='lat' dir='ltr'><em>V</em></span> <span class='ocrx_word' id='word_1_194' title='bbox 732 2510 738 2522; x_wconf 90' lang='lat'><strong>.</strong></span> <span class='ocrx_word' id='word_1_195' title='bbox 752 2473 783 2524; x_wconf 86' lang='lat' dir='ltr'><strong>G·</strong></span> <span class='ocrx_word' id='word_1_196' title='bbox 832 2475 1335 2546; x_wconf 79' lang='lat' dir='ltr'><strong>tem.-Domil›uscedrumquecupres-</strong></span> 
     </span>
     <span class='ocr_line' id='line_1_25' title="bbox 320 2551 1336 2631; baseline -0.002 -29"><span class='ocrx_word' id='word_1_197' title='bbox 320 2553 380 2621; x_wconf 79' lang='grc'><strong>437.</strong></span> <span class='ocrx_word' id='word_1_198' title='bbox 393 2553 525 2622; x_wconf 82' lang='lat' dir='ltr'><strong>Cytorum.</strong></span> <span class='ocrx_word' id='word_1_199' title='bbox 541 2555 647 2622; x_wconf 69' lang='lat' dir='ltr'><strong>Cflorut</strong></span> <span class='ocrx_word' id='word_1_200' title='bbox 659 2564 786 2603; x_wconf 68' lang='lat' dir='ltr'><strong>montes!</strong></span> <span class='ocrx_word' id='word_1_201' title='bbox 830 2576 926 2631; x_wconf 73' lang='lat' dir='ltr'><strong>sosque.</strong></span> <span class='ocrx_word' id='word_1_202' title='bbox 951 2557 1005 2608; x_wconf 89' lang='lat' dir='ltr'><strong>Cur</strong></span> <span class='ocrx_word' id='word_1_203' title='bbox 1024 2559 1080 2609; x_wconf 81' lang='lat' dir='ltr'><strong>istae</strong></span> <span class='ocrx_word' id='word_1_204' title='bbox 1101 2554 1178 2606; x_wconf 74' lang='lat' dir='ltr'><strong>bone</strong></span> <span class='ocrx_word' id='word_1_205' title='bbox 1196 2551 1336 2604; x_wconf 67' lang='lat' dir='ltr'><strong>sedili-siis?</strong></span> 
     </span>
     <span class='ocr_line' id='line_1_26' title="bbox 284 2629 1312 2710; baseline 0.002 -28"><span class='ocrx_word' id='word_1_206' title='bbox 284 2643 330 2682; x_wconf 80' lang='lat' dir='ltr'><strong>sut</strong></span> <span class='ocrx_word' id='word_1_207' title='bbox 344 2631 454 2694; x_wconf 82' lang='lat' dir='ltr'><strong>civitas,</strong></span> <span class='ocrx_word' id='word_1_208' title='bbox 472 2630 529 2683; x_wconf 80' lang='lat' dir='ltr'><strong>aliis</strong></span> <span class='ocrx_word' id='word_1_209' title='bbox 547 2631 655 2702; x_wconf 89' lang='lat' dir='ltr'><strong>quidem</strong></span> <span class='ocrx_word' id='word_1_210' title='bbox 671 2629 785 2702; x_wconf 82' lang='lat' dir='ltr'><strong>Paphla·</strong></span> <span class='ocrx_word' id='word_1_211' title='bbox 830 2639 909 2710; x_wconf 66' lang='lat' dir='ltr'><strong>qma,</strong></span> <span class='ocrx_word' id='word_1_212' title='bbox 929 2650 1037 2689; x_wconf 71' lang='lat' dir='ltr'><strong>auctore</strong></span> <span class='ocrx_word' id='word_1_213' title='bbox 1058 2633 1245 2707; x_wconf 80' lang='lat' dir='ltr'><strong>Theophrasto</strong></span> <span class='ocrx_word' id='word_1_214' title='bbox 1264 2633 1312 2683; x_wconf 82' lang='lat' dir='ltr'><strong>llis</strong></span> 
     </span>
     <span class='ocr_line' id='line_1_27' title="bbox 283 2708 1334 2788; baseline 0.005 -30"><span class='ocrx_word' id='word_1_215' title='bbox 283 2709 379 2780; x_wconf 66' lang='lat' dir='ltr'><strong>genitr,</strong></span> <span class='ocrx_word' id='word_1_216' title='bbox 387 2710 445 2761; x_wconf 79' lang='lat' dir='ltr'><strong>aliis</strong></span> <span class='ocrx_word' id='word_1_217' title='bbox 452 2709 540 2774; x_wconf 82' lang='lat' dir='ltr'><strong>Ponti,</strong></span> <span class='ocrx_word' id='word_1_218' title='bbox 550 2709 620 2761; x_wconf 87' lang='lat' dir='ltr'><strong>buxo</strong></span> <span class='ocrx_word' id='word_1_219' title='bbox 634 2708 784 2762; x_wconf 76' lang='lat' dir='ltr'><strong>abundans.</strong></span> <span class='ocrx_word' id='word_1_220' title='bbox 830 2717 869 2783; x_wconf 87' lang='lat' dir='ltr'><strong>V,</strong></span> <span class='ocrx_word' id='word_1_221' title='bbox 886 2736 919 2788; x_wconf 88' lang='lat'><strong>9,</strong></span> <span class='ocrx_word' id='word_1_222' title='bbox 938 2717 1023 2770; x_wconf 64' lang='lat' dir='ltr'><strong>drani</strong></span> <span class='ocrx_word' id='word_1_223' title='bbox 1043 2711 1069 2768; x_wconf 65' lang='lat' dir='ltr'><strong>di</strong></span> <span class='ocrx_word' id='word_1_224' title='bbox 1088 2713 1156 2781; x_wconf 67' lang='grc' dir='ltr'><strong>ψύαι</strong></span> <span class='ocrx_word' id='word_1_225' title='bbox 1174 2712 1334 2780; x_wconf 65' lang='lat' dir='ltr'><strong>mipmsr.</strong></span> 
     </span>
     <span class='ocr_line' id='line_1_28' title="bbox 284 2786 1336 2870; baseline 0.007 -32"><span class='ocrx_word' id='word_1_226' title='bbox 284 2786 362 2841; x_wconf 83' lang='lat' dir='ltr'><strong>Unde</strong></span> <span class='ocrx_word' id='word_1_227' title='bbox 381 2801 407 2840; x_wconf 90' lang='lat' dir='ltr'><strong>et</strong></span> <span class='ocrx_word' id='word_1_228' title='bbox 425 2787 530 2840; x_wconf 83' lang='lat' dir='ltr'><strong>Catullo</strong></span> <span class='ocrx_word' id='word_1_229' title='bbox 548 2789 651 2860; x_wconf 81' lang='lat' dir='ltr'><strong>buxifer</strong></span> <span class='ocrx_word' id='word_1_230' title='bbox 669 2789 784 2856; x_wconf 86' lang='lat' dir='ltr'><strong>dicitur,</strong></span> <span class='ocrx_word' id='word_1_231' title='bbox 829 2793 904 2865; x_wconf 57' lang='lat' dir='ltr'><strong>&#39;‘ul“</strong></span> <span class='ocrx_word' id='word_1_232' title='bbox 916 2819 922 2847; x_wconf 69' lang='lat'><em>2</em></span> <span class='ocrx_word' id='word_1_233' title='bbox 936 2797 1091 2870; x_wconf 67' lang='lat' dir='ltr'><strong>incorrupte</strong></span> <span class='ocrx_word' id='word_1_234' title='bbox 1101 2805 1162 2847; x_wconf 71' lang='lat' dir='ltr'><strong>erent</strong></span> <span class='ocrx_word' id='word_1_235' title='bbox 1170 2811 1299 2864; x_wconf 80' lang='lat' dir='ltr'><strong>cupressus</strong></span> <span class='ocrx_word' id='word_1_236' title='bbox 1309 2803 1336 2843; x_wconf 79' lang='lat' dir='ltr'><strong>st</strong></span> 
     </span>
     <span class='ocr_line' id='line_1_29' title="bbox 282 2867 1333 2943; baseline 0.005 -23"><span class='ocrx_word' id='word_1_237' title='bbox 282 2867 371 2920; x_wconf 78' lang='lat' dir='ltr'><strong>Cerni.</strong></span> <span class='ocrx_word' id='word_1_238' title='bbox 385 2869 428 2919; x_wconf 84' lang='lat' dir='ltr'><strong>lV.</strong></span> <span class='ocrx_word' id='word_1_239' title='bbox 442 2867 549 2922; x_wconf 74' lang='lat' dir='ltr'><strong>videet</strong></span> <span class='ocrx_word' id='word_1_240' title='bbox 565 2867 630 2920; x_wconf 90' lang='lat' dir='ltr'><strong>Plin.</strong></span> <span class='ocrx_word' id='word_1_241' title='bbox 645 2867 721 2936; x_wconf 84' lang='lat' dir='ltr'><strong>XVI,</strong></span> <span class='ocrx_word' id='word_1_242' title='bbox 738 2869 783 2924; x_wconf 87' lang='lat'><strong>16:</strong></span> <span class='ocrx_word' id='word_1_243' title='bbox 830 2876 925 2928; x_wconf 72' lang='lat' dir='ltr'><strong>cedrus.</strong></span> <span class='ocrx_word' id='word_1_244' title='bbox 943 2876 1046 2926; x_wconf 78' lang='lat' dir='ltr'><strong>vitruv.</strong></span> <span class='ocrx_word' id='word_1_245' title='bbox 1066 2877 1106 2938; x_wconf 88' lang='lat' dir='ltr'><strong>II,</strong></span> <span class='ocrx_word' id='word_1_246' title='bbox 1123 2890 1140 2942; x_wconf 85' lang='lat'><em>9</em></span> <span class='ocrx_word' id='word_1_247' title='bbox 1156 2894 1162 2924; x_wconf 72' lang='grc' dir='ltr'>ε</span> <span class='ocrx_word' id='word_1_248' title='bbox 1182 2873 1333 2943; x_wconf 60' lang='lat' dir='ltr'><strong>Cupientes,</strong></span> 
     </span>
     <span class='ocr_line' id='line_1_30' title="bbox 287 2947 1335 3027; baseline -0.001 -27"><span class='ocrx_word' id='word_1_249' title='bbox 287 2947 433 3000; x_wconf 81' lang='lat' dir='ltr'><strong>Undantem</strong></span> <span class='ocrx_word' id='word_1_250' title='bbox 445 2949 494 3012; x_wconf 82' lang='lat' dir='ltr'><strong>sit,</strong></span> <span class='ocrx_word' id='word_1_251' title='bbox 508 2949 571 3018; x_wconf 79' lang='lat' dir='ltr'><strong>quin</strong></span> <span class='ocrx_word' id='word_1_252' title='bbox 580 2961 660 3000; x_wconf 74' lang='lat' dir='ltr'><strong>vento</strong></span> <span class='ocrx_word' id='word_1_253' title='bbox 672 2949 785 3020; x_wconf 78' lang='lat' dir='ltr'><strong>agitata,</strong></span> <span class='ocrx_word' id='word_1_254' title='bbox 830 2955 911 3018; x_wconf 83' lang='lat' dir='ltr'><strong>abies,</strong></span> <span class='ocrx_word' id='word_1_255' title='bbox 927 2965 953 3004; x_wconf 86' lang='lat' dir='ltr'><strong>et</strong></span> <span class='ocrx_word' id='word_1_256' title='bbox 968 2965 1063 3020; x_wconf 85' lang='lat' dir='ltr'><strong>cetera,</strong></span> <span class='ocrx_word' id='word_1_257' title='bbox 1076 2970 1135 3027; x_wconf 78' lang='lat' dir='ltr'><strong>quse</strong></span> <span class='ocrx_word' id='word_1_258' title='bbox 1148 2948 1261 3026; x_wconf 70' lang='lat' dir='ltr'><strong>edificiis</strong></span> <span class='ocrx_word' id='word_1_259' title='bbox 1274 2961 1335 3002; x_wconf 81' lang='lat' dir='ltr'><strong>sunt</strong></span> 
     </span>
     <span class='ocr_line' id='line_1_31' title="bbox 283 3027 1334 3106; baseline -0.003 -22"><span class='ocrx_word' id='word_1_260' title='bbox 283 3041 362 3082; x_wconf 75' lang='lat' dir='ltr'><strong>aettut</strong></span> <span class='ocrx_word' id='word_1_261' title='bbox 374 3027 507 3080; x_wconf 68' lang='lat' dir='ltr'><strong>undarum</strong></span> <span class='ocrx_word' id='word_1_262' title='bbox 519 3028 646 3080; x_wconf 66' lang='lat' dir='ltr'><strong>imitatur·</strong></span> <span class='ocrx_word' id='word_1_263' title='bbox 659 3028 767 3080; x_wconf 74' lang='lat' dir='ltr'><strong>Tssubm·</strong></span> <span class='ocrx_word' id='word_1_264' title='bbox 831 3035 938 3087; x_wconf 84' lang='lat' dir='ltr'><strong>idoneoe.</strong></span> <span class='ocrx_word' id='word_1_265' title='bbox 949 3035 982 3086; x_wconf 87' lang='lat' dir='ltr'><strong>Et</strong></span> <span class='ocrx_word' id='word_1_266' title='bbox 992 3035 1025 3087; x_wconf 88' lang='lat' dir='ltr'><strong>de</strong></span> <span class='ocrx_word' id='word_1_267' title='bbox 1035 3051 1177 3106; x_wconf 87' lang='lat' dir='ltr'><strong>cupresso,</strong></span> <span class='ocrx_word' id='word_1_268' title='bbox 1187 3045 1212 3084; x_wconf 80' lang='lat' dir='ltr'><strong>et</strong></span> <span class='ocrx_word' id='word_1_269' title='bbox 1221 3033 1286 3103; x_wconf 93' lang='lat' dir='ltr'><strong>pinu</strong></span> <span class='ocrx_word' id='word_1_270' title='bbox 1295 3033 1334 3082; x_wconf 82' lang='lat' dir='ltr'><strong>ita</strong></span> 
     </span>
     <span class='ocr_line' id='line_1_32' title="bbox 320 3106 1335 3178; baseline -0.002 -14"><span class='ocrx_word' id='word_1_271' title='bbox 320 3108 379 3178; x_wconf 81' lang='grc'><strong>439.</strong></span> <span class='ocrx_word' id='word_1_272' title='bbox 396 3110 475 3160; x_wconf 77' lang='lat' dir='ltr'><strong>curoe.</strong></span> <span class='ocrx_word' id='word_1_273' title='bbox 493 3106 579 3158; x_wconf 71' lang='lat' dir='ltr'><strong>Greci</strong></span> <span class='ocrx_word' id='word_1_274' title='bbox 592 3106 692 3159; x_wconf 79' lang='lat' dir='ltr'><strong>cultum</strong></span> <span class='ocrx_word' id='word_1_275' title='bbox 706 3107 786 3160; x_wconf 79' lang='lat' dir='ltr'><strong>arbo·</strong></span> <span class='ocrx_word' id='word_1_276' title='bbox 830 3113 930 3167; x_wconf 81' lang='lat' dir='ltr'><strong>ibidem</strong></span> <span class='ocrx_word' id='word_1_277' title='bbox 948 3137 953 3165; x_wconf 68' lang='grc' dir='ltr'>ι</span> <span class='ocrx_word' id='word_1_278' title='bbox 977 3115 1004 3164; x_wconf 80' lang='lat' dir='ltr'><strong>in</strong></span> <span class='ocrx_word' id='word_1_279' title='bbox 1025 3123 1173 3165; x_wconf 78' lang='lat' dir='ltr'><strong>vetustatem</strong></span> <span class='ocrx_word' id='word_1_280' title='bbox 1191 3111 1246 3163; x_wconf 79' lang='lat' dir='ltr'><strong>sine</strong></span> <span class='ocrx_word' id='word_1_281' title='bbox 1266 3111 1335 3162; x_wconf 75' lang='lat' dir='ltr'><strong>vitiis</strong></span> 
     </span>
     <span class='ocr_line' id='line_1_33' title="bbox 285 3187 1332 3264; baseline -0.002 -23"><span class='ocrx_word' id='word_1_282' title='bbox 285 3203 374 3244; x_wconf 73' lang='lat' dir='ltr'><strong>tumel</strong></span> <span class='ocrx_word' id='word_1_283' title='bbox 381 3189 532 3261; x_wconf 77' lang='lat' dir='ltr'><strong>plantarum</strong></span> <span class='ocrx_word' id='word_1_284' title='bbox 541 3187 783 3260; x_wconf 54' lang='lat' dir='ltr'><strong>&amp;spumiutvocanh</strong></span> <span class='ocrx_word' id='word_1_285' title='bbox 829 3205 1023 3256; x_wconf 70' lang='lat' dir='ltr'><strong>conservantur-3</strong></span> <span class='ocrx_word' id='word_1_286' title='bbox 1032 3206 1059 3244; x_wconf 78' lang='lat' dir='ltr'><strong>et</strong></span> <span class='ocrx_word' id='word_1_287' title='bbox 1068 3206 1174 3264; x_wconf 76' lang='lat' dir='ltr'><strong>postea:</strong></span> <span class='ocrx_word' id='word_1_288' title='bbox 1187 3213 1198 3237; x_wconf 73' lang='grc' dir='ltr'>ι</span> <span class='ocrx_word' id='word_1_289' title='bbox 1207 3189 1332 3261; x_wconf 78' lang='lat' dir='ltr'><strong>ideoque,</strong></span> 
     </span>
     <span class='ocr_line' id='line_1_34' title="bbox 319 3269 1333 3348; baseline 0 -26"><span class='ocrx_word' id='word_1_290' title='bbox 319 3270 379 3337; x_wconf 82' lang='grc'><strong>440.</strong></span> <span class='ocrx_word' id='word_1_291' title='bbox 403 3269 469 3341; x_wconf 81' lang='lat' dir='ltr'><strong>Ipsoe</strong></span> <span class='ocrx_word' id='word_1_292' title='bbox 493 3269 623 3322; x_wconf 80' lang='lat' dir='ltr'><strong>Caucasio.</strong></span> <span class='ocrx_word' id='word_1_293' title='bbox 648 3269 784 3320; x_wconf 76' lang='lat' dir='ltr'><strong>Caucasus</strong></span> <span class='ocrx_word' id='word_1_294' title='bbox 833 3293 913 3345; x_wconf 77' lang='lat' dir='ltr'><strong>«quae</strong></span> <span class='ocrx_word' id='word_1_295' title='bbox 925 3273 1007 3326; x_wconf 76' lang='lat' dir='ltr'><strong>erbis</strong></span> <span class='ocrx_word' id='word_1_296' title='bbox 1021 3272 1162 3348; x_wconf 70' lang='lat' dir='ltr'><strong>generibus</strong></span> <span class='ocrx_word' id='word_1_297' title='bbox 1177 3288 1259 3342; x_wconf 81' lang='lat' dir='ltr'><strong>opera</strong></span> <span class='ocrx_word' id='word_1_298' title='bbox 1271 3288 1333 3322; x_wconf 78' lang='lat' dir='ltr'><strong>cun·</strong></span> 
     </span>
     <span class='ocr_line' id='line_1_35' title="bbox 283 3346 1333 3424; baseline -0.001 -23"><span class='ocrx_word' id='word_1_299' title='bbox 283 3367 359 3402; x_wconf 83' lang='lat' dir='ltr'><strong>mons</strong></span> <span class='ocrx_word' id='word_1_300' title='bbox 372 3363 412 3400; x_wconf 87' lang='lat' dir='ltr'><strong>est</strong></span> <span class='ocrx_word' id='word_1_301' title='bbox 423 3346 551 3421; x_wconf 73' lang='lat' dir='ltr'><strong>Scythiae,</strong></span> <span class='ocrx_word' id='word_1_302' title='bbox 564 3349 666 3420; x_wconf 91' lang='lat' dir='ltr'><strong>positus</strong></span> <span class='ocrx_word' id='word_1_303' title='bbox 678 3346 722 3398; x_wconf 92' lang='lat' dir='ltr'><strong>hic</strong></span> <span class='ocrx_word' id='word_1_304' title='bbox 734 3365 783 3419; x_wconf 89' lang='lat' dir='ltr'><strong>pru</strong></span> <span class='ocrx_word' id='word_1_305' title='bbox 833 3355 1015 3420; x_wconf 77' lang='lat' dir='ltr'><strong>«stituuntur,</strong></span> <span class='ocrx_word' id='word_1_306' title='bbox 1032 3363 1189 3424; x_wconf 76' lang='lat' dir='ltr'><strong>permanent</strong></span> <span class='ocrx_word' id='word_1_307' title='bbox 1206 3348 1240 3402; x_wconf 82' lang='lat' dir='ltr'><strong>sd</strong></span> <span class='ocrx_word' id='word_1_308' title='bbox 1259 3363 1333 3402; x_wconf 73' lang='lat' dir='ltr'><strong>uter-</strong></span> 
     </span>
     <span class='ocr_line' id='line_1_36' title="bbox 285 3427 1331 3502; baseline -0.01 -21"><span class='ocrx_word' id='word_1_309' title='bbox 285 3427 449 3502; x_wconf 85' lang='lat' dir='ltr'><strong>quibuslibet</strong></span> <span class='ocrx_word' id='word_1_310' title='bbox 466 3429 617 3499; x_wconf 78' lang='lat' dir='ltr'><strong>asperrimis</strong></span> <span class='ocrx_word' id='word_1_311' title='bbox 632 3427 783 3480; x_wconf 81' lang='lat' dir='ltr'><strong>montibus:</strong></span> <span class='ocrx_word' id='word_1_312' title='bbox 834 3453 918 3486; x_wconf 73' lang='lat' dir='ltr'><strong>..mun</strong></span> <span class='ocrx_word' id='word_1_313' title='bbox 939 3432 1179 3486; x_wconf 49' lang='lat' dir='ltr'><strong>diuturnitatem„</strong></span> <span class='ocrx_word' id='word_1_314' title='bbox 1200 3430 1331 3482; x_wconf 75' lang='lat' dir='ltr'><strong>Adhibet-</strong></span> 
     </span>
     <span class='ocr_line' id='line_1_37' title="bbox 285 3506 1331 3586; baseline 0.002 -27"><span class='ocrx_word' id='word_1_315' title='bbox 285 3506 386 3560; x_wconf 86' lang='lat' dir='ltr'><strong>steriles</strong></span> <span class='ocrx_word' id='word_1_316' title='bbox 406 3519 495 3559; x_wconf 82' lang='lat' dir='ltr'><strong>sutem</strong></span> <span class='ocrx_word' id='word_1_317' title='bbox 511 3507 549 3558; x_wconf 81' lang='lat' dir='ltr'><strong>sit</strong></span> <span class='ocrx_word' id='word_1_318' title='bbox 563 3507 659 3572; x_wconf 81' lang='lat' dir='ltr'><strong>silvas,</strong></span> <span class='ocrx_word' id='word_1_319' title='bbox 676 3526 785 3579; x_wconf 82' lang='lat' dir='ltr'><strong>compu-</strong></span> <span class='ocrx_word' id='word_1_320' title='bbox 832 3533 883 3586; x_wconf 73' lang='lat' dir='ltr'><strong>que</strong></span> <span class='ocrx_word' id='word_1_321' title='bbox 901 3517 1051 3579; x_wconf 72' lang='lat' dir='ltr'><strong>rationem,</strong></span> <span class='ocrx_word' id='word_1_322' title='bbox 1073 3533 1120 3566; x_wconf 81' lang='lat' dir='ltr'><strong>eur</strong></span> <span class='ocrx_word' id='word_1_323' title='bbox 1144 3513 1199 3564; x_wconf 83' lang='lat' dir='ltr'><strong>istae</strong></span> <span class='ocrx_word' id='word_1_324' title='bbox 1223 3509 1331 3564; x_wconf 77' lang='lat' dir='ltr'><strong>arbores</strong></span> 
     </span>
     <span class='ocr_line' id='line_1_38' title="bbox 256 3585 1330 3667; baseline -0.005 -19"><span class='ocrx_word' id='word_1_325' title='bbox 256 3638 259 3648; x_wconf 76' lang='grc'>,</span> <span class='ocrx_word' id='word_1_326' title='bbox 285 3589 389 3639; x_wconf 78' lang='lat' dir='ltr'><strong>ratione</strong></span> <span class='ocrx_word' id='word_1_327' title='bbox 400 3587 592 3656; x_wconf 69' lang='lat' dir='ltr'><strong>P0¹1¹lf²¹¹⁸f¹1m</strong></span> <span class='ocrx_word' id='word_1_328' title='bbox 608 3585 743 3640; x_wconf 82' lang='lat' dir='ltr'><strong>nrborum.</strong></span> <span class='ocrx_word' id='word_1_329' title='bbox 758 3591 785 3643; x_wconf 85' lang='lat' dir='ltr'><strong>S·</strong></span> <span class='ocrx_word' id='word_1_330' title='bbox 830 3615 899 3667; x_wconf 88' lang='lat' dir='ltr'><strong>pene</strong></span> <span class='ocrx_word' id='word_1_331' title='bbox 911 3609 1022 3649; x_wconf 74' lang='lat' dir='ltr'><strong>seternte.</strong></span> <span class='ocrx_word' id='word_1_332' title='bbox 1038 3594 1109 3662; x_wconf 83' lang='lat' dir='ltr'><strong>Quis</strong></span> <span class='ocrx_word' id='word_1_333' title='bbox 1121 3593 1190 3644; x_wconf 87' lang='lat' dir='ltr'><strong>inest</strong></span> <span class='ocrx_word' id='word_1_334' title='bbox 1203 3593 1230 3643; x_wconf 92' lang='lat' dir='ltr'><strong>iu</strong></span> <span class='ocrx_word' id='word_1_335' title='bbox 1241 3609 1330 3644; x_wconf 83' lang='lat' dir='ltr'><strong>esrum</strong></span> 
     </span>
     <span class='ocr_line' id='line_1_39' title="bbox 314 3666 1330 3745; baseline 0.003 -27"><span class='ocrx_word' id='word_1_336' title='bbox 314 3666 786 3738; x_wconf 61' lang='lat' dir='ltr'><strong>dlbllluvipiispinos.Curpinusuti-</strong></span> <span class='ocrx_word' id='word_1_337' title='bbox 802 3733 807 3738; x_wconf 89' lang='lat'><strong>.</strong></span> <span class='ocrx_word' id='word_1_338' title='bbox 830 3675 990 3745; x_wconf 86' lang='lat' dir='ltr'><strong>corporibus</strong></span> <span class='ocrx_word' id='word_1_339' title='bbox 999 3691 1105 3726; x_wconf 80' lang='lat' dir='ltr'><strong>amarus</strong></span> <span class='ocrx_word' id='word_1_340' title='bbox 1116 3670 1224 3743; x_wconf 83' lang='lat' dir='ltr'><strong>quidam</strong></span> <span class='ocrx_word' id='word_1_341' title='bbox 1237 3689 1330 3742; x_wconf 81' lang='lat' dir='ltr'><strong>sapor,</strong></span> 
     </span>
     <span class='ocr_line' id='line_1_40' title="bbox 283 3743 1328 3826; baseline 0.009 -33"><span class='ocrx_word' id='word_1_342' title='bbox 283 3747 315 3798; x_wconf 73' lang='lat' dir='ltr'><strong>lis</strong></span> <span class='ocrx_word' id='word_1_343' title='bbox 327 3745 456 3816; x_wconf 76' lang='lat' dir='ltr'><strong>navigiis?</strong></span> <span class='ocrx_word' id='word_1_344' title='bbox 468 3743 603 3815; x_wconf 81' lang='lat' dir='ltr'><strong>Theuphr.</strong></span> <span class='ocrx_word' id='word_1_345' title='bbox 617 3763 699 3816; x_wconf 86' lang='lat' dir='ltr'><strong>quum</strong></span> <span class='ocrx_word' id='word_1_346' title='bbox 711 3748 786 3803; x_wconf 86' lang='lat' dir='ltr'><strong>dixe-</strong></span> <span class='ocrx_word' id='word_1_347' title='bbox 831 3757 961 3826; x_wconf 79' lang='lat' dir='ltr'><strong>quiescet</strong></span> <span class='ocrx_word' id='word_1_348' title='bbox 972 3756 1089 3819; x_wconf 83' lang='lat' dir='ltr'><strong>cariem,</strong></span> <span class='ocrx_word' id='word_1_349' title='bbox 1101 3765 1180 3805; x_wconf 84' lang='lat' dir='ltr'><strong>eteus</strong></span> <span class='ocrx_word' id='word_1_350' title='bbox 1189 3751 1328 3816; x_wconf 77' lang='lat' dir='ltr'><strong>bestiolas,</strong></span> 
     </span>
     <span class='ocr_line' id='line_1_41' title="bbox 284 3820 1330 3907; baseline 0.006 -29"><span class='ocrx_word' id='word_1_351' title='bbox 284 3827 319 3878; x_wconf 86' lang='lat' dir='ltr'><strong>rit</strong></span> <span class='ocrx_word' id='word_1_352' title='bbox 345 3825 412 3876; x_wconf 85' lang='lat' dir='ltr'><strong>Hist.</strong></span> <span class='ocrx_word' id='word_1_353' title='bbox 428 3825 465 3890; x_wconf 84' lang='lat' dir='ltr'><strong>V,</strong></span> <span class='ocrx_word' id='word_1_354' title='bbox 482 3825 498 3878; x_wconf 83' lang='lat'>8</span> <span class='ocrx_word' id='word_1_355' title='bbox 513 3846 519 3874; x_wconf 74' lang='grc' dir='ltr'><strong><em>ε</em></strong></span> <span class='ocrx_word' id='word_1_356' title='bbox 538 3821 607 3878; x_wconf 67' lang='lat' dir='ltr'><strong>nien</strong></span> <span class='ocrx_word' id='word_1_357' title='bbox 619 3823 662 3892; x_wconf 71' lang='lat' dir='ltr'><strong>psit</strong></span> <span class='ocrx_word' id='word_1_358' title='bbox 680 3820 730 3897; x_wconf 75' lang='lat' dir='ltr'><strong>sir,</strong></span> <span class='ocrx_word' id='word_1_359' title='bbox 744 3829 784 3883; x_wconf 75' lang='lat' dir='ltr'><strong>ul</strong></span> <span class='ocrx_word' id='word_1_360' title='bbox 831 3832 928 3906; x_wconf 88' lang='lat' dir='ltr'><strong>quibus</strong></span> <span class='ocrx_word' id='word_1_361' title='bbox 939 3854 970 3887; x_wconf 85' lang='lat' dir='ltr'><strong>ea</strong></span> <span class='ocrx_word' id='word_1_362' title='bbox 977 3835 1102 3907; x_wconf 79' lang='lat' dir='ltr'><strong>gignitur.</strong></span> <span class='ocrx_word' id='word_1_363' title='bbox 1113 3833 1190 3885; x_wconf 80' lang='lat' dir='ltr'><strong>Puris</strong></span> <span class='ocrx_word' id='word_1_364' title='bbox 1200 3832 1288 3882; x_wconf 81' lang='lat' dir='ltr'><strong>statim</strong></span> <span class='ocrx_word' id='word_1_365' title='bbox 1297 3829 1330 3884; x_wconf 86' lang='lat' dir='ltr'><strong>de</strong></span> 
     </span>
     <span class='ocr_line' id='line_1_42' title="bbox 282 3900 1331 3984; baseline 0.002 -24"><span class='ocrx_word' id='word_1_366' title='bbox 282 3903 355 3960; x_wconf 65' lang='lat' dir='ltr'><strong>mlta</strong></span> <span class='ocrx_word' id='word_1_367' title='bbox 366 3900 614 3971; x_wconf 51' lang='lat' dir='ltr'><strong>rsvmpioipuabies</strong></span> <span class='ocrx_word' id='word_1_368' title='bbox 622 3918 648 3958; x_wconf 86' lang='lat' dir='ltr'><strong>et</strong></span> <span class='ocrx_word' id='word_1_369' title='bbox 654 3909 732 3980; x_wconf 82' lang='lat' dir='ltr'><strong>pinus</strong></span> <span class='ocrx_word' id='word_1_370' title='bbox 740 3929 785 3984; x_wconf 82' lang='lat' dir='ltr'><strong>ap·</strong></span> <span class='ocrx_word' id='word_1_371' title='bbox 830 3913 925 3976; x_wconf 84' lang='lat' dir='ltr'><strong>cedro;</strong></span> <span class='ocrx_word' id='word_1_372' title='bbox 941 3927 967 3967; x_wconf 92' lang='lat' dir='ltr'><strong>et</strong></span> <span class='ocrx_word' id='word_1_373' title='bbox 979 3915 1042 3979; x_wconf 84' lang='lat' dir='ltr'><strong>vll,</strong></span> <span class='ocrx_word' id='word_1_374' title='bbox 1055 3913 1087 3976; x_wconf 83' lang='lat'><strong>3;</strong></span> <span class='ocrx_word' id='word_1_375' title='bbox 1103 3913 1156 3979; x_wconf 79' lang='lat' dir='ltr'><strong>ait,</strong></span> <span class='ocrx_word' id='word_1_376' title='bbox 1171 3928 1270 3964; x_wconf 77' lang='lat' dir='ltr'><strong>asseres</strong></span> <span class='ocrx_word' id='word_1_377' title='bbox 1288 3929 1331 3962; x_wconf 83' lang='lat' dir='ltr'><strong>es·</strong></span> 
     </span>
     <span class='ocr_line' id='line_1_43' title="bbox 283 3984 1328 4066; baseline 0.001 -25"><span class='ocrx_word' id='word_1_378' title='bbox 283 3987 384 4041; x_wconf 75' lang='lat' dir='ltr'><strong>tissime</strong></span> <span class='ocrx_word' id='word_1_379' title='bbox 393 3987 512 4051; x_wconf 82' lang='lat' dir='ltr'><strong>navibus,</strong></span> <span class='ocrx_word' id='word_1_380' title='bbox 523 3984 598 4039; x_wconf 78' lang='lat' dir='ltr'><strong>addit</strong></span> <span class='ocrx_word' id='word_1_381' title='bbox 609 3990 739 4043; x_wconf 84' lang='lat' dir='ltr'><strong>rationem</strong></span> <span class='ocrx_word' id='word_1_382' title='bbox 749 3991 783 4044; x_wconf 87' lang='lat' dir='ltr'><strong>de</strong></span> <span class='ocrx_word' id='word_1_383' title='bbox 829 4011 962 4046; x_wconf 70' lang='lat' dir='ltr'><strong>merorum</strong></span> <span class='ocrx_word' id='word_1_384' title='bbox 975 3992 1073 4046; x_wconf 87' lang='lat' dir='ltr'><strong>debere</strong></span> <span class='ocrx_word' id='word_1_385' title='bbox 1088 4009 1146 4044; x_wconf 85' lang='lat' dir='ltr'><strong>esse</strong></span> <span class='ocrx_word' id='word_1_386' title='bbox 1163 3992 1328 4066; x_wconf 84' lang='lat' dir='ltr'><strong>cupressiuos</strong></span> 
     </span>
     <span class='ocr_line' id='line_1_44' title="bbox 282 4061 1147 4140; baseline 0.003 -22"><span class='ocrx_word' id='word_1_387' title='bbox 282 4070 363 4139; x_wconf 88' lang='lat' dir='ltr'><strong>pino,</strong></span> <span class='ocrx_word' id='word_1_388' title='bbox 375 4065 418 4120; x_wconf 75' lang='lat' dir='ltr'><strong>hii</strong></span> <span class='ocrx_word' id='word_1_389' title='bbox 427 4061 455 4119; x_wconf 75' lang='lat' dir='ltr'><strong>ri</strong></span> <span class='ocrx_word' id='word_1_390' title='bbox 467 4061 574 4128; x_wconf 68' lang='lat' dir='ltr'><strong>iteris,</strong></span> <span class='ocrx_word' id='word_1_391' title='bbox 586 4067 649 4138; x_wconf 76' lang='lat' dir='ltr'><strong>quia</strong></span> <span class='ocrx_word' id='word_1_392' title='bbox 664 4087 719 4122; x_wconf 73' lang='lat' dir='ltr'><strong>non</strong></span> <span class='ocrx_word' id='word_1_393' title='bbox 731 4089 784 4140; x_wconf 76' lang='lat' dir='ltr'><strong>pu·</strong></span> <span class='ocrx_word' id='word_1_394' title='bbox 829 4072 865 4124; x_wconf 88' lang='lat' dir='ltr'><strong>ob</strong></span> <span class='ocrx_word' id='word_1_395' title='bbox 876 4084 1044 4126; x_wconf 76' lang='lat' dir='ltr'><strong>vetustatem.</strong></span> <span class='ocrx_word' id='word_1_396' title='bbox 1060 4065 1147 4126; x_wconf 55' lang='lat' dir='ltr'><strong>cerda.</strong></span> 
     </span>
    </p>
   </div>
   <div class='ocr_carea' id='block_1_8' title="bbox 0 0 1464 4682">
    <p class='ocr_par' dir='ltr' id='par_1_9' title="bbox 0 0 1464 4682">
     <span class='ocr_line' id='line_1_45' title="bbox 0 0 1464 4682; baseline 0 0"><span class='ocrx_word' id='word_1_397' title='bbox 0 0 1464 4682; x_wconf 95' lang='lat' dir='ltr'><strong> </strong></span> 
     </span>
    </p>
   </div>
  </div>
 </body>
</html>
