2970 4714
588 403 638 468 ΙΝ
662 395 905 466 CULICEM.
1228 407 1265 474 13

230 527 302 615 ipso
315 525 510 615 corruptelae
525 523 677 590 dictionis
693 540 725 588 et
737 524 906 588 sententiae
917 521 1076 611 plurimae.
1093 527 1195 594 Aliter
1209 530 1266 594 ita-

230 635 345 722 quein
361 634 412 698 bis
428 631 627 699 carminibus
644 628 844 696 instituenda
863 630 925 694 fuit
943 653 1043 718 opera
1059 655 1145 714 mea,
1166 659 1266 724 quam

228 738 263 801 in
273 739 497 828 superioribus
507 737 739 817 voluminibus,
749 759 852 826 quum
862 737 895 800 in
906 738 1183 826 interpretationis
1195 743 1268 808 sub·

228 845 344 910 tilitate
361 846 465 935 major
478 843 578 910 studii
594 845 697 908 nostri
714 863 788 931 pars
804 857 998 906 versaretur.
1017 845 1112 910 Nunc
1125 849 1214 912 enim
1229 872 1267 914 ea

230 949 300 1014 iere
314 967 382 1016 tota
398 950 440 1017 ad
456 951 583 1017 criticas
599 947 913 1028 animadversiones,
931 949 1173 1042 lectionemque
1188 977 1268 1020 con-

230 1055 429 1121 stituendam
443 1057 495 1122 vel
510 1055 764 1134 emendandam,
780 1054 1007 1119 transferenda
1022 1075 1100 1122 erat.
1117 1062 1266 1150 Proposi-

229 1177 301 1226 tum
314 1165 425 1252 itaque
439 1163 538 1227 velim
550 1161 614 1226 boc
626 1161 782 1225 volumen
794 1158 1073 1241 adolescentibus,
1090 1165 1147 1252 qui
1161 1166 1194 1228 in
1209 1169 1269 1231 cri·

229 1269 295 1332 tico
310 1268 420 1332 studio
432 1288 584 1332 exercere
596 1267 726 1354 ingenia
738 1264 867 1345 volunt,
884 1282 1040 1354 tanquam
1052 1289 1219 1357 campum,
1235 1273 1269 1337 in

230 1394 298 1462 quo
316 1373 407 1437 lusus
425 1372 524 1461 hujus
542 1372 677 1460 ingenui
695 1372 880 1459 periculum
900 1369 1036 1460 aliquod
1057 1373 1190 1456 faciant,
1213 1393 1271 1442 aut

229 1496 362 1567 gustum
372 1480 487 1544 saltem
497 1476 558 1543 sibi
568 1495 778 1566 comparent:
792 1494 829 1541 ut
838 1493 948 1541 temen
959 1499 1034 1557 nec,
1047 1501 1113 1542 uno
1124 1497 1157 1544 et
1165 1482 1269 1547 altero

229 1583 373 1650 ludentis
390 1584 511 1672 ingenii
528 1605 681 1650 successu
698 1600 731 1648 et
746 1582 844 1648 leude
862 1583 1042 1648 exultantes
1058 1585 1111 1648 vel
1129 1589 1270 1653 vanitate

229 1687 350 1755 blanda
364 1707 542 1769 tumentes,
561 1691 595 1753 in
612 1688 674 1754 bac
687 1688 787 1754 studii
802 1705 895 1777 parte
911 1688 1104 1770 subsistant,
1122 1714 1268 1758 omnem·

230 1817 296 1884 que
319 1795 487 1860 literarum
506 1794 669 1860 bonarum
685 1793 819 1858 laudem
838 1809 871 1858 et
890 1795 1035 1860 fructum
1053 1797 1087 1860 in
1107 1821 1172 1864 una
1191 1823 1269 1866 con-

225 1900 371 1990 jectandi
396 1919 430 1966 et
448 1923 545 1966 voces
564 1923 730 1990 sonosque
752 1899 900 1964 variandi
921 1900 1098 1967 calliditate
1124 1907 1267 1993 positum

228 2005 389 2086 arbitrati,
415 2007 538 2097 majora
560 2025 593 2072 et
616 2008 764 2095 graviora
789 2005 939 2085 consilia,
965 2028 1038 2095 quae
1064 2009 1098 2073 in
1123 2009 1269 2101 legendis

229 2112 443 2202 scriptoribus
466 2113 614 2179 Classicis
638 2112 806 2201 proposita
828 2133 899 2178 esse
924 2111 1060 2194 debent,
1085 2119 1267 2208 negligant,

229 2243 305 2285 mox
316 2219 414 2284 etiam
423 2236 650 2299 contemnant,
668 2209 937 2283 se'emendandis
948 2218 986 2284 iis
996 2237 1089 2286 natos
1104 2225 1178 2304 rati,
1191 2248 1272 2314 quo-

230 2347 305 2388 rum
325 2348 387 2390 nec
408 2325 601 2404 sententias,
620 2347 689 2403 res,
706 2341 738 2388 et
760 2323 926 2389 doctrinas
946 2344 1181 2413 assequuntur,
1209 2355 1270 2398 nec

229 2433 399 2520 elegantiae
417 2455 455 2498 ac
472 2433 667 2521 praestantiae
686 2453 819 2496 sensum
839 2447 872 2495 et
885 2431 1048 2520 judicium
1071 2452 1197 2500 rectum
1212 2439 1270 2504 ba-

229 2537 320 2604 bent.
342 2539 442 2626 Atqui
455 2539 582 2603 critices
603 2537 751 2602 studium
772 2534 1004 2602 subsidiarium
1023 2559 1094 2604 esse
1112 2540 1268 2627 debebat,
1355 2541 1362 2554 ⁰

230 2642 319 2710 baud
334 2645 536 2733 primarium.

273 2753 445 2831 Ceterum,
464 2768 642 2840 antequam
660 2751 810 2815 lectionis
830 2750 991 2838 originem
1010 2766 1043 2816 et
1060 2775 1270 2844 progressum

229 2855 272 2920 ad
287 2855 552 2922 emendationem
569 2857 646 2920 satis
660 2872 811 2921 accurate
825 2877 1025 2943 cognoscere
1039 2856 1166 2940 liceret,
1188 2863 1269 2927 mibi

230 2962 388 3027 molestiae
402 2964 436 3026 in
451 2962 516 3028 boc
530 2961 786 3051 etsequentibus
801 2960 1001 3026 carminibus
1016 2966 1204 3033 enarrandis
1215 2969 1270 3034 de·

229 3068 384 3132 rorandae
398 3069 491 3133 fuere
505 3068 669 3156 plurimae,
685 3089 800 3156 eaeque
814 3066 972 3130 maximae.
989 3069 1084 3134 Nunc
1098 3074 1174 3137 satis
1189 3074 1270 3140 mihi

230 3171 336 3260 liquet
347 3173 492 3238 Culicem
503 3175 611 3238 stetim
627 3175 661 3237 in
676 3172 822 3238 editione
834 3172 983 3259 principe
995 3173 1177 3260 vulgatum,
1193 3178 1271 3245 inde

230 3279 266 3342 iu
283 3278 393 3340 multis
409 3277 479 3342 aliis
498 3278 699 3344 editionibus
717 3279 909 3366 repetitum,
930 3277 982 3338 vix
998 3293 1108 3342 tamen
1125 3283 1270 3350 criticam

147 3361 151 3370 ¹
231 3405 367 3449 manum
381 3403 452 3448 esse
469 3399 639 3469 expertum
653 3401 729 3448 ante
746 3387 780 3447 P.
798 3377 968 3445 Bembum.
986 3381 1068 3444 Nam
1085 3384 1119 3448 in
1134 3389 1269 3456 Domitii

232 3489 411 3568 calderim,
431 3489 605 3577 Pomponii
621 3490 745 3569 Sabini,
764 3484 1051 3553 etBadiiAscensii
1069 3514 1269 3564 commenta·

231 3599 288 3664 riis
306 3613 426 3686 praeter
442 3595 611 3684 vulgarem
629 3596 819 3662 varietatem
837 3589 921 3658 nihil
939 3599 1094 3678 occurrit,
1117 3599 1208 3688 quod
1226 3603 1268 3670 ad

223 3701 496 3768 ‘emendationem
514 3717 620 3789 poetae
639 3699 745 3766 faciat.
765 3703 907 3779 bembus
924 3725 1035 3777 autem
1052 3723 1173 3795 praeter
1190 3707 1270 3774 elte-

233 3890 455 3963 exemplopamit,
467 3904 566 3963 quanto
579 3890 727 3964 expeditius
772 3903 869 3954 tenti„
881 3905 997 3974 integras
1010 3898 1159 3950 summatim
1173 3895 1269 3948 efferre

233 3983 301 4024 esset
321 3984 429 4042 p⁰et⁸m
450 3974 566 4025 carmine
585 3971 728 4024 vernaculo
773 3975 1271 4053 ejusvepartesinquemcunqueplaee·

231 4047 356 4114 reddere,
368 4067 446 4121 quern
455 4050 535 4103 rerba
548 4051 680 4104 subtiliter
689 4053 729 4104 iu·
773 4055 1274 4124 retsensumdellectere,autverbacor·

232 4131 379 4202 terpretari.
392 4129 465 4186 Nihil
477 4131 660 4188 enimrembat
670 4150 731 4188 sen·
773 4130 1233 4206 rupteaptieetidoneispermutere.
