2918 4682
331 371 383 436 IN
406 367 792 446 GEORGICORUM
816 371 910 434 LlB.
936 371 986 434 ll.
1117 369 1178 458 473

179 488 247 567 ald.
258 493 413 553 Hactenus
424 487 487 549 (luo
499 504 620 549 tanturn
632 490 755 564 docuit,
767 490 1010 570 spissitudinem,
1022 511 1181 573 saporem,

129 593 169 640 et
180 595 346 662 utrumque
356 580 451 660 longo
464 599 603 638 excursu.
620 579 710 637 Nunc
723 577 857 637 breviter
869 578 967 638 multa
980 579 1086 654 docet;
1099 578 1184 639 vide·

128 667 228 744 licet,
242 691 310 751 quae
325 672 388 730 sint
402 667 519 727 indicia
537 683 624 727 terrae
639 668 779 749 pinguis,
795 665 948 742 humidae,
963 671 1080 748 gravis,
1092 667 1184 742 levis,

129 757 250 836 nigras,
269 757 400 838 frigidae.
423 757 476 816 Est
491 757 629 838 pinguis,
652 775 721 836 quae
733 756 848 834 jactata
863 754 1020 832 manibus,
1046 770 1182 831 versata,

130 863 172 904 ac
190 847 277 920 trita,
299 867 461 928 nunquam
475 846 605 920 fatiscit,
627 866 788 926 nunquam
807 848 848 905 ita
864 847 1023 921 atteritur,
1042 861 1076 906 ut
1091 843 1183 906 abeat

131 933 168 990 in
183 936 340 1012 arenulas,
360 951 453 1017 atque
467 937 598 995 omnino
611 947 729 1015 pereat3
753 933 803 993 sed
819 935 949 1010 resistit,
970 934 1128 1017 haeretque
1143 933 1182 994 ad

130 1021 267 1102 digitos,
289 1042 320 1086 et
336 1029 435 1086 instar
452 1027 530 1107 picis
549 1025 707 1098 lentescit,
726 1025 803 1084 dum
820 1024 955 1086 habetur
969 1027 1001 1084 in
1018 1025 1182 1084 manibus:

130 1127 181 1170 est
201 1111 345 1190 humida,
368 1137 438 1198 quas
451 1115 506 1174 alit
519 1114 629 1174 herbas
643 1113 777 1195 majores
792 1114 902 1188 solit03
922 1135 990 1195 quae
1007 1113 1107 1173 laetior
1122 1126 1181 1186 est,

130 1218 231 1276 quarn
250 1217 404 1283 oporteat3
422 1201 503 1284 proh
523 1223 573 1262 mc
595 1204 744 1262 miserum
764 1203 952 1284 agricolam,
977 1203 1002 1260 si
1028 1216 1108 1260 terra
1128 1203 1184 1260 ista

130 1287 273 1348 nimium
283 1293 323 1350 sit
333 1289 459 1365 fertilis,
471 1292 496 1350 si
508 1292 625 1371 primas
635 1292 741 1350 aristas
752 1305 888 1351 ostentet
896 1289 1097 1373 praevalidas,
1110 1309 1184 1347 nam

131 1374 194 1432 ista
208 1375 324 1453 indicia
338 1392 410 1437 sunt
425 1377 545 1438 telluris
557 1378 744 1438 luxuriantis
759 1393 790 1438 et
804 1379 960 1452 evanidae,
977 1397 1042 1436 non
1055 1377 1185 1456 benigni

131 1477 326 1540 proventus:
347 1480 393 1525 cst
412 1467 529 1546 gravis,
551 1469 601 1526 cui
620 1466 754 1526 multum
772 1467 940 1547 ponderis:
961 1479 1005 1524 est
1021 1463 1113 1540 levis,
1132 1465 1184 1523 cui

131 1570 265 1628 parum:
281 1567 325 1614 est
334 1554 450 1614 coloris
467 1555 567 1630 illius,
583 1577 675 1636 quern
687 1554 769 1615 oculi
780 1557 969 1638 percipiunt,
986 1556 1017 1612 in
1030 1574 1093 1634 quo
1104 1550 1184 1612 nilril

131 1634 253 1700 laboris
269 1642 308 1702 ad
325 1643 478 1705 indicium
490 1669 497 1703 ι
511 1661 557 1705 est
569 1645 700 1726 frigida,
716 1665 786 1727 quae
801 1665 849 1704 res
865 1643 1027 1704 difficilior
1039 1637 1182 1722 cognitu,

132 1725 167 1783 in
184 1747 245 1808 qua
262 1745 383 1792 tantum
398 1749 567 1794 nascuntur
577 1737 688 1815 piceae,
710 1732 866 1792 interdum
884 1734 961 1804 taxi,
977 1745 1006 1791 et
1018 1732 1114 1811 nigrae
1128 1730 1184 1790 he-

134 1815 227 1878 dere.

175 1907 256 1970 Pans
271 1932 396 1984 oorura.
418 1915 485 1994 259.
508 1913 632 1974 Caeteris
647 1914 772 1996 longius
785 1909 985 1994 producitur,
1007 1925 1041 1970 ut
1061 1929 1130 1991 quae
1150 1909 1181 1967 in

133 1994 253 2056 vitibus
266 2015 418 2078 versatur,
431 2023 500 2083 quae
513 2004 677 2063 continent
689 2004 884 2084 praecipuum
896 2016 1114 2082 argumentum
1127 1996 1184 2056 hu-

132 2081 185 2159 jus
201 2084 284 2146 libri.
300 2088 417 2170 Incipit
432 2111 505 2151 vero
517 2090 898 2173 asatione,docetqueuti
908 2088 1040 2171 parandi
1051 2085 1183 2147 scrobes.

135 2174 190 2232 Vis
203 2183 347 2260 praecepti
363 2184 457 2262 primi
473 2183 507 2242 in
523 2181 583 2242 lroc
600 2196 644 2241 est
659 2183 775 2262 posita;
794 2179 907 2240 debere
923 2178 1107 2262 agricolam,
1129 2177 1183 2257 qui

132 2259 331 2339 plantaturus
345 2285 390 2328 est
402 2271 557 2344 vinetum,
572 2270 671 2329 multo
685 2283 757 2328 ante
770 2269 891 2332 scrobes
904 2267 1020 2342 facere,
1034 2280 1070 2324 ut
1081 2265 1182 2324 solum

134 2345 213 2408 illud
229 2372 420 2436 excoquatur
434 2357 620 2440 recipiendis
635 2356 766 2416 surculis
781 2377 899 2438 :quum
914 2377 988 2414 vero
1004 2356 1078 2414 vites
1093 2351 1184 2434 plan·

134 2437 235 2498 modae
256 2445 320 2501 sint
337 2446 389 2523 (ut
404 2462 510 2527 postea
523 2447 665 2524 docebit)
685 2466 782 2505 verno
801 2459 955 2526 tempore,
978 2441 1183 2502 necessarium

136 2527 208 2602 crit,
225 2533 388 2593 utscrobes
404 2533 478 2594 facti
494 2533 611 2596 fuerint
620 2556 675 2617 per
685 2549 783 2595 totam
794 2529 1181 2616 praecetlcntcmhyemem.

135 2611 209 2672 ldeo
222 2619 266 2676 ait
280 2619 386 2699 glebas
402 2624 577 2704 supinatas,
593 2624 699 2696 idest,
720 2620 849 2682 effossas
865 2623 1064 2699 inversasque
1080 2629 1182 2675 osten-

136 2699 250 2764 dendas
264 2708 427 2789 Aquiloni,
440 2712 472 2771 id
486 2727 545 2790 est,
557 2712 677 2794 lryerni,
694 2727 723 2772 et
738 2712 847 2794 frigori
863 2709 1052 2793 praecedenti
1067 2725 1130 2764 ver.

136 2867 636 2930 inMetlieeo.Pier.-llancultimam
681 2875 758 2948 gibus
777 2890 877 2929 nocet:
901 2893 966 2946 quas
989 2872 1069 2924 culmi
1090 2884 1183 2922 tenues

138 2950 288 3016 opinionem
311 2957 407 3005 acriter
428 2970 454 3008 et
476 2957 554 3010 docte
576 2975 636 3010 meo
681 2957 751 3011 ferre
765 2975 819 3008 uon
830 2967 949 3026 possunt.
961 2954 1030 3004 Scau.

137 3025 234 3092 judicio
248 3027 369 3082 defendit
380 3047 405 3084 et
420 3033 517 3104 probat
534 3036 571 3088 Cl.
587 3038 637 3086 Po·
718 3035 776 3104 259.
800 3037 847 3088 His
862 3033 1052 3086 animadversis.
1075 3029 1105 3081 ld
1124 3043 1182 3095 est,

140 3104 195 3167 tier,
206 3106 240 3154 11⁰
253 3107 302 3172 IV,
313 3108 330 3157 l.
344 3110 389 3160 cit.
402 3131 462 3182 pag.
474 3112 526 3164 313
539 3127 565 3166 et
576 3133 634 3186 sqq.
682 3116 739 3185 agri
752 3114 880 3184 qualitate
895 3111 1071 3182 deprehensa,
1080 3138 1114 3148 —
1126 3109 1184 3159 Ter·-

173 3186 203 3235 25
210 3203 229 3236 ι.
239 3188 312 3240 Justo
322 3189 422 3242 laetior.
431 3193 507 3246 Ultra
517 3193 635 3262 modum,
682 3213 738 3246 ram
750 3193 833 3245 multo
846 3203 906 3244 ante
916 3201 1044 3242 memento
1053 3191 1184 3258 Excoquc·

84 3263 89 3276 ⁸
137 3263 193 3335 plus
204 3285 283 3336 quam
295 3283 417 3339 oportet,
428 3291 488 3323 narn
500 3287 569 3324 terra
579 3293 636 3344 quae
682 3291 716 3324 re.
726 3275 783 3324 Hoc
791 3272 872 3332 dicit,
886 3289 939 3321 noo
950 3289 1006 3320 esse
1017 3287 1049 3318 eo
1061 3285 1131 3318 arrno
1140 3284 1185 3336 po·

138 3347 186 3396 vim
197 3349 304 3398 nimiam
318 3351 343 3400 in
356 3349 453 3404 herbas
468 3365 515 3402 aut
526 3353 636 3406 frondes
681 3349 784 3404 nendos
797 3352 877 3413 nites,
891 3367 944 3420 quo
955 3347 1096 3398 fodiuntur
1107 3363 1182 3396 scro-

140 3427 249 3478 effusam
271 3431 419 3495 consumit,
438 3449 492 3482 non
513 3450 636 3502 magnam
681 3429 744 3490 bes;
762 3429 809 3481 sed
826 3442 888 3501 post
902 3447 1017 3488 annum;
1036 3439 1064 3477 ιιι
1076 3424 1182 3488 calore,

140 3507 259 3558 virtutem
276 3507 356 3560 habet
377 3510 412 3562 ad
428 3511 531 3564 fructus
550 3514 636 3564 leren-
681 3511 795 3582 frigore,
816 3522 842 3561 et
861 3509 953 3560 labore
973 3508 1078 3572 rustici,
1099 3506 1183 3576 possit

142 3586 194 3638 dos.
681 3604 753 3642 terra
764 3589 909 3662 putrefieri.
923 3591 992 3640 Serv.

173 3665 230 3719 253.
246 3669 305 3720 Neu
319 3689 344 3721 se
357 3668 536 3741 proeoalidam.
555 3671 594 3724 Nc
608 3689 636 3724 se
718 3671 777 3722 261.
789 3669 858 3722 Ante
869 3671 1002 3742 supinatas
1010 3665 1103 3740 plebat.
1117 3665 1183 3732 Pro,

141 3750 213 3800 nimis
230 3751 346 3802 feracem
359 3748 450 3804 herbis
466 3752 636 3822 surgentibus
681 3753 814 3814 inversas,
828 3769 858 3802 ex
876 3769 947 3822 penu
961 3748 1081 3820 Virgilii,
1098 3749 1184 3799 caruit

142 3829 267 3882 ostendat.
281 3830 333 3882 Sed
348 3845 374 3884 et
391 3831 446 3883 lraec
461 3850 556 3903 parum
574 3851 638 3902 pro·
682 3833 752 3882 enirn
764 3831 930 3896 imitatione,
948 3847 1008 3880 nam
1027 3843 1105 3878 nemo
1122 3839 1183 3878 onte

141 3909 197 3960 beta
213 3912 298 3962 Plinio
315 3911 361 3964 lib.
378 3913 467 3979 XVll,
482 3911 506 3977 4Ι
527 3913 634 3964 Taubm.
681 3909 764 3962 illum.
775 3909 867 3962 Pulcre
878 3908 1019 3962 hocctiam
1027 3905 1106 3958 Ovid.
1118 3905 1184 3957 dixit

143 4015 173 4026 -
186 3988 277 4040 Primis
290 3991 380 4044 aristis.
397 3991 492 4042 llerbis
508 3993 636 4063 surgenti·
680 3993 751 4044 Fast.
765 3991 818 4042 lV:
834 3991 901 4041 Tum
913 3990 1027 4062 primum
1038 3984 1101 4038 soles
1110 3993 1183 4035 eruta

143 4063 197 4132 bus,
215 4085 326 4138 quarum
340 4071 455 4126 luxuries
469 4072 566 4124 futuris
582 4073 636 4124 fru·
680 4073 745 4124 vidit
756 4071 857 4125 tumus.
870 4073 909 4124 De
921 4072 1016 4134 lassis,
1027 4064 1104 4120 simili
1115 4083 1184 4136 prae·
