2918 4682
287 337 350 418 430
614 321 998 393 connsursms

286 459 373 520 mani
386 454 471 538 gelu3
491 473 593 534 neque
610 454 699 526 sinit,
720 471 818 533 quum
835 469 937 510 semen
950 447 1081 530 jacitur,
1105 463 1145 510 ut
1165 451 1277 512 radix
1300 471 1382 512 con·

287 559 417 618 crescat,
431 541 640 623 affigaturque
653 555 752 600 terrte.
1425 607 1427 616 ‚

327 635 397 712 319.
407 631 498 708 Quod
510 651 584 710 ergo
594 644 704 711 aptum
716 625 858 709 tempus?
869 624 998 708 duplex,
1013 649 1081 702 ver,
1096 643 1128 688 et
1143 629 1375 689 Autumnus:

287 725 366 784 etin
382 737 515 803 utroque
530 723 632 800 signat
646 720 792 778 initium:
812 715 872 776 boc
885 716 1012 797 colligas
1025 739 1062 776 ex
1077 721 1183 793 notis,
1201 741 1299 800 quas
1317 717 1375 776 ad-

288 811 384 870 hibet.
402 813 540 884 Seratur,
560 809 678 890 inquit,
698 827 733 866 ea
746 819 835 887 parte
851 807 947 878 veris,
965 817 1066 886 'quum
1085 807 1125 866 ad
1145 829 1214 867 nos
1230 809 1373 868 ciconia

287 901 447 975 adventat,
469 902 595 960 inimica
610 896 829 976 serpentibus:
851 895 931 955 solet
956 893 1022 956 baec
1043 913 1150 958 autem
1174 898 1370 958 adventare

289 1009 394 1048 mense
408 989 537 1061 Martio,
558 988 612 1068 qui
631 987 751 1067 primus
767 985 856 1043 veris,
878 985 913 1042 ln
932 988 1093 1044 Autumno
1111 1002 1231 1047 autem
1256 1007 1370 1046 seren-

288 1077 379 1150 du'm,
394 1097 493 1160 quum
507 1091 592 1136 aestas
607 1077 759 1159 praeterit,
776 1089 807 1134 et
821 1089 893 1133 ante
907 1075 1007 1156 prima
1023 1073 1159 1155 frigora,
1181 1096 1267 1158 quae
1285 1097 1369 1136 con·
1425 1105 1427 1158 p

289 1168 414 1247 tingunt
434 1179 501 1225 toto
520 1164 704 1238 Novembri,
721 1177 750 1222 et
769 1177 858 1244 parte
877 1163 1036 1236 Octobris;
1059 1177 1088 1222 et
1106 1185 1215 1244 quum
1239 1164 1298 1225 sol
1321 1179 1367 1223 est

288 1255 418 1337 rapidus
432 1254 582 1313 brevitate
594 1253 716 1312 dierum
730 1251 951 1332 incipientium
967 1265 1036 1332 post
1048 1255 1310 1333 aequinoctium.

328 1345 396 1402 32³3.
420 1343 591 1401 Occasione
617 1353 842 1422 praeceptorum
866 1338 994 1399 adhibet
1017 1342 1281 1401 amoenissimam
1310 1341 1364 1398 de·

289 1433 492 1514 scriptionem
503 1432 593 1502 veris,
605 1451 676 1488 cum
692 1449 753 1510 qua
763 1449 826 1488 non
839 1427 933 1488 facile
942 1431 1094 1502 invenias,
1107 1449 1207 1508 quam
1225 1429 1363 1488 confer-

289 1545 321 1582 re
331 1523 440 1603 possis.
451 1519 623 1600 Explicabo
635 1517 737 1594 aliter,
751 1539 846 1599 quam
857 1539 982 1578 omnes:
996 1517 1076 1578 solet
1087 1531 1180 1600 poeta
1202 1521 1242 1577 in
1261 1519 1361 1578 rebus

287 1608 439 1688 ejusmodi
455 1608 560 1686 jacere
577 1607 719 1688 quaedam
735 1606 956 1680 fundamenta,
976 1606 1015 1664 ad
1033 1627 1102 1687 qute
1117 1627 1193 1666 mox
1209 1608 1359 1666 recurrit

288 1699 462 1758 orationem
475 1709 657 1755 structurus.
671 1700 752 1776 Ergo
763 1693 841 1776 jacit
852 1694 1058 1755 fundamenta
1073 1696 1148 1766 tria,
1164 1697 1285 1774 primo
1300 1715 1358 1752 rer

287 1799 352 1846 esse
368 1784 443 1844 utile
460 1784 658 1857 nemoribus,
678 1785 787 1864 sylvis,
809 1785 988 1858 arboribus,
1009 1786 1083 1844 totis
1100 1785 1204 1842 arvis:
1227 1783 1356 1844 deinde

288 1887 383 1933 terras
395 1885 576 1946 tumescere,
590 1873 775 1932 imminente
787 1886 863 1932 tunc
877 1874 1042 1954 gravitate,
1059 1887 1089 1930 et
1101 1885 1195 1952 partu
1209 1894 1216 1929 :
1234 1873 1354 1944 tertio,

287 1963 367 2022 velle
378 1977 453 2022 tunc
464 1982 589 2043 quoque
600 1977 714 2021 terram
725 1965 865 2043 accipere
879 1966 909 2022 in
924 1983 957 2022 se
969 1965 1102 2035 semina,
1112 1975 1147 2020 ut
1160 1976 1355 2042 recuperet,

288 2051 371 2112 unde
387 2067 535 2112 restauret
547 2051 681 2134 prolem,
694 2072 789 2133 quam
802 2065 878 2112 tunc
892 2072 1069 2133 praegnans,
1082 2066 1113 2110 et
1128 2066 1262 2110 tumens
1277 2071 1352 2130 cge-

287 2141 356 2199 rite
371 2141 556 2200 visceribus:
570 2161 643 2200 nam
656 2161 725 2222 quae
738 2142 868 2214 tumuit,
881 2155 911 2200 et
924 2142 1059 2222 peperit,
1075 2139 1144 2199 vult
1156 2159 1272 2199 semen
1289 2159 1350 2197 no-

288 2249 362 2287 rum
375 2231 523 2309 accipere.

268 2356 275 2376 0
328 2318 394 2378 325.
409 2319 534 2379 Dixerat
549 2322 652 2401 primo
667 2341 721 2380 ver
735 2341 799 2380 esse
813 2323 901 2379 terris
914 2318 1005 2380 utile:
1020 2318 1154 2400 explicat
1163 2315 1250 2396 jam,
1268 2319 1348 2398 quia

287 2407 410 2486 Jupiter
423 2407 513 2465 Pater
527 2411 740 2489 omnipotens,
754 2410 807 2488 qui
824 2407 905 2467 idem
919 2429 989 2467 cum
1003 2407 1129 2481 aethere,
1145 2403 1227 2464 solet
1241 2425 1347 2464 verno

290 2507 430 2574 tempore
444 2491 627 2556 descendere
640 2495 679 2555 ad
693 2499 846 2578 gremium
860 2495 1002 2577 conjugis
1016 2511 1118 2573 terrae,
1131 2507 1219 2554 totus
1231 2493 1346 2574 pluria
1419 2520 1423 2529 ·

291 2709 303 2732 ι
315 2685 449 2750 tefecerit,
466 2686 552 2740 hieme
563 2688 596 2740 ad
607 2691 786 2744 conficiendas
833 2694 904 2746 Serv.
919 2725 952 2732 -
964 2694 1058 2766 Louqis
1068 2694 1149 2745 invisa
1159 2691 1281 2742 colubris.
1295 2692 1341 2740 isi-

291 2767 513 2834 «compresserit,
528 2785 590 2818 vere
602 2770 636 2819 ad
644 2769 789 2822 effunden-
833 2774 915 2825 dorus
934 2775 996 2838 xit,
1018 2790 1051 2842 7:
1071 2773 1235 2843 Serpentium
1257 2770 1339 2822 hostes

291 2842 361 2894 «das
374 2843 507 2896 relaxarit.
518 2867 529 2891 ι
542 2847 634 2916 itaque
648 2849 726 2900 tellus
735 2850 788 2902 hie-
834 2855 962 2904 nominat.
977 2852 1040 2903 ideo
1055 2863 1147 2923 petunt
1161 2852 1236 2902 lacus
1250 2863 1277 2901 et
1291 2849 1336 2899 flu-

290 2921 788 2999 mediceturciausa‚compmsa,·rere
834 2935 910 2996 rios,
942 2946 970 2983 ut
994 2934 1103 2983 Aristot.
1129 2935 1195 2982 liist.
1220 2929 1333 2980 Animtd.

291 3003 654 3067 laxata,re1axata,exMuta
663 3011 790 3074 unius‚ex
834 3013 907 3076 vm,
925 3013 949 3063 3.
971 3015 1028 3063 Huc
1047 3015 1150 3063 iaciunt
1167 3010 1250 3062 rerba
1270 3011 1333 3061 Piin.

288 3101 370 3153 prosa
382 3083 499 3135 ulterius.
516 3085 604 3137 Cerdo.
834 3093 872 3157 X,
885 3093 932 3143 23:
947 3093 1060 3142 tflonos
1070 3093 1101 3142 iis
1112 3093 1274 3160 serpentium
1283 3092 1333 3140 exi-

325 3165 385 3216 318.
407 3168 557 3216 Concretam
577 3166 696 3218 radicem.
719 3167 789 3220 Ante
838 3197 849 3217 a
860 3173 897 3222 tio
911 3185 1014 3235 tantus,
1030 3183 1060 3220 ut
1072 3173 1098 3221 in
1111 3169 1247 3221 Thessalia
1260 3171 1332 3239 rapi·

291 3247 360 3296 enirn
381 3247 457 3315 quusi
473 3259 548 3316 gutta
566 3248 687 3318 quedam
705 3264 744 3300 est
759 3269 789 3301 ex
838 3252 912 3304 «tale
929 3253 1010 3304 fuerit
1027 3251 1170 3314 occidisse,
1188 3249 1329 3320 eodemque

291 3339 360 3376 terra
380 3339 406 3376 et
423 3325 536 3378 burnore
556 3342 709 3398 procreata,
733 3347 790 3399 quae
838 3331 963 3403 uiegibus
983 3351 1077 3402 prena,
1098 3349 1155 3402 quae
1174 3333 1200 3381 in
1219 3329 1328 3381 bomiri-

291 3417 386 3474 postea
398 3405 517 3456 tenditur
533 3408 559 3457 in
576 3407 702 3460 radicem.
720 3410 789 3460 Serv.
839 3411 955 3462 adama
970 3412 1012 3464 Sic
1022 3411 1325 3484 Stephatnttsdeurbihus

290 3513 326 3522 -
335 3483 455 3535 Radicem
471 3483 578 3558 affiqore
593 3498 670 3538 terrm
691 3488 791 3539 Admo-
836 3495 862 3544 in
873 3511 939 3545 vore
949 3496 1085 3545 eustatie:
1099 3495 1122 3546 it
1133 3491 1208 3560 ταύτῃ
1222 3493 1259 3542 οὐκ
1269 3491 1325 3558 ihs·

292 3562 355 3613 dum
375 3565 494 3632 poetice,
514 3577 588 3615 etex
605 3579 699 3617 natura
717 3587 791 3618 scro·
834 3567 886 3628 reip
899 3571 1030 3640 nitenti,
1048 3573 1142 3624 titivm·
1160 3567 1212 3626 rode
1227 3570 1270 3637 φὶς
1289 3573 1325 3626 rie

291 3641 379 3702 bium,
397 3642 494 3711 quibus
512 3656 638 3712 tanquam
654 3646 791 3698 foramini·
835 3650 912 3719 χοίρως
926 3652 981 3712 t'ettr
994 3653 1130 3720 ἀναιροῦσιν.
1143 3654 1229 3704 Emm.

290 3723 341 3774 bus
358 3721 457 3773 surculi
474 3721 650 3774 infodiuntur.
671 3727 791 3778 imitatur
870 3733 932 3798 3²4·
952 3735 1016 3786 Vere
1035 3743 1134 3784 tument
1151 3742 1229 3782 terroe.
1247 3734 1323 3801 Asper

290 3800 402 3854 Ovidius
413 3801 521 3852 Remed.
533 3803 558 3851 1:
569 3803 628 3874 Ipse
635 3808 792 3880 potest-ipris
837 3812 992 3882 simpliciter
1004 3813 1114 3883 occipit,
1128 3823 1156 3863 ut
1167 3824 1237 3862 teme
1247 3813 1321 3861 nonii-

290 3881 409 3951 piuntum
420 3877 528 3952 defiycre
538 3882 563 3931 in
575 3881 662 3935 hortu.
675 3885 771 3938 Cerdo.
836 3894 941 3943 nativus
956 3896 989 3944 sit
1002 3892 1121 3962 pitu-niis.
1138 3893 1253 3942 Donatus
1264 3903 1318 3934 rero

328 3960 385 4012 320.
399 3959 513 4012 &edida
523 3962 592 4012 vertit
601 3964 662 4016 avis.
675 3965 790 4018 Jurcntt-
836 3982 907 4022 terr-te
918 3973 1061 4042 genitivum
1075 3972 1130 4021 vnit
1145 3983 1201 4018 esse
1215 3965 1318 4032 singula-

291 4038 337 4106 b's,
349 4041 471 4108 Semntte
483 4040 581 4090 ciconia
591 4043 678 4111 pullos
692 4048 787 4095 Nutrit.
836 4067 890 4098 rem
903 4068 909 4096 :
924 4059 952 4098 ot
962 4048 996 4097 sit
1007 4061 1099 4098 tensus
1113 4057 1211 4096 mutato
1223 4043 1317 4094 distinc-
