3000 4674
491 385 542 450 ru
565 383 812 451 nonosatt
835 385 885 450 11.
1142 390 1205 474 249

210 507 371 586 derlddit
388 521 507 568 norum
526 505 666 568 studium
685 505 788 567 adhuc
806 529 878 568 cum
895 519 1035 591 respectu
1054 507 1093 569 sd
1112 509 1207 590 Nym·

168 596 256 680 phas.
268 601 337 660 Non
350 594 452 658 solum
466 593 534 656 illas
548 597 718 678 superabo,
733 599 805 677 quia
821 595 912 656 flores
927 597 1002 669 illae,
1018 620 1075 680 ego
1087 596 1207 658 fructus

166 681 269 766 legam
280 710 287 746 ι
300 684 353 747 sed
365 705 491 766 carpam
503 703 629 765 quoque
642 683 762 758 lauros,
779 703 906 764 carpam
921 701 1073 767 myrtum,
1085 705 1121 744 ex
1136 686 1205 766 qui-

168 771 226 831 bus
244 788 350 854 gratus
369 771 448 833 odor
469 773 618 852 exspirat,
637 784 668 830 et
686 791 722 832 eo
737 773 869 851 gratior,
888 775 961 853 quia
978 774 1154 852 conjunctae
1173 773 1207 832 in

168 878 279 928 unum.
290 859 347 922 Sed
360 858 499 933 laurum,
512 872 542 919 et
551 871 689 939 myrtum
701 878 842 938 carpam,
852 879 923 940 quat
932 862 1207 942 virentperpetuo,

165 945 933 1115 tittl?”attttltitdttllzttt?³
953 947 1208 1097 iiud'd‘dii

168 1125 284 1184 amoris
296 1123 460 1206 philtrum.
919 1081 928 1113 ’
947 1058 970 1132 q'

208 1213 255 1273 55.
269 1211 302 1272 ld
315 1226 373 1283 est,
386 1211 549 1294 proximat,
565 1229 600 1270 ac
611 1211 732 1270 vicinat.
747 1213 817 1287 Est,
832 1213 885 1293 qui
900 1211 1043 1296 explicet,
1058 1213 1126 1272 siue
1139 1206 1206 1269 ullo

168 1297 293 1374 ordine,
310 1298 435 1360 utillud
452 1295 481 1372 l·
498 1297 537 1356 G.
548 1301 589 1358 sic
601 1299 726 1378 positum
740 1296 881 1360 inclamo
894 1297 1039 1382 litsquuttt.
1054 1298 1149 1360 Graeci
1161 1293 1207 1354 di·

167 1401 239 1448 cunt
251 1379 343 1451 sires.

209 1476 256 1536 56.
266 1472 522 1556 Reprehenditse,
530 1471 616 1534 velut
625 1471 664 1532 ad
674 1493 707 1534 se
720 1472 921 1551 rediens,ltac
932 1476 1095 1536 sententia.
1105 1471 1207 1533 Alexis

167 1579 224 1620 nec
235 1560 320 1622 dona
332 1581 349 1622 a
361 1559 529 1643 Nymphis,
542 1580 628 1624 neca
644 1574 673 1621 te
684 1575 785 1636 curat,
800 1563 943 1643 quamvis
954 1561 1111 1622 laboriose
1121 1577 1207 1618 earo·

169 1648 285 1726 gitata:
310 1651 482 1709 contemnit
504 1647 570 1709 lilia
593 1647 824 1731 Nympharum,
847 1650 962 1710 Naidos
984 1647 1098 1721 riolas,
1122 1641 1206 1703 mala

167 1729 323 1811 tua,'etc.,
342 1757 378 1798 ac
390 1737 533 1819 perinde,
545 1738 677 1798 rusticus
689 1757 734 1812 es,
747 1737 801 1819 qui
812 1736 932 1798 tamdiu
945 1737 1084 1818 persistis
1096 1736 1130 1793 iu
1143 1751 1207 1792 am-

166 1819 301 1883 biendo:
324 1845 509 1907 generosum
526 1838 557 1886 te
575 1845 640 1886 asse
659 1838 797 1908 oportet,
816 1839 846 1886 et
863 1839 1114 1887 contemnentem
1134 1839 1206 1880 con-

168 1921 315 1974 temnere.

207 2000 254 2081 57.
267 2000 326 2062 Sed
337 2015 404 2064 esto
414 2002 490 2064 velis
500 2017 615 2066 cenare
625 2005 821 2080 muneribus,
831 2003 960 2066 stillum
971 2005 1095 2065 vincere
1106 2022 1113 2058 :
1124 1996 1206 2059 nihil

167 2085 261 2168 plane
274 2089 433 2172 proficies,
455 2112 543 2167 uam,
562 2097 616 2175 qni
631 2094 725 2154 etiam
740 2091 839 2153 ambit
852 2112 982 2174 puerum
996 2090 1093 2164 lolas,
1111 2086 1206 2146 ditior

167 2189 213 2234 est
225 2187 269 2252 te,
287 2191 380 2260 atque
395 2178 473 2241 adeo
488 2178 567 2242 nihil
581 2183 735 2244 concedat
747 2183 782 2243 in
794 2185 961 2244 certamine
973 2175 1207 2262 profundenda·

163 2283 236 2322 rum
248 2286 359 2348 opum,
373 2272 398 2330 si
411 2267 459 2330 his
471 2271 588 2351 agenda
602 2274 641 2332 sit
653 2293 710 2332 res.

208 2353 255 2414 5⁸·
268 2355 456 2439 Quanquam
469 2358 554 2440 quod
567 2361 695 2422 verbum
708 2360 820 2423 excidit
831 2381 867 2420 ex
881 2381 935 2422 ore
949 2359 1038 2419 meo?
1051 2377 1106 2418 cnr
1119 2373 1205 2414 meos

168 2458 288 2502 amores
306 2443 374 2504 aliis
395 2445 498 2508 indico
517 2447 595 2508 milri
613 2451 825 2532 pratrepturis,
846 2463 902 2510 aut
919 2443 1107 2509 turbatoris?
1124 2441 1206 2502 Dicit

168 2649 376 2703 tutrsnorandae
389 2653 553 2726 antiquitatis
565 2655 666 2709 codici·
709 2673 835 2708 musnon
850 2655 949 2708 fuisse?
966 2655 1035 2706 Nam
1055 2654 1111 2715 ait,
1132 2649 1203 2701 solut

166 2721 664 2806 busadstipulantibus,etparticulam,
708 2736 843 2788 montibus
851 2731 1142 2807 etsylvistsedratione
1150 2747 1204 2780 uon

167 2803 201 2854 ab
219 2805 277 2858 aliis
297 2809 445 2878 intrusam,
466 2814 594 2867 audacter
613 2832 663 2866 nos
709 2829 791 2870 caret.
804 2815 928 2887 Epicurei
940 2806 1204 2880 enimdicunt(qnod

168 2885 329 2940 sustulimus.
339 2890 378 2941 lta
388 2891 427 2942 Gl.
440 2895 543 2959 Potior,
552 2897 574 2960 1,
582 2913 609 2966 p.
619 2894 661 2962 45.
708 2897 789 2949 stiam
794 2896 888 2948 Cicero
896 2892 1002 2964 tractat)
1008 2891 1139 2964 geminam
1147 2907 1205 2941 esse

203 2962 245 3029 54.
258 2965 366 3020 Olaurt'.
374 2970 447 3022 Licet
458 2974 582 3026 Horatius
592 2971 664 3026 dire·
708 2975 870 3045 voluptatem
889 2991 993 3024 :unani
1013 2987 1071 3040 quse
1091 2969 1206 3040 percipi·

168 3045 333 3114 rit,Depone
342 3047 475 3102 sublatam
484 3069 541 3104 mea
551 3069 559 3102 t
569 3052 663 3104 melius
708 3064 768 3104 tura
782 3065 808 3104 et
820 3053 930 3104 alteram
945 3049 1145 3121 imaginariam,
1158 3049 1206 3098 sci-

168 3133 257 3174 tamen
267 3137 307 3174 est
313 3125 538 3193 juxtaseeuudsm
551 3132 664 3184 formam
708 3131 771 3184 licet
782 3149 840 3184 earu
854 3149 911 3202 quae
924 3131 1042 3182 nascitur
1057 3145 1089 3178 ex
1103 3128 1206 3197 cogita·

169 3200 322 3254 inflectere:
340 3221 401 3256 narn
416 3206 510 3260 melius
526 3224 612 3262 sonat.
630 3239 665 3252 ·-
709 3213 791 3262 tione.
804 3210 881 3262 Unde
895 3212 933 3260 ita
944 3207 1071 3262 debemus
1084 3207 1204 3275 accipere

169 3279 295 3332 Proxima
307 3294 398 3352 mm.
412 3285 461 3337 Vel
473 3288 560 3340 vicina
572 3289 663 3340 lauro:
708 3290 891 3342 huncversutn
899 3307 947 3358 per
957 3284 1206 3360 cogitationem,illa

169 3360 212 3412 sel
231 3359 266 3412 sd
284 3359 395 3413 odorem
417 3366 555 3434 proximan
576 3381 666 3438 potest
710 3371 866 3442 imaginaria
878 3368 1032 3438 voluptate:
1047 3383 1099 3435 qua
1111 3378 1136 3417 et
1149 3383 1205 3417 cer·

169 3443 240 3494 enirn
254 3455 395 3512 utrumque
407 3444 528 3518 intelligi.
540 3448 611 3500 Serv.
709 3467 773 3500 nere
791 3460 818 3500 et
834 3447 935 3517 alloqui
951 3437 1091 3498 videbatur
1108 3444 1205 3496 absen-

205 3521 248 3574 56.
260 3522 376 3575 Rusticus
390 3541 415 3576 es
428 3526 555 3594 Corydon.
572 3529 665 3600 Arguit
709 3541 772 3581 tem.
789 3524 841 3580 ssd
858 3537 1001 3597 postquam
1020 3523 1205 3596 objurgatione

168 3621 196 3656 se
211 3603 343 3667 stultitia,
362 3601 509 3677 quodsum
527 3624 556 3659 se
575 3621 665 3678 sperat
708 3625 757 3658 sua
774 3606 802 3658 iu
818 3603 966 3658 naturalem
981 3603 1149 3674 prudentiam
1166 3619 1206 3656 est

167 3683 275 3755 placare
287 3682 454 3750 muneribus,
463 3686 508 3754 qui
518 3698 607 3755 potest
615 3685 664 3738 lm-
709 3701 845 3751 reversus,
860 3685 944 3736 remit
956 3683 1046 3754 utique
1058 3682 1103 3734 illa
1116 3685 1206 3756 imagi-

166 3763 229 3814 bare
242 3761 367 3823 meliorat
380 3780 442 3814 nam
456 3781 538 3834 supra
547 3765 584 3816 ait
595 3787 600 3816 ι
612 3766 663 3818 De·
707 3767 783 3818 naria
794 3764 947 3835 voluptate,
960 3761 1007 3815 ubi
1023 3781 1093 3814 nunc
1110 3762 1161 3814 sibi
1177 3781 1206 3817 se

167 3839 443 3895 lausannensem.
707 3845 825 3897 obfuisse
838 3844 902 3896 dicit
917 3861 967 3916 per
978 3841 1050 3896 ltsnc
1063 3844 1205 3896 ratiocina-

204 3919 246 3973 58.
262 3921 324 3973 Heu
332 3959 341 3987 ‚
357 3920 425 3988 beu,
441 3921 508 3994 quid
523 3922 597 3975 uolui
610 3925 664 3976 mi·
706 3926 815 3978 tionem.
830 3924 948 3977 Rusticus
960 3941 986 3976 es
999 3923 1118 3994 Corydon
1133 3917 1205 3975 :bec

168 4017 222 4052 sero
232 3999 306 4052 milti.
320 4002 462 4068 Quomodo
473 4021 532 4056 surn
545 4002 665 4058 discede·
707 4021 818 4056 attiners
834 4002 1020 4058 cantatoris.
1038 4003 1095 4054 Nec
1108 4003 1130 4055 si
1146 4021 1205 4054 mst-

170 4095 198 4136 te
207 4078 287 4148 dicit,
299 4097 378 4152 quem
390 4100 471 4156 supra
483 4101 543 4136 cum
556 4101 587 4137 eo
598 4081 663 4136 dixi·
707 4085 812 4139 neribus
821 4081 1124 4152 enusconcedattotas.
1132 4081 1204 4138 Serv.
