3000 4674
250 285 254 334 ι’
299 345 368 417 sss
629 345 1013 448 oouunursnrt·

343 474 392 552 69.
407 472 511 549 Quum
521 457 586 554 jam
599 477 638 534 sit
649 475 681 534 iu
694 475 755 534 line
763 485 794 534 et
801 473 1011 556 querelarum,
1025 469 1138 552 etdiei,
1153 475 1194 534 ita
1203 494 1351 558 serepre-

303 549 428 635 bendit,
440 575 476 621 ut
485 564 615 622 omnino
623 563 796 643 resipiscat,
808 581 909 642 neque
918 560 1024 622 redeat
1031 559 1236 622 adinaauiam
1245 563 1350 623 bleri-

304 644 496 706 disamandi.
508 649 688 708 Geminatio
697 650 781 708 vocis
791 662 863 730 apta
871 662 914 709 est
923 648 962 709 ad
970 649 1124 708 insaniam
1133 649 1350 725 indicendam,

304 735 393 812 quasi
403 733 499 794 dicat:
509 755 528 795 ο
539 735 701 817 Corydon,
711 757 779 816 quse
788 749 818 796 te
828 737 909 819 cepit
917 735 1091 798 dementia?
1098 737 1237 819 profecto
1246 735 1351 798 babes

303 820 398 878 vitem
410 823 628 904 semiputatam
638 848 646 899 ;
658 826 787 884 insanus
799 845 846 884 es:
859 845 955 905 quare
967 845 1031 885 non
1043 827 1147 906 potius
1159 823 1277 906 aliquid
1290 845 1351 906 pa-

302 925 353 968 ras
368 907 468 970 facere
483 929 590 971 earum
606 933 725 988 rerum,
742 933 812 994 quse
827 913 886 972 tibi
903 912 942 974 ad
959 915 1029 973 vitre
1047 932 1137 973 usurn
1149 915 1349 988 necessariae,

304 999 369 1058 sive
380 1019 416 1058 ex
428 1002 614 1078 viminibus,
627 1005 689 1062 sive
701 1024 736 1062 ex
746 1000 861 1083 junco?

344 1086 392 1165 73.
411 1089 457 1148 lta
475 1088 604 1150 discedit
624 1091 662 1150 ab
682 1089 820 1164 Alexide,
831 1102 875 1158 ¹ut
891 1101 996 1150 tamen
1016 1088 1156 1151 ostendat
1173 1088 1346 1171 proclivem

256 1166 260 1178 '
304 1191 394 1233 suam
410 1174 443 1235 in
458 1178 593 1237 amando
607 1191 767 1239 naturam:
782 1196 855 1237 nam
869 1199 905 1239 eo
916 1177 1071 1259 neglecto,
1084 1177 1182 1237 alium
1195 1197 1225 1237 se
1239 1179 1350 1235 inven-

267 1259 275 1266 “
304 1272 411 1321 turum
431 1277 550 1343 sperat,
569 1285 631 1346 qua
649 1285 713 1326 una
728 1285 761 1326 re
776 1285 865 1346 spem
879 1264 973 1324 fovet.
993 1263 1146 1324 Particula
1165 1261 1214 1324 tric
1231 1261 1353 1322 indicat

306 1346 497 1430 despectum.
517 1353 577 1412 llic
595 1373 653 1434 ego
672 1352 822 1436 quiddam
839 1350 1054 1413 animadverto
1073 1349 1265 1410 inhumanis
1284 1349 1351 1408 fre·

305 1438 553 1520 quentissimum.
574 1441 652 1502 Vide
671 1441 832 1515 ardorem,
856 1461 919 1523 quo
938 1441 1028 1500 initio
1048 1439 1171 1520 Eclogae
1189 1437 1274 1498 ardet
1292 1439 1351 1498 Co·

304 1522 420 1604 sydon,
442 1539 548 1586 sessum
567 1532 715 1605 amantis,
737 1529 895 1604 flammas,
915 1527 1113 1589 incendium:
1133 1527 1204 1588 vide
1213 1524 1278 1609 jam
1292 1523 1348 1585 bie

301 1607 503 1689 languorem,
513 1633 576 1694 quo
589 1615 702 1676 desinit
711 1629 783 1699 post
791 1615 903 1677 effusas
913 1615 1066 1698 querelas,
1081 1629 1110 1676 et
1121 1627 1193 1697 post
1204 1616 1349 1674 animum

306 1697 451 1756 satiatum
463 1698 631 1780 loquendo.
642 1705 691 1764 Sic
700 1704 840 1786 profecto
850 1719 908 1765 est:
921 1705 1009 1765 ardes
1021 1705 1067 1764 ira
1080 1707 1112 1764 in
1125 1703 1275 1786 aliquem,
1284 1703 1351 1783 jae-

305 1796 351 1842 tas
363 1788 583 1864 contumelias,
596 1805 626 1851 et
636 1794 755 1852 evomis
768 1794 918 1876 quicquid
929 1791 1024 1854 babes
1036 1795 1068 1852 in
1078 1791 1186 1868 corde,
1197 1811 1232 1851 ac
1243 1790 1350 1850 statim

304 1958 386 2030 gitet,
399 1959 445 2013 odi
460 1985 466 2014 s
486 1964 538 2018 Sed
558 1985 656 2039 queror
667 1971 803 2042 infidum,
884 1991 926 2045 7²·
941 1973 1099 2030 Viminibus.
1113 1974 1149 2026 Ut
1164 1987 1272 2036 nassas,
1288 1987 1348 2022 cra-

306 2049 453 2111 questaque
465 2048 540 2116 pejus
552 2068 621 2101 amo·
630 2052 721 2103 Emm.
848 2065 904 2122 res,
917 2055 1012 2108 corbes
1025 2053 1158 2106 conficiat.
1168 2081 1203 2092 -
1211 2053 1345 2103 Deserere.

341 2118 385 2189 69.
405 2121 469 2191 Quoe
488 2135 511 2176 ts
529 2128 661 2182 &nuntia
680 2131 755 2204 cepit.
775 2131 805 2185 ld
849 2133 995 2201 Perdam,
1012 2133 1105 2198 linire,
1121 2132 1234 2184 multum
1249 2143 1346 2182 terere.

307 2209 366 2264 est,
385 2217 434 2252 eur
451 2207 585 2260 amoribus
602 2227 681 2262 sacas
694 2247 702 2276 ,
723 2229 803 2282 quum
849 2233 910 2267 nam
922 2215 968 2280 de,
980 2213 1062 2266 modo
1073 2231 1127 2265 non
1139 2213 1281 2264 minuentis
1290 2223 1348 2276 est,

307 2275 391 2330 mttlta
403 2281 524 2354 sintque
536 2285 618 2342 debes
630 2289 658 2341 in
670 2309 805 2362 agroper*
849 2293 898 2347 sed
914 2294 1044 2366 augentis.
1065 2293 1136 2346 Seru.
1154 2320 1189 2331 -
1207 2289 1288 2342 Pasas
1305 2289 1348 2340 de-

308 2353 405 2412 ficere?
416 2363 485 2416 Serv.
850 2383 943 2424 texere.
956 2373 992 2424 Ut
1008 2389 1036 2424 se
1050 2383 1181 2443 preparet
1198 2381 1223 2421 et
1236 2368 1349 2422 adornet

344 2456 386 2509 70.
399 2443 565 2514 Semiputata
578 2448 625 2500 tibi
631 2448 758 2520 frondosa
767 2449 806 2501 ai·
851 2451 885 2504 ad
899 2451 956 2504 brec
974 2470 1073 2524 opera,
1090 2449 1209 2502 nondum
1225 2448 1347 2501 laboret:

308 2514 340 2569 tis
352 2521 380 2572 in
393 2519 466 2574 salmo
477 2535 519 2578 est.
537 2525 598 2578 l‘lus
615 2541 670 2593 est,
687 2529 806 2598 quamsi
851 2526 947 2583 deinde
969 2545 1068 2602 opera,
1088 2547 1145 2601 quas
1164 2525 1347 2580 difficultatem

309 2596 436 2669 inputata
450 2601 566 2656 diceret:
580 2605 746 2659 tolerabilius
766 2621 806 2660 eat
850 2631 904 2662 non
922 2609 1039 2676 babent,
1057 2611 1105 2663 sed
1122 2611 1212 2681 potius
1231 2607 1350 2660 oblecta·

309 2679 379 2728 enirn
393 2698 447 2732 nou
459 2683 576 2754 incipere
589 2683 708 2756 aliquid,
725 2703 805 2756 quam
849 2692 963 2758 tionem,
973 2703 1003 2743 ut
1013 2704 1039 2744 et
1049 2691 1100 2742 ibi:
1117 2689 1207 2740 «Dum
1219 2687 1309 2753 sedet,
1322 2700 1348 2740 et

309 2757 426 2828 iucoepta
434 2759 565 2814 deserer'e.
576 2764 645 2816 Hinc
655 2777 694 2817 est
701 2765 769 2818 illud
778 2768 806 2818 in
849 2771 943 2841 gracili
952 2769 1079 2824 fiscellam
1089 2771 1152 2822 texit
1160 2767 1272 2820 hibisco.
1283 2793 1294 2815 ι
1308 2769 1348 2819 lta

309 2833 385 2886 lib.l.
397 2839 455 2890 AEn.
471 2839 551 2892 Mene
566 2841 676 2914 incepto
690 2843 808 2896 desistere
851 2849 975 2902 omnibus
990 2849 1077 2901 modis
1093 2849 1266 2919 justissimam
1283 2849 1346 2900 feeit

310 2914 426 2966 victam?
436 2917 500 2970 lteru
518 2921 545 2972 in
557 2920 707 2994 Georgicis.
720 2922 808 2995 Atque
851 2927 892 2980 sui
905 2927 1119 2980 adhortationem
1132 2927 1166 2979 ad
1176 2925 1278 2997 aliquid
1285 2945 1347 2998 ope·

309 3012 386 3065 opere
397 2997 425 3048 in
438 2999 524 3051 medio
534 2997 619 3068 defixa
630 2999 739 3074 reliquit
748 3021 807 3054 ara-
852 3008 904 3072 ris,
917 3007 1011 3059 saltem
1019 3006 1055 3059 ad
1065 3007 1228 3058 necessarios
1240 3023 1303 3056 usus
1315 3007 1348 3056 si-

310 3085 358 3127 tm.
379 3075 447 3130 Saue
464 3080 597 3151 geminam
621 3082 707 3152 arguit
728 3082 809 3154 negli·
852 3104 886 3137 ne
909 3086 1032 3138 molestis
1057 3086 1178 3157 corporis
1206 3101 1348 3156 capessen-

309 3158 446 3228 geutiam:
462 3169 488 3210 et
508 3158 581 3230 quod
595 3162 754 3232 semiputata
772 3164 809 3214 vi·
852 3164 924 3216 duni.
937 3164 1070 3218 Nunnius.

310 3239 344 3291 tis
363 3239 412 3306 sit,
431 3252 458 3292 et
475 3240 547 3310 quod
563 3239 693 3293 frondosa
706 3241 805 3294 ulmus:
888 3241 1166 3314 73.1uveniesalium,
1177 3243 1199 3296 si
1212 3241 1349 3314 telsicfns·

308 3335 371 3370 nam
383 3330 525 3390 utrumqne
535 3320 619 3374 obest.
633 3319 710 3374 Unde
726 3333 765 3373 est
781 3323 809 3373 iu
854 3323 922 3388 sidit,
928 3321 1042 3374 Alexim.
1051 3322 1140 3374 Alium
1150 3321 1261 3387 Alexini,
1267 3321 1347 3374 alium

309 3396 808 3473 Georgicis,Bisvitibssss'npruitum-
849 3419 962 3474 puerum
987 3402 1225 3470 formosissimum,
1251 3403 1296 3472 qui
1322 3415 1347 3454 te

310 3477 363 3528 bra.
374 3477 407 3528 Es
417 3491 463 3530 aut
471 3479 627 3551 simpliciter
636 3479 806 3551 intelligimus
850 3480 958 3532 minime
969 3493 1086 3552 spernat.
1095 3509 1129 3520 -
1139 3481 1197 3532 lloc
1208 3498 1285 3532 versu
1298 3482 1347 3532 tria

309 3551 381 3606 bunc
393 3553 498 3624 locum,
513 3571 544 3610 ιιι
559 3575 635 3610 suam
652 3570 746 3631 arguat
758 3577 807 3610 ne·
851 3555 928 3626 sunt',
943 3577 1001 3631 que
1018 3561 1153 3613 Romanus
1170 3559 1254 3612 codex
1271 3559 1347 3612 aliter

309 3631 462 3704 gligentiasn
480 3653 487 3684 s
506 3648 553 3686 eut
571 3647 642 3688 certe
662 3635 731 3687 illud
750 3650 805 3703 est,
851 3641 925 3713 legit,
934 3659 1013 3711 quarn
1022 3641 1255 3713 vulgatubabeuut
1265 3659 1348 3694 esent·

310 3711 372 3764 Non
387 3713 483 3764 mirum
501 3731 543 3766 me
562 3733 619 3768 esse
640 3714 806 3783 dementem,
852 3718 946 3791 pluria.
971 3721 1058 3772 Primo
1082 3719 1190 3791 quidem
1215 3717 1346 3786 invenies,

309 3793 357 3863 qui
369 3789 457 3844 habeo
468 3795 534 3846 sites
546 3797 727 3865 semiputatss.
739 3797 808 3848 Nam
852 3815 912 3849 curn
933 3809 999 3850 nota
1017 3797 1145 3871 syllabam
1166 3816 1223 3851 esse
1242 3798 1348 3872 longam

309 3872 337 3924 in
351 3871 433 3924 sacris
445 3870 542 3925 dicitur
559 3871 631 3943 quod
647 3875 809 3945 corripiatur
853 3877 1013 3944 denotante,
1030 3879 1103 3949 quod
1115 3879 1190 3932 multi
1204 3867 1295 3954 legunt
1309 3881 1349 3933 iss·

310 3954 418 4018 furore,
431 3955 477 4024 qui
489 3953 675 4007 sacrificaverit
685 3954 718 4008 de
730 3957 807 4022 vino,
851 3957 958 4009 assim
972 3958 1106 4030 participii
1117 3977 1191 4012 voce.
1209 3959 1349 4026 Alterum,

311 4031 472 4114 quodestde
480 4033 806 4106 sitibusimputatieServ.
853 4035 927 4107 quod
935 4035 1070 4090 nonnullis
1082 4041 1217 4111 negotium
1228 4039 1350 4107 facessit,
