2986 4694
567 375 865 446 cursurum.
1176 337 1237 469 us

195 509 256 576 Cui
267 505 381 574 Venus
392 522 468 571 ante
480 502 576 586 alios,
590 501 868 591 divi,divumque
881 521 1024 581 sorores,
1224 517 1237 562 ⁵

240 617 379 694 Cuncta,
392 635 501 703 neque
513 609 664 699 indigno,
678 607 788 687 Musa,
803 605 927 671 dedere
938 605 1041 688 bona3
1095 633 1098 640 ·

197 723 335 801 Cuncta,
349 719 470 810 quibus
483 713 605 806 gaudet
615 713 774 792 Phoebus,
788 711 909 778 chorus
922 714 1060 804 ipseque
1073 713 1204 796 Pboebi;

241 827 378 893 Doctior
389 848 410 891 ο
422 825 497 915 quis
508 839 556 903 te,
569 823 681 902 Musa,
695 821 796 884 fuisse
808 817 937 907 potest?

196 932 227 997 0
238 934 312 1023 quis
324 949 357 998 te
370 934 405 996 in
416 931 512 996 terris
524 927 673 1018 loquitur
680 923 863 1018 jucundior
873 925 961 989 uno?

241 1037 314 1102 Clio
327 1060 403 1102 nam
414 1052 504 1102 certe
516 1029 656 1099 candida
669 1029 907 1120 conloquitur.

197 1143 306 1227 Quare
319 1139 402 1208 illud
414 1142 492 1207 satis
505 1155 569 1219 est,
582 1139 610 1204 si
622 1153 655 1202 te
668 1135 832 1226 permittis
843 1136 961 1214 amari;

241 1249 332 1329 Non,
346 1263 462 1315 contra
473 1228 511 1312 ut
522 1241 564 1312 sit
572 1265 667 1310 amor
677 1258 814 1308 mutuus
826 1238 905 1306 inde
917 1238 1009 1306 mibi.

670 1411 772 1478 XlV.

512 1585 551 1631 ut
574 1583 732 1631 octtvu
756 1575 931 1630 MORTEM.

201 1724 283 1806 Quis
295 1723 391 1808 deus,
404 1727 534 1808 Octavi,
547 1743 581 1794 to
593 1727 690 1794 nobis
701 1726 857 1794 abstulit?
866 1748 924 1805 an,
937 1748 1011 1815 quac

246 1831 383 1912 Dicunt,
397 1857 453 1914 an,
467 1833 570 1902 nimio
582 1834 704 1924 pocula
717 1832 800 1900 dura
811 1831 924 1898 mero?

200 1933 304 2002 Vobis
316 1937 344 2001 si
356 1938 452 2028 culpa
463 1957 513 2004 est
521 1939 596 2005 bilis
609 1963 615 2003 :
630 1963 688 2005 sua
700 1959 869 2030 quemque
882 1951 1067 2026 sequuntur

246 2043 339 2124 Fata;
355 2042 446 2134 quod
459 2046 604 2111 inmeriti
617 2047 742 2111 crimen
755 2043 880 2110 babent
892 2039 1021 2131 cyathi?

200 2146 327 2238 Scripta
340 2149 477 2240 quidem
489 2169 546 2217 tua
558 2174 619 2218 nos
632 2151 775 2216 multum
788 2147 997 2228 mirabimur,
1011 2163 1044 2210 ct
1055 2161 1088 2210 te
1239 2167 1252 2210 5

245 2256 405 2344 Raptum,
419 2273 454 2321 et
465 2259 647 2322 Romanam
660 2256 815 2321 llebimus
827 2253 1009 2319 historiam.

202 2491 246 2542 vix
262 2491 383 2546 omittere
394 2496 527 2566 potuisset
541 2509 635 2549 auctor
649 2514 708 2549 car·
751 2505 887 2548 manuum
909 2510 967 2547 essc
984 2495 1037 2560 ita,
1059 2503 1088 2543 ut
1104 2490 1138 2546 de
1158 2511 1252 2549 caussa

203 2571 290 2622 minis.
301 2571 343 2624 ad
356 2571 490 2628 rhetorem
501 2576 622 2643 Musam,
634 2577 680 2648 qui
690 2595 708 2629 a
751 2577 843 2626 mortis
863 2572 1003 2626 'dubitatio
1024 2583 1111 2636 essct,
1134 2590 1151 2624 a
1169 2587 1252 2644 poeta

202 2647 303 2704 Seneca
311 2653 339 2702 in
349 2653 545 2708 Controversiis
556 2656 659 2729 aliquot
668 2655 706 2708 lo·
750 2653 894 2719 discimus,
910 2655 956 2724 qui
969 2669 1092 2705 caussam
1106 2653 1134 2703 in
1148 2654 1253 2706 iracun-

203 2733 241 2782 cis
259 2745 441 2802 memoratur,
464 2754 525 2788 cum
544 2738 602 2789 viro
623 2735 706 2789 tlocto
751 2734 823 2789 (liam
836 2753 937 2788 amero
948 2745 1068 2786 avertere
1081 2731 1222 2787 allaborat.

204 2812 304 2863 referre
313 2811 414 2865 malim.
786 2834 811 2869 a.
822 2814 921 2888 poculo
934 2814 1003 2865 dum
1017 2815 1061 2865 vix
1074 2813 1143 2866 bene
1158 2816 1253 2870 dicun-

240 2908 264 2960 7.
281 2889 376 2944 Plioebi
393 2891 487 2946 obortis
504 2893 609 2968 ipseque
628 2893 706 2947 Phoe-
749 2909 809 2958 tur3
826 2894 921 2948 melius
939 2894 998 2946 diro
1015 2912 1075 2946 oum
1093 2893 1254 2948 Oudendor-

204 2967 255 3021 bus
263 2989 271 3032 ;
287 2970 432 3043 refingebat
445 2972 540 3046 Scalig.
559 2993 620 3026 cum
637 2975 704 3028 aliis.
751 2977 814 3047 pio,
830 2974 873 3025 vel
885 2974 964 3026 ducto
976 2992 1037 3025 cum
1049 2973 1157 3024 Heinsio
1170 2975 1252 3047 legas.

245 3063 284 3098 ιο.
308 3047 364 3101 Clio
389 3061 443 3101 tam
467 3064 535 3105 certe
556 3053 708 3106 emendavit
788 3053 814 3104 ³.
834 3052 913 3108 Vobis
931 3051 953 3104 si
970 3049 1050 3122 culpa
1066 3061 1104 3104 est
1121 3051 1187 3106 bilis.
1208 3056 1256 3107 La·

208 3123 323 3176 Casaub.
753 3132 833 3184 borat
853 3143 935 3201 caput
960 3147 1061 3181 versus.
1087 3129 1154 3182 cod.
1176 3133 1253 3186 Voss.

418 3212 496 3265 xlv.
756 3209 897 3265 Vobiscum
914 3208 937 3260 si
954 3218 991 3260 est
1005 3204 1142 3278 culpabili.
1164 3211 1256 3263 Heins-

756 3289 835 3346 Vobis
848 3288 885 3340 sic
896 3286 978 3358 culpa
988 3297 1025 3338 est
1035 3284 1109 3350 bilis,
1119 3288 1161 3340 vel
1173 3291 1257 3344 Haud

242 3361 304 3428 viu.
317 3362 345 3413 in
356 3361 464 3416 Antbol.
477 3363 535 3418 Lat.
548 3363 646 3431 lib.11,
660 3367 709 3438 Ep.
754 3367 824 3420 necis
839 3367 866 3416 in
876 3363 956 3436 culpo
968 3375 1005 3416 est
1018 3363 1085 3416 bilis.
1102 3368 1132 3418 ln
1147 3384 1255 3440 promtu

208 3441 251 3496 65.
264 3440 370 3494 Claudii
378 3441 431 3496 hoc
440 3446 604 3516 epigramma
614 3463 709 3518 agmen
754 3459 794 3498 est
810 3445 895 3498 multa
910 3446 1095 3496 comminisci:
1111 3447 1154 3500 An
1171 3453 1255 3525 misyis

207 3523 421 3589 Catalectorum‚
436 3542 495 3596 quai
506 3525 613 3576 Maroni
628 3524 708 3598 vulgo
755 3525 784 3577 in
791 3521 871 3595 culpa
883 3534 920 3576 est
929 3522 1005 3576 bilis?
1013 3523 1054 3576 vel
1063 3525 1172 3578 Fervida
1182 3548 1215 3581 on
1227 3532 1254 3583 in

207 3603 371 3656 tribuuntur.
384 3603 450 3672 Quis
464 3603 508 3657 hic
519 3603 647 3658 Octavius
660 3607 709 3674 sit,
754 3602 849 3675 culpa,·
858 3604 902 3655 Aa
916 3602 1016 3655 bimido
1031 3603 1059 3655 in
1068 3602 1156 3676 culpa.
1174 3607 1255 3663 Forte

208 3685 342 3756 ignorari,
354 3700 387 3735 eo
397 3685 481 3756 magis
491 3685 659 3736 mirationem
672 3685 711 3738 fa·
753 3683 821 3736 nibil
833 3682 949 3749 horum3
967 3681 1031 3734 sed:
1050 3683 1111 3735 Non
1124 3684 1202 3760 culpa
1219 3701 1257 3742 cst

208 3762 710 3834 ricquodsoriptismultisinclaruisse
756 3762 1257 3839 illit3suaquemquesequuntursata:

208 3856 235 3897 et
250 3842 390 3896 historiam
406 3843 554 3896 Romanam
571 3863 710 3916 aggressus
755 3843 803 3897 sed
825 3846 885 3915 quis
905 3843 990 3896 ullum
1006 3843 1130 3914 prestet?
1150 3849 1256 3920 simpli.

209 3941 266 3976 csse
282 3936 406 3976 narratur
424 3943 449 3975 v.
470 3922 494 3976 5.
515 3924 541 3977 6.
559 3924 626 3975 Eum
637 3927 712 3995 juve·
755 3925 835 3976 citata
847 3925 984 3995 ingeniose
994 3939 1021 3974 se
1032 3926 1201 3980 commendat
1211 3930 1257 3981 Ja-

209 4020 271 4054 nem
283 4014 344 4054 ante
356 4015 458 4074 patrem
467 4021 493 4052 v.
505 4020 530 4072 7.
545 4003 569 4055 8.
581 4005 650 4056 inter
662 4023 712 4074 po·
755 4001 821 4056 cobs
836 4004 920 4054 nostri
936 4003 1003 4070 conj.
1026 4001 1120 4054 Mortis
1137 4005 1159 4056 si
1176 4007 1256 4079 culpo

211 4081 285 4148 cula,
298 4098 381 4152 quum
390 4082 591 4150 excanduisset,
601 4097 711 4155 repente
755 4097 791 4135 est
803 4079 861 4134 bilis
865 4101 875 4143 ,·
886 4079 1083 4136 Animadversa.
1096 4099 1123 4150 p.
1137 4083 1197 4136 318.

1044 4184 1083 4218 ra.
