<?xml version="1.0" encoding="UTF-8"?>
<!DOCTYPE html PUBLIC "-//W3C//DTD XHTML 1.0 Transitional//EN"
    "http://www.w3.org/TR/xhtml1/DTD/xhtml1-transitional.dtd">
<html xmlns="http://www.w3.org/1999/xhtml" xml:lang="en" lang="en">
 <head>
  <title>
</title>
<meta http-equiv="Content-Type" content="text/html;charset=utf-8" />
  <meta name='ocr-system' content='tesseract 3.04.00' />
  <meta name='ocr-capabilities' content='ocr_page ocr_carea ocr_par ocr_line ocrx_word'/>
</head>
<body>
  <div class='ocr_page' id='page_1' title='image "./pvirgiliusmaroq04barbgoog_0208.png"; bbox 0 0 3000 4674; ppageno 0'>
   <div class='ocr_carea' id='block_1_1' title="bbox 269 365 1064 476">
    <p class='ocr_par' dir='ltr' id='par_1_1' title="bbox 269 365 1064 476">
     <span class='ocr_line' id='line_1_1' title="bbox 269 365 1064 476; baseline -0.003 -37"><span class='ocrx_word' id='word_1_1' title='bbox 269 375 333 456; x_wconf 65' lang='lat'>204</span> <span class='ocrx_word' id='word_1_2' title='bbox 513 369 548 436; x_wconf 81' lang='lat' dir='ltr'>r.</span> <span class='ocrx_word' id='word_1_3' title='bbox 572 366 806 476; x_wconf 83' lang='lat' dir='ltr'>vtnotttt</span> <span class='ocrx_word' id='word_1_4' title='bbox 828 365 1064 437; x_wconf 81' lang='lat' dir='ltr'>utaouts</span> 
     </span>
    </p>
   </div>
   <div class='ocr_carea' id='block_1_2' title="bbox 241 490 1314 1532">
    <p class='ocr_par' dir='ltr' id='par_1_2' title="bbox 241 490 1314 1532">
     <span class='ocr_line' id='line_1_2' title="bbox 241 490 990 585; baseline -0.004 -23"><span class='ocrx_word' id='word_1_5' title='bbox 241 507 247 522; x_wconf 94' lang='lat'>&#39;</span> <span class='ocrx_word' id='word_1_6' title='bbox 266 497 411 585; x_wconf 77' lang='lat' dir='ltr'>Exiguus</span> <span class='ocrx_word' id='word_1_7' title='bbox 423 494 543 584; x_wconf 83' lang='lat' dir='ltr'>spatio,</span> <span class='ocrx_word' id='word_1_8' title='bbox 556 493 654 559; x_wconf 77' lang='lat' dir='ltr'>variis</span> <span class='ocrx_word' id='word_1_9' title='bbox 666 490 726 559; x_wconf 88' lang='lat' dir='ltr'>sed</span> <span class='ocrx_word' id='word_1_10' title='bbox 738 491 854 558; x_wconf 81' lang='lat' dir='ltr'>fertilis</span> <span class='ocrx_word' id='word_1_11' title='bbox 867 491 990 559; x_wconf 83' lang='lat' dir='ltr'>herbis.</span> 
     </span>
     <span class='ocr_line' id='line_1_3' title="bbox 266 598 1029 690; baseline -0.001 -24"><span class='ocrx_word' id='word_1_12' title='bbox 266 603 340 668; x_wconf 87' lang='lat' dir='ltr'>Non</span> <span class='ocrx_word' id='word_1_13' title='bbox 353 600 400 665; x_wconf 91' lang='lat' dir='ltr'>iili</span> <span class='ocrx_word' id='word_1_14' title='bbox 412 599 538 680; x_wconf 88' lang='lat' dir='ltr'>deerat,</span> <span class='ocrx_word' id='word_1_15' title='bbox 555 598 646 690; x_wconf 91' lang='lat' dir='ltr'>quod</span> <span class='ocrx_word' id='word_1_16' title='bbox 659 599 814 688; x_wconf 83' lang='lat' dir='ltr'>pauperis</span> <span class='ocrx_word' id='word_1_17' title='bbox 827 599 926 687; x_wconf 80' lang='lat' dir='ltr'>exigit</span> <span class='ocrx_word' id='word_1_18' title='bbox 938 620 1029 665; x_wconf 87' lang='lat' dir='ltr'>usus.</span> 
     </span>
     <span class='ocr_line' id='line_1_4' title="bbox 263 703 1314 794; baseline 0.002 -22"><span class='ocrx_word' id='word_1_19' title='bbox 263 703 917 794; x_wconf 76' lang='lat' dir='ltr'>⁸interdumiocuplesapaupereplura</span> <span class='ocrx_word' id='word_1_20' title='bbox 928 704 1100 794; x_wconf 72' lang='lat' dir='ltr'>petebat·</span> <span class='ocrx_word' id='word_1_21' title='bbox 1280 715 1314 774; x_wconf 72' lang='lat' dir='ltr'>dt</span> 
     </span>
     <span class='ocr_line' id='line_1_5' title="bbox 263 809 1130 901; baseline -0.001 -23"><span class='ocrx_word' id='word_1_22' title='bbox 263 811 277 838; x_wconf 74' lang='lat'>⁸</span> <span class='ocrx_word' id='word_1_23' title='bbox 289 814 357 878; x_wconf 86' lang='lat' dir='ltr'>Nec</span> <span class='ocrx_word' id='word_1_24' title='bbox 369 828 497 878; x_wconf 83' lang='lat' dir='ltr'>sumtus</span> <span class='ocrx_word' id='word_1_25' title='bbox 510 828 579 878; x_wconf 90' lang='lat' dir='ltr'>erat</span> <span class='ocrx_word' id='word_1_26' title='bbox 590 809 673 876; x_wconf 90' lang='lat' dir='ltr'>illud</span> <span class='ocrx_word' id='word_1_27' title='bbox 686 833 781 901; x_wconf 90' lang='lat' dir='ltr'>opus.</span> <span class='ocrx_word' id='word_1_28' title='bbox 793 809 859 876; x_wconf 86' lang='lat' dir='ltr'>Sed</span> <span class='ocrx_word' id='word_1_29' title='bbox 871 810 984 900; x_wconf 76' lang='lat' dir='ltr'>regula</span> <span class='ocrx_word' id='word_1_30' title='bbox 997 833 1085 878; x_wconf 83' lang='lat' dir='ltr'>curae</span> <span class='ocrx_word' id='word_1_31' title='bbox 1097 811 1130 877; x_wconf 71' lang='grc' dir='ltr'>ι’</span> 
     </span>
     <span class='ocr_line' id='line_1_6' title="bbox 264 915 1079 1009; baseline 0 -26"><span class='ocrx_word' id='word_1_32' title='bbox 264 917 297 983; x_wconf 88' lang='lat' dir='ltr'>Si</span> <span class='ocrx_word' id='word_1_33' title='bbox 310 917 444 1009; x_wconf 83' lang='lat' dir='ltr'>quando</span> <span class='ocrx_word' id='word_1_34' title='bbox 455 940 597 984; x_wconf 84' lang='lat' dir='ltr'>vacuum</span> <span class='ocrx_word' id='word_1_35' title='bbox 609 917 719 982; x_wconf 84' lang='lat' dir='ltr'>casula</span> <span class='ocrx_word' id='word_1_36' title='bbox 730 916 893 1006; x_wconf 83' lang='lat' dir='ltr'>pluviaeve</span> <span class='ocrx_word' id='word_1_37' title='bbox 905 915 1079 1000; x_wconf 88' lang='lat' dir='ltr'>tenebant,</span> 
     </span>
     <span class='ocr_line' id='line_1_7' title="bbox 263 1021 1027 1107; baseline -0.003 -17"><span class='ocrx_word' id='word_1_38' title='bbox 263 1025 401 1091; x_wconf 82' lang='lat' dir='ltr'>Festave</span> <span class='ocrx_word' id='word_1_39' title='bbox 413 1025 483 1107; x_wconf 80' lang='lat' dir='ltr'>lux3</span> <span class='ocrx_word' id='word_1_40' title='bbox 497 1025 523 1090; x_wconf 89' lang='lat' dir='ltr'>si</span> <span class='ocrx_word' id='word_1_41' title='bbox 535 1025 621 1090; x_wconf 83' lang='lat' dir='ltr'>forte</span> <span class='ocrx_word' id='word_1_42' title='bbox 632 1021 727 1088; x_wconf 88' lang='lat' dir='ltr'>labor</span> <span class='ocrx_word' id='word_1_43' title='bbox 738 1021 886 1089; x_wconf 80' lang='lat' dir='ltr'>cessabat</span> <span class='ocrx_word' id='word_1_44' title='bbox 897 1039 1027 1103; x_wconf 85' lang='lat' dir='ltr'>aratro;</span> 
     </span>
     <span class='ocr_line' id='line_1_8' title="bbox 263 1127 1095 1222; baseline 0 -26"><span class='ocrx_word' id='word_1_45' title='bbox 263 1131 362 1198; x_wconf 86' lang='lat' dir='ltr'>Horti</span> <span class='ocrx_word' id='word_1_46' title='bbox 374 1154 457 1222; x_wconf 90' lang='lat' dir='ltr'>opus</span> <span class='ocrx_word' id='word_1_47' title='bbox 470 1130 552 1196; x_wconf 88' lang='lat' dir='ltr'>illud</span> <span class='ocrx_word' id='word_1_48' title='bbox 565 1147 643 1196; x_wconf 87' lang='lat' dir='ltr'>erat.</span> <span class='ocrx_word' id='word_1_49' title='bbox 656 1129 771 1194; x_wconf 85' lang='lat' dir='ltr'>Varias</span> <span class='ocrx_word' id='word_1_50' title='bbox 783 1127 954 1218; x_wconf 84' lang='lat' dir='ltr'><strong>deponere</strong></span> <span class='ocrx_word' id='word_1_51' title='bbox 965 1128 1095 1218; x_wconf 83' lang='lat' dir='ltr'>plantas</span> 
     </span>
     <span class='ocr_line' id='line_1_9' title="bbox 241 1236 1046 1332; baseline 0 -30"><span class='ocrx_word' id='word_1_52' title='bbox 241 1323 244 1332; x_wconf 83' lang='lat'>.</span> <span class='ocrx_word' id='word_1_53' title='bbox 258 1239 379 1318; x_wconf 73' lang='lat' dir='ltr'>Norat,</span> <span class='ocrx_word' id='word_1_54' title='bbox 393 1255 426 1304; x_wconf 86' lang='lat' dir='ltr'>et</span> <span class='ocrx_word' id='word_1_55' title='bbox 438 1238 575 1304; x_wconf 87' lang='lat' dir='ltr'>occultae</span> <span class='ocrx_word' id='word_1_56' title='bbox 587 1236 783 1303; x_wconf 82' lang='lat' dir='ltr'>conmittere</span> <span class='ocrx_word' id='word_1_57' title='bbox 795 1236 921 1301; x_wconf 86' lang='lat' dir='ltr'>semina</span> <span class='ocrx_word' id='word_1_58' title='bbox 933 1251 1046 1318; x_wconf 84' lang='lat' dir='ltr'>tetrae,</span> 
     </span>
     <span class='ocr_line' id='line_1_10' title="bbox 261 1341 958 1436; baseline 0 -28"><span class='ocrx_word' id='word_1_59' title='bbox 261 1345 464 1436; x_wconf 84' lang='lat' dir='ltr'>Vicinosque</span> <span class='ocrx_word' id='word_1_60' title='bbox 476 1361 552 1432; x_wconf 85' lang='lat' dir='ltr'>apte</span> <span class='ocrx_word' id='word_1_61' title='bbox 564 1363 642 1408; x_wconf 84' lang='lat' dir='ltr'>cura</span> <span class='ocrx_word' id='word_1_62' title='bbox 653 1341 847 1408; x_wconf 84' lang='lat' dir='ltr'>submittere</span> <span class='ocrx_word' id='word_1_63' title='bbox 859 1341 958 1426; x_wconf 79' lang='lat' dir='ltr'>rivos.</span> 
     </span>
     <span class='ocr_line' id='line_1_11' title="bbox 262 1446 1020 1532; baseline -0.003 -17"><span class='ocrx_word' id='word_1_64' title='bbox 262 1451 326 1516; x_wconf 89' lang='lat' dir='ltr'>Hic</span> <span class='ocrx_word' id='word_1_65' title='bbox 339 1451 426 1532; x_wconf 87' lang='lat' dir='ltr'>olus,</span> <span class='ocrx_word' id='word_1_66' title='bbox 438 1449 495 1515; x_wconf 91' lang='lat' dir='ltr'>hic</span> <span class='ocrx_word' id='word_1_67' title='bbox 506 1450 570 1513; x_wconf 91' lang='lat' dir='ltr'>late</span> <span class='ocrx_word' id='word_1_68' title='bbox 583 1446 760 1520; x_wconf 83' lang='lat' dir='ltr'>fundentes</span> <span class='ocrx_word' id='word_1_69' title='bbox 772 1446 907 1513; x_wconf 86' lang='lat' dir='ltr'>brachia</span> <span class='ocrx_word' id='word_1_70' title='bbox 919 1447 1020 1529; x_wconf 72' lang='lat' dir='ltr'>beta,</span> 
     </span>
    </p>
   </div>
   <div class='ocr_carea' id='block_1_3' title="bbox 221 1553 1220 1753">
    <p class='ocr_par' dir='ltr' id='par_1_3' title="bbox 221 1553 1220 1753">
     <span class='ocr_line' id='line_1_12' title="bbox 262 1553 1220 1648; baseline -0.004 -22"><span class='ocrx_word' id='word_1_71' title='bbox 262 1557 505 1648; x_wconf 88' lang='lat' dir='ltr'>Fecundusque</span> <span class='ocrx_word' id='word_1_72' title='bbox 518 1579 646 1635; x_wconf 77' lang='lat' dir='ltr'>rumex,</span> <span class='ocrx_word' id='word_1_73' title='bbox 660 1554 856 1646; x_wconf 66' lang='lat' dir='ltr'>indiaeque,</span> <span class='ocrx_word' id='word_1_74' title='bbox 871 1556 1038 1647; x_wconf 86' lang='lat' dir='ltr'>inulaeque</span> <span class='ocrx_word' id='word_1_75' title='bbox 1051 1553 1220 1639; x_wconf 80' lang='lat' dir='ltr'>virebant3</span> 
     </span>
     <span class='ocr_line' id='line_1_13' title="bbox 221 1661 1020 1753; baseline -0.001 -24"><span class='ocrx_word' id='word_1_76' title='bbox 221 1695 224 1707; x_wconf 68' lang='grc'><em>»</em></span> <span class='ocrx_word' id='word_1_77' title='bbox 262 1665 327 1732; x_wconf 86' lang='lat' dir='ltr'>Hic</span> <span class='ocrx_word' id='word_1_78' title='bbox 338 1665 433 1744; x_wconf 86' lang='lat' dir='ltr'>siser,</span> <span class='ocrx_word' id='word_1_79' title='bbox 447 1680 481 1728; x_wconf 89' lang='lat' dir='ltr'>et</span> <span class='ocrx_word' id='word_1_80' title='bbox 492 1661 591 1752; x_wconf 88' lang='lat' dir='ltr'>capiti</span> <span class='ocrx_word' id='word_1_81' title='bbox 602 1683 725 1727; x_wconf 88' lang='lat' dir='ltr'>nomen</span> <span class='ocrx_word' id='word_1_82' title='bbox 738 1662 893 1728; x_wconf 86' lang='lat' dir='ltr'>debentia</span> <span class='ocrx_word' id='word_1_83' title='bbox 905 1683 1020 1753; x_wconf 86' lang='lat' dir='ltr'>porra;</span> 
     </span>
    </p>
   </div>
   <div class='ocr_carea' id='block_1_4' title="bbox 174 1829 1363 3605">
    <p class='ocr_par' dir='ltr' id='par_1_4' title="bbox 174 1829 1363 3605">
     <span class='ocr_line' id='line_1_14' title="bbox 174 1829 1309 1896; baseline -0.002 -18"><span class='ocrx_word' id='word_1_84' title='bbox 174 1835 176 1842; x_wconf 80' lang='grc'>’</span> <span class='ocrx_word' id='word_1_85' title='bbox 260 1833 348 1880; x_wconf 85' lang='lat' dir='ltr'>arundo</span> <span class='ocrx_word' id='word_1_86' title='bbox 359 1847 388 1878; x_wconf 82' lang='lat' dir='ltr'>ex</span> <span class='ocrx_word' id='word_1_87' title='bbox 403 1829 487 1877; x_wconf 75' lang='lat' dir='ltr'>hidiae</span> <span class='ocrx_word' id='word_1_88' title='bbox 501 1829 570 1877; x_wconf 85' lang='lat' dir='ltr'>ducta</span> <span class='ocrx_word' id='word_1_89' title='bbox 587 1841 635 1886; x_wconf 64' lang='grc' dir='ltr'>επις</span> <span class='ocrx_word' id='word_1_90' title='bbox 649 1833 683 1877; x_wconf 88' lang='lat' dir='ltr'>uti</span> <span class='ocrx_word' id='word_1_91' title='bbox 700 1843 723 1878; x_wconf 85' lang='lat' dir='ltr'>et</span> <span class='ocrx_word' id='word_1_92' title='bbox 737 1831 839 1894; x_wconf 71' lang='lat' dir='ltr'>Scaliger</span> <span class='ocrx_word' id='word_1_93' title='bbox 854 1841 958 1879; x_wconf 81' lang='lat' dir='ltr'>veterem</span> <span class='ocrx_word' id='word_1_94' title='bbox 972 1833 1110 1896; x_wconf 73' lang='lat' dir='ltr'>scripturam</span> <span class='ocrx_word' id='word_1_95' title='bbox 1125 1847 1174 1880; x_wconf 87' lang='lat' dir='ltr'>esse</span> <span class='ocrx_word' id='word_1_96' title='bbox 1186 1833 1233 1891; x_wconf 82' lang='lat' dir='ltr'>ait,</span> <span class='ocrx_word' id='word_1_97' title='bbox 1248 1833 1309 1878; x_wconf 65' lang='lat' dir='ltr'>retli-</span> 
     </span>
     <span class='ocr_line' id='line_1_15' title="bbox 259 1902 1309 1967; baseline 0 -17"><span class='ocrx_word' id='word_1_98' title='bbox 259 1907 327 1960; x_wconf 83' lang='lat' dir='ltr'>uiue,-</span> <span class='ocrx_word' id='word_1_99' title='bbox 340 1919 392 1966; x_wconf 69' lang='lat' dir='ltr'>que</span> <span class='ocrx_word' id='word_1_100' title='bbox 409 1915 522 1966; x_wconf 69' lang='lat' dir='ltr'>pet-prema</span> <span class='ocrx_word' id='word_1_101' title='bbox 538 1905 634 1950; x_wconf 78' lang='lat' dir='ltr'>variatio</span> <span class='ocrx_word' id='word_1_102' title='bbox 649 1902 758 1951; x_wconf 84' lang='lat' dir='ltr'>lectionis</span> <span class='ocrx_word' id='word_1_103' title='bbox 771 1917 812 1951; x_wconf 85' lang='lat' dir='ltr'>est.</span> <span class='ocrx_word' id='word_1_104' title='bbox 830 1903 915 1967; x_wconf 68' lang='lat' dir='ltr'>Vuigg.</span> <span class='ocrx_word' id='word_1_105' title='bbox 935 1915 958 1951; x_wconf 83' lang='lat' dir='ltr'>et</span> <span class='ocrx_word' id='word_1_106' title='bbox 970 1915 1028 1950; x_wconf 76' lang='lat' dir='ltr'>vett.</span> <span class='ocrx_word' id='word_1_107' title='bbox 1043 1904 1098 1952; x_wconf 88' lang='lat' dir='ltr'>edd.</span> <span class='ocrx_word' id='word_1_108' title='bbox 1112 1905 1260 1950; x_wconf 69' lang='lat' dir='ltr'>menum·</span> <span class='ocrx_word' id='word_1_109' title='bbox 1269 1903 1309 1961; x_wconf 70' lang='lat' dir='ltr'>bd.</span> 
     </span>
     <span class='ocr_line' id='line_1_16' title="bbox 260 1972 1311 2040; baseline -0.001 -20"><span class='ocrx_word' id='word_1_110' title='bbox 260 1973 302 2020; x_wconf 81' lang='lat' dir='ltr'>rttt</span> <span class='ocrx_word' id='word_1_111' title='bbox 313 1972 348 2020; x_wconf 89' lang='lat' dir='ltr'>illi</span> <span class='ocrx_word' id='word_1_112' title='bbox 355 1975 378 2019; x_wconf 90' lang='lat' dir='ltr'>d.</span> <span class='ocrx_word' id='word_1_113' title='bbox 390 1972 474 2020; x_wconf 84' lang='lat' dir='ltr'>melius</span> <span class='ocrx_word' id='word_1_114' title='bbox 484 1989 527 2020; x_wconf 89' lang='lat' dir='ltr'>ms.</span> <span class='ocrx_word' id='word_1_115' title='bbox 537 1973 634 2021; x_wconf 81' lang='lat' dir='ltr'>ttetmn.</span> <span class='ocrx_word' id='word_1_116' title='bbox 644 1977 719 2040; x_wconf 49' lang='lat' dir='ltr'>expet</span> <span class='ocrx_word' id='word_1_117' title='bbox 732 1975 748 2020; x_wconf 82' lang='lat' dir='ltr'>i.</span> <span class='ocrx_word' id='word_1_118' title='bbox 762 1975 881 2021; x_wconf 49' lang='lat' dir='ltr'>stetu*</span> <span class='ocrx_word' id='word_1_119' title='bbox 890 1973 928 2021; x_wconf 84' lang='lat'>65.</span> <span class='ocrx_word' id='word_1_120' title='bbox 942 1974 1060 2020; x_wconf 75' lang='lat' dir='ltr'>Interdum</span> <span class='ocrx_word' id='word_1_121' title='bbox 1074 1973 1173 2036; x_wconf 72' lang='lat' dir='ltr'>locuples</span> <span class='ocrx_word' id='word_1_122' title='bbox 1183 1989 1199 2020; x_wconf 84' lang='lat' dir='ltr'>e</span> <span class='ocrx_word' id='word_1_123' title='bbox 1210 1989 1311 2038; x_wconf 76' lang='lat' dir='ltr'>paupere</span> 
     </span>
     <span class='ocr_line' id='line_1_17' title="bbox 258 2043 1310 2109; baseline 0.001 -18"><span class='ocrx_word' id='word_1_124' title='bbox 258 2043 327 2108; x_wconf 83' lang='lat' dir='ltr'>plura</span> <span class='ocrx_word' id='word_1_125' title='bbox 340 2043 437 2108; x_wconf 78' lang='lat' dir='ltr'>petebm.</span> <span class='ocrx_word' id='word_1_126' title='bbox 453 2047 551 2093; x_wconf 83' lang='lat' dir='ltr'>Versum</span> <span class='ocrx_word' id='word_1_127' title='bbox 566 2061 594 2093; x_wconf 83' lang='lat' dir='ltr'>ex</span> <span class='ocrx_word' id='word_1_128' title='bbox 607 2048 712 2109; x_wconf 69' lang='lat' dir='ltr'>margine</span> <span class='ocrx_word' id='word_1_129' title='bbox 726 2045 895 2108; x_wconf 74' lang='lat' dir='ltr'>agglutinatum</span> <span class='ocrx_word' id='word_1_130' title='bbox 908 2044 1023 2102; x_wconf 76' lang='lat' dir='ltr'>arbitror,</span> <span class='ocrx_word' id='word_1_131' title='bbox 1037 2061 1082 2092; x_wconf 84' lang='lat' dir='ltr'>uec</span> <span class='ocrx_word' id='word_1_132' title='bbox 1095 2061 1189 2094; x_wconf 83' lang='lat' dir='ltr'>scotum</span> <span class='ocrx_word' id='word_1_133' title='bbox 1204 2047 1258 2094; x_wconf 87' lang='lat' dir='ltr'>satis</span> <span class='ocrx_word' id='word_1_134' title='bbox 1272 2061 1310 2092; x_wconf 86' lang='lat' dir='ltr'>me</span> 
     </span>
     <span class='ocr_line' id='line_1_18' title="bbox 260 2115 1309 2181; baseline 0.001 -18"><span class='ocrx_word' id='word_1_135' title='bbox 260 2117 352 2180; x_wconf 85' lang='lat' dir='ltr'>sesequi</span> <span class='ocrx_word' id='word_1_136' title='bbox 365 2115 448 2164; x_wconf 74' lang='lat' dir='ltr'>fateor.</span> <span class='ocrx_word' id='word_1_137' title='bbox 459 2118 495 2162; x_wconf 82' lang='lat' dir='ltr'>An</span> <span class='ocrx_word' id='word_1_138' title='bbox 505 2117 595 2165; x_wconf 82' lang='lat' dir='ltr'>voluit:</span> <span class='ocrx_word' id='word_1_139' title='bbox 607 2119 728 2166; x_wconf 85' lang='lat' dir='ltr'>interdum</span> <span class='ocrx_word' id='word_1_140' title='bbox 741 2120 811 2164; x_wconf 89' lang='lat' dir='ltr'>etiam</span> <span class='ocrx_word' id='word_1_141' title='bbox 824 2115 942 2180; x_wconf 85' lang='lat' dir='ltr'>locuples,</span> <span class='ocrx_word' id='word_1_142' title='bbox 957 2116 981 2162; x_wconf 87' lang='lat' dir='ltr'>h.</span> <span class='ocrx_word' id='word_1_143' title='bbox 996 2133 1018 2164; x_wconf 84' lang='lat' dir='ltr'>e.</span> <span class='ocrx_word' id='word_1_144' title='bbox 1033 2119 1075 2180; x_wconf 83' lang='lat' dir='ltr'>qui</span> <span class='ocrx_word' id='word_1_145' title='bbox 1091 2121 1204 2181; x_wconf 81' lang='lat' dir='ltr'>majorem</span> <span class='ocrx_word' id='word_1_146' title='bbox 1215 2118 1309 2165; x_wconf 81' lang='lat' dir='ltr'>hortum</span> 
     </span>
     <span class='ocr_line' id='line_1_19' title="bbox 259 2185 1310 2252; baseline 0.002 -20"><span class='ocrx_word' id='word_1_147' title='bbox 259 2185 310 2250; x_wconf 87' lang='lat' dir='ltr'>ipse</span> <span class='ocrx_word' id='word_1_148' title='bbox 320 2185 428 2243; x_wconf 84' lang='lat' dir='ltr'>colebat,</span> <span class='ocrx_word' id='word_1_149' title='bbox 440 2187 535 2250; x_wconf 87' lang='lat' dir='ltr'>petebat</span> <span class='ocrx_word' id='word_1_150' title='bbox 548 2205 561 2236; x_wconf 85' lang='lat' dir='ltr'>a</span> <span class='ocrx_word' id='word_1_151' title='bbox 578 2203 698 2252; x_wconf 87' lang='lat' dir='ltr'>paupere,</span> <span class='ocrx_word' id='word_1_152' title='bbox 712 2205 725 2234; x_wconf 93' lang='lat' dir='ltr'>a</span> <span class='ocrx_word' id='word_1_153' title='bbox 740 2185 826 2234; x_wconf 81' lang='lat' dir='ltr'>coldno</span> <span class='ocrx_word' id='word_1_154' title='bbox 836 2186 896 2242; x_wconf 84' lang='lat' dir='ltr'>hoc.</span> <span class='ocrx_word' id='word_1_155' title='bbox 909 2185 1013 2243; x_wconf 85' lang='lat' dir='ltr'>Simulo,</span> <span class='ocrx_word' id='word_1_156' title='bbox 1024 2187 1075 2234; x_wconf 88' lang='lat' dir='ltr'>scii.</span> <span class='ocrx_word' id='word_1_157' title='bbox 1089 2187 1154 2252; x_wconf 90' lang='lat' dir='ltr'>quod</span> <span class='ocrx_word' id='word_1_158' title='bbox 1167 2189 1255 2252; x_wconf 84' lang='lat' dir='ltr'>ipsein</span> <span class='ocrx_word' id='word_1_159' title='bbox 1266 2203 1310 2234; x_wconf 90' lang='lat' dir='ltr'>suo</span> 
     </span>
     <span class='ocr_line' id='line_1_20' title="bbox 258 2253 1309 2323; baseline 0 -20"><span class='ocrx_word' id='word_1_160' title='bbox 258 2253 328 2304; x_wconf 84' lang='lat' dir='ltr'>horto</span> <span class='ocrx_word' id='word_1_161' title='bbox 337 2271 386 2304; x_wconf 84' lang='lat' dir='ltr'>non</span> <span class='ocrx_word' id='word_1_162' title='bbox 396 2257 500 2305; x_wconf 77' lang='lat' dir='ltr'>heberet.</span> <span class='ocrx_word' id='word_1_163' title='bbox 514 2260 560 2306; x_wconf 85' lang='lat' dir='ltr'>Pro</span> <span class='ocrx_word' id='word_1_164' title='bbox 570 2259 639 2323; x_wconf 83' lang='lat' dir='ltr'>plura</span> <span class='ocrx_word' id='word_1_165' title='bbox 648 2259 730 2307; x_wconf 86' lang='lat' dir='ltr'>saitem</span> <span class='ocrx_word' id='word_1_166' title='bbox 744 2258 823 2305; x_wconf 88' lang='lat' dir='ltr'>malim</span> <span class='ocrx_word' id='word_1_167' title='bbox 835 2257 918 2314; x_wconf 90' lang='lat' dir='ltr'>multo,</span> <span class='ocrx_word' id='word_1_168' title='bbox 928 2257 994 2322; x_wconf 87' lang='lat' dir='ltr'>quod</span> <span class='ocrx_word' id='word_1_169' title='bbox 1006 2269 1029 2304; x_wconf 85' lang='lat' dir='ltr'>rt</span> <span class='ocrx_word' id='word_1_170' title='bbox 1040 2272 1081 2305; x_wconf 89' lang='lat' dir='ltr'>ms.</span> <span class='ocrx_word' id='word_1_171' title='bbox 1092 2256 1189 2305; x_wconf 82' lang='lat' dir='ltr'>bleimst.</span> <span class='ocrx_word' id='word_1_172' title='bbox 1200 2257 1309 2304; x_wconf 88' lang='lat' dir='ltr'>habebat.</span> 
     </span>
     <span class='ocr_line' id='line_1_21' title="bbox 258 2327 1310 2394; baseline -0.002 -19"><span class='ocrx_word' id='word_1_173' title='bbox 258 2349 289 2364; x_wconf 88' lang='lat'><em>-</em></span> <span class='ocrx_word' id='word_1_174' title='bbox 297 2327 336 2375; x_wconf 83' lang='lat'>66.</span> <span class='ocrx_word' id='word_1_175' title='bbox 350 2329 423 2376; x_wconf 82' lang='lat' dir='ltr'>Etiam</span> <span class='ocrx_word' id='word_1_176' title='bbox 433 2329 463 2377; x_wconf 85' lang='lat' dir='ltr'>de</span> <span class='ocrx_word' id='word_1_177' title='bbox 475 2329 521 2378; x_wconf 92' lang='lat' dir='ltr'>hoc</span> <span class='ocrx_word' id='word_1_178' title='bbox 529 2346 599 2378; x_wconf 74' lang='lat' dir='ltr'>versu</span> <span class='ocrx_word' id='word_1_179' title='bbox 610 2330 708 2388; x_wconf 85' lang='lat' dir='ltr'>dubito;</span> <span class='ocrx_word' id='word_1_180' title='bbox 721 2330 828 2394; x_wconf 84' lang='lat' dir='ltr'>inprimis</span> <span class='ocrx_word' id='word_1_181' title='bbox 838 2340 935 2392; x_wconf 84' lang='lat' dir='ltr'>propter</span> <span class='ocrx_word' id='word_1_182' title='bbox 948 2345 971 2374; x_wconf 77' lang='lat' dir='ltr'>e.</span> <span class='ocrx_word' id='word_1_183' title='bbox 983 2327 1029 2390; x_wconf 73' lang='lat'>69:</span> <span class='ocrx_word' id='word_1_184' title='bbox 1039 2343 1088 2382; x_wconf 81' lang='lat' dir='ltr'>oon</span> <span class='ocrx_word' id='word_1_185' title='bbox 1099 2327 1182 2374; x_wconf 87' lang='lat' dir='ltr'>hortus</span> <span class='ocrx_word' id='word_1_186' title='bbox 1191 2339 1241 2374; x_wconf 83' lang='lat' dir='ltr'>erat</span> <span class='ocrx_word' id='word_1_187' title='bbox 1249 2342 1310 2390; x_wconf 90' lang='lat' dir='ltr'>opus</span> 
     </span>
     <span class='ocr_line' id='line_1_22' title="bbox 257 2399 1310 2467; baseline 0 -19"><span class='ocrx_word' id='word_1_188' title='bbox 257 2411 361 2460; x_wconf 83' lang='lat' dir='ltr'>sumtus,</span> <span class='ocrx_word' id='word_1_189' title='bbox 373 2417 416 2450; x_wconf 86' lang='lat' dir='ltr'>seu</span> <span class='ocrx_word' id='word_1_190' title='bbox 429 2403 539 2467; x_wconf 76' lang='lat' dir='ltr'>impensa</span> <span class='ocrx_word' id='word_1_191' title='bbox 554 2405 580 2451; x_wconf 86' lang='lat' dir='ltr'>in</span> <span class='ocrx_word' id='word_1_192' title='bbox 598 2420 652 2452; x_wconf 86' lang='lat' dir='ltr'>eum</span> <span class='ocrx_word' id='word_1_193' title='bbox 668 2402 749 2460; x_wconf 86' lang='lat' dir='ltr'>iactte;</span> <span class='ocrx_word' id='word_1_194' title='bbox 767 2402 810 2450; x_wconf 88' lang='lat' dir='ltr'>sed</span> <span class='ocrx_word' id='word_1_195' title='bbox 823 2418 885 2449; x_wconf 87' lang='lat' dir='ltr'>curre</span> <span class='ocrx_word' id='word_1_196' title='bbox 900 2399 981 2466; x_wconf 64' lang='lat' dir='ltr'>regula</span> <span class='ocrx_word' id='word_1_197' title='bbox 998 2414 1048 2448; x_wconf 87' lang='lat' dir='ltr'>erat</span> <span class='ocrx_word' id='word_1_198' title='bbox 1063 2400 1125 2458; x_wconf 67' lang='lat' dir='ltr'>hec,</span> <span class='ocrx_word' id='word_1_199' title='bbox 1137 2413 1164 2446; x_wconf 88' lang='lat' dir='ltr'>ut</span> <span class='ocrx_word' id='word_1_200' title='bbox 1177 2412 1222 2448; x_wconf 86' lang='lat' dir='ltr'>etc.</span> <span class='ocrx_word' id='word_1_201' title='bbox 1235 2401 1310 2448; x_wconf 80' lang='lat' dir='ltr'>Porro</span> 
     </span>
     <span class='ocr_line' id='line_1_23' title="bbox 257 2470 1309 2540; baseline 0.001 -21"><span class='ocrx_word' id='word_1_202' title='bbox 257 2470 325 2538; x_wconf 79' lang='lat' dir='ltr'>bujiss</span> <span class='ocrx_word' id='word_1_203' title='bbox 335 2490 392 2538; x_wconf 88' lang='lat' dir='ltr'>opus</span> <span class='ocrx_word' id='word_1_204' title='bbox 401 2473 454 2521; x_wconf 76' lang='grc' dir='ltr'>ΔΜ.</span> <span class='ocrx_word' id='word_1_205' title='bbox 464 2477 498 2522; x_wconf 87' lang='lat' dir='ltr'>lta</span> <span class='ocrx_word' id='word_1_206' title='bbox 508 2475 619 2539; x_wconf 70' lang='lat' dir='ltr'>distingui</span> <span class='ocrx_word' id='word_1_207' title='bbox 628 2487 722 2540; x_wconf 84' lang='lat' dir='ltr'>posset:</span> <span class='ocrx_word' id='word_1_208' title='bbox 734 2477 784 2522; x_wconf 85' lang='lat' dir='ltr'>Nee</span> <span class='ocrx_word' id='word_1_209' title='bbox 790 2483 879 2522; x_wconf 84' lang='lat' dir='ltr'>sumtus</span> <span class='ocrx_word' id='word_1_210' title='bbox 890 2483 940 2522; x_wconf 80' lang='lat' dir='ltr'>emt</span> <span class='ocrx_word' id='word_1_211' title='bbox 952 2473 1031 2538; x_wconf 81' lang='lat' dir='ltr'>hujus,</span> <span class='ocrx_word' id='word_1_212' title='bbox 1039 2488 1096 2536; x_wconf 88' lang='lat' dir='ltr'>opus</span> <span class='ocrx_word' id='word_1_213' title='bbox 1105 2473 1147 2519; x_wconf 87' lang='lat' dir='ltr'>sed</span> <span class='ocrx_word' id='word_1_214' title='bbox 1153 2470 1309 2538; x_wconf 50' lang='lat' dir='ltr'>melorum,</span> 
     </span>
     <span class='ocr_line' id='line_1_24' title="bbox 247 2542 1310 2612; baseline 0.001 -21"><span class='ocrx_word' id='word_1_215' title='bbox 247 2542 281 2592; x_wconf 86' lang='lat' dir='ltr'>h.</span> <span class='ocrx_word' id='word_1_216' title='bbox 296 2547 340 2592; x_wconf 82' lang='lat' dir='ltr'>tiec</span> <span class='ocrx_word' id='word_1_217' title='bbox 354 2545 425 2609; x_wconf 87' lang='lat' dir='ltr'>hujus</span> <span class='ocrx_word' id='word_1_218' title='bbox 434 2563 495 2594; x_wconf 86' lang='lat' dir='ltr'>curte</span> <span class='ocrx_word' id='word_1_219' title='bbox 504 2547 585 2611; x_wconf 77' lang='lat' dir='ltr'>regula</span> <span class='ocrx_word' id='word_1_220' title='bbox 596 2558 759 2603; x_wconf 71' lang='lat' dir='ltr'>crassorum,</span> <span class='ocrx_word' id='word_1_221' title='bbox 771 2547 813 2596; x_wconf 88' lang='lat' dir='ltr'>sed</span> <span class='ocrx_word' id='word_1_222' title='bbox 823 2563 891 2612; x_wconf 90' lang='lat' dir='ltr'>opus.</span> <span class='ocrx_word' id='word_1_223' title='bbox 904 2545 950 2594; x_wconf 85' lang='lat' dir='ltr'>Sed</span> <span class='ocrx_word' id='word_1_224' title='bbox 960 2558 983 2593; x_wconf 85' lang='lat' dir='ltr'>rt</span> <span class='ocrx_word' id='word_1_225' title='bbox 995 2545 1031 2591; x_wconf 80' lang='lat' dir='ltr'>har</span> <span class='ocrx_word' id='word_1_226' title='bbox 1041 2547 1136 2607; x_wconf 67' lang='lat' dir='ltr'>argutius</span> <span class='ocrx_word' id='word_1_227' title='bbox 1147 2559 1231 2607; x_wconf 86' lang='lat' dir='ltr'>parum</span> <span class='ocrx_word' id='word_1_228' title='bbox 1241 2561 1310 2608; x_wconf 84' lang='lat' dir='ltr'>expe·</span> 
     </span>
     <span class='ocr_line' id='line_1_25' title="bbox 256 2613 1342 2686; baseline 0.005 -23"><span class='ocrx_word' id='word_1_229' title='bbox 256 2613 326 2664; x_wconf 84' lang='lat' dir='ltr'>diunt</span> <span class='ocrx_word' id='word_1_230' title='bbox 336 2629 428 2666; x_wconf 73' lang='lat' dir='ltr'>sermm</span> <span class='ocrx_word' id='word_1_231' title='bbox 442 2617 624 2686; x_wconf 86' lang='lat' dir='ltr'>relinquendum</span> <span class='ocrx_word' id='word_1_232' title='bbox 635 2619 764 2667; x_wconf 83' lang='lat' dir='ltr'>monachis.</span> <span class='ocrx_word' id='word_1_233' title='bbox 778 2621 827 2666; x_wconf 85' lang='lat' dir='ltr'>Neo</span> <span class='ocrx_word' id='word_1_234' title='bbox 844 2621 916 2682; x_wconf 73' lang='lat' dir='ltr'>magis</span> <span class='ocrx_word' id='word_1_235' title='bbox 927 2617 1016 2664; x_wconf 76' lang='lat' dir='ltr'>barthii</span> <span class='ocrx_word' id='word_1_236' title='bbox 1028 2617 1162 2665; x_wconf 84' lang='lat' dir='ltr'>emendatio</span> <span class='ocrx_word' id='word_1_237' title='bbox 1175 2619 1201 2663; x_wconf 87' lang='lat' dir='ltr'>in</span> <span class='ocrx_word' id='word_1_238' title='bbox 1211 2616 1308 2665; x_wconf 77' lang='lat' dir='ltr'>Adsere·</span> <span class='ocrx_word' id='word_1_239' title='bbox 1329 2661 1342 2685; x_wconf 88' lang='lat'>.-</span> 
     </span>
     <span class='ocr_line' id='line_1_26' title="bbox 257 2685 1310 2755; baseline -0.011 -11"><span class='ocrx_word' id='word_1_240' title='bbox 257 2685 354 2743; x_wconf 59' lang='grc' dir='ltr'>ΗΠ,</span> <span class='ocrx_word' id='word_1_241' title='bbox 368 2686 383 2734; x_wconf 75' lang='grc'><strong>8</strong></span> <span class='ocrx_word' id='word_1_242' title='bbox 396 2689 439 2735; x_wconf 66' lang='lat' dir='ltr'>”d</span> <span class='ocrx_word' id='word_1_243' title='bbox 450 2689 542 2755; x_wconf 68' lang='lat' dir='ltr'>mpsim</span> <span class='ocrx_word' id='word_1_244' title='bbox 555 2691 620 2738; x_wconf 84' lang='lat' dir='ltr'>Curoe</span> <span class='ocrx_word' id='word_1_245' title='bbox 633 2693 655 2736; x_wconf 85' lang='lat' dir='ltr'>si</span> <span class='ocrx_word' id='word_1_246' title='bbox 665 2691 757 2755; x_wconf 79' lang='lat' dir='ltr'>quaudo</span> <span class='ocrx_word' id='word_1_247' title='bbox 768 2705 881 2737; x_wconf 78' lang='lat' dir='ltr'>uacuum:</span> <span class='ocrx_word' id='word_1_248' title='bbox 890 2702 917 2735; x_wconf 89' lang='lat' dir='ltr'>ut</span> <span class='ocrx_word' id='word_1_249' title='bbox 926 2691 956 2735; x_wconf 81' lang='lat' dir='ltr'>sit</span> <span class='ocrx_word' id='word_1_250' title='bbox 967 2691 1035 2752; x_wconf 66' lang='lat' dir='ltr'>jung.</span> <span class='ocrx_word' id='word_1_251' title='bbox 1046 2703 1109 2736; x_wconf 82' lang='lat' dir='ltr'>curse</span> <span class='ocrx_word' id='word_1_252' title='bbox 1120 2691 1142 2735; x_wconf 86' lang='lat' dir='ltr'>si</span> <span class='ocrx_word' id='word_1_253' title='bbox 1152 2685 1263 2734; x_wconf 67' lang='lat' dir='ltr'>urebant.</span> <span class='ocrx_word' id='word_1_254' title='bbox 1276 2713 1310 2725; x_wconf 90' lang='lat'><em>-</em></span> 
     </span>
     <span class='ocr_line' id='line_1_27' title="bbox 257 2757 1309 2824; baseline -0.001 -17"><span class='ocrx_word' id='word_1_255' title='bbox 257 2757 296 2820; x_wconf 81' lang='lat'>69.</span> <span class='ocrx_word' id='word_1_256' title='bbox 311 2758 421 2822; x_wconf 72' lang='lat' dir='ltr'>deponere</span> <span class='ocrx_word' id='word_1_257' title='bbox 431 2759 522 2824; x_wconf 80' lang='lat' dir='ltr'>plantus</span> <span class='ocrx_word' id='word_1_258' title='bbox 539 2779 567 2809; x_wconf 80' lang='lat' dir='ltr'>ex</span> <span class='ocrx_word' id='word_1_259' title='bbox 581 2761 666 2810; x_wconf 77' lang='lat' dir='ltr'>Aldina</span> <span class='ocrx_word' id='word_1_260' title='bbox 681 2773 760 2809; x_wconf 87' lang='lat' dir='ltr'>etms.</span> <span class='ocrx_word' id='word_1_261' title='bbox 778 2760 906 2809; x_wconf 84' lang='lat' dir='ltr'>Helmstad.</span> <span class='ocrx_word' id='word_1_262' title='bbox 920 2761 1015 2823; x_wconf 78' lang='lat' dir='ltr'>reposui</span> <span class='ocrx_word' id='word_1_263' title='bbox 1028 2771 1139 2824; x_wconf 84' lang='lat' dir='ltr'>tanquam</span> <span class='ocrx_word' id='word_1_264' title='bbox 1152 2758 1261 2805; x_wconf 83' lang='lat' dir='ltr'>doctius:</span> <span class='ocrx_word' id='word_1_265' title='bbox 1274 2761 1309 2806; x_wconf 90' lang='lat' dir='ltr'>sic</span> 
     </span>
     <span class='ocr_line' id='line_1_28' title="bbox 256 2826 1308 2895; baseline 0 -21"><span class='ocrx_word' id='word_1_266' title='bbox 256 2828 298 2874; x_wconf 82' lang='lat' dir='ltr'>Ge.</span> <span class='ocrx_word' id='word_1_267' title='bbox 309 2827 344 2884; x_wconf 90' lang='lat'>11,</span> <span class='ocrx_word' id='word_1_268' title='bbox 358 2827 386 2875; x_wconf 77' lang='lat'>23</span> <span class='ocrx_word' id='word_1_269' title='bbox 400 2831 445 2877; x_wconf 83' lang='lat' dir='ltr'>Hic</span> <span class='ocrx_word' id='word_1_270' title='bbox 454 2830 545 2895; x_wconf 76' lang='lat' dir='ltr'>plantus</span> <span class='ocrx_word' id='word_1_271' title='bbox 559 2842 635 2879; x_wconf 80' lang='lat' dir='ltr'>terrem</span> <span class='ocrx_word' id='word_1_272' title='bbox 646 2831 764 2879; x_wconf 81' lang='lat' dir='ltr'>abscidens</span> <span class='ocrx_word' id='word_1_273' title='bbox 776 2831 803 2878; x_wconf 88' lang='lat' dir='ltr'>de</span> <span class='ocrx_word' id='word_1_274' title='bbox 812 2845 904 2894; x_wconf 79' lang='lat' dir='ltr'>corpore</span> <span class='ocrx_word' id='word_1_275' title='bbox 915 2839 1013 2876; x_wconf 71' lang='lat' dir='ltr'>morsm</span> <span class='ocrx_word' id='word_1_276' title='bbox 1024 2829 1135 2893; x_wconf 78' lang='lat' dir='ltr'>Deposuit</span> <span class='ocrx_word' id='word_1_277' title='bbox 1144 2827 1215 2874; x_wconf 85' lang='lat' dir='ltr'>sulco.</span> <span class='ocrx_word' id='word_1_278' title='bbox 1229 2826 1308 2890; x_wconf 71' lang='lat' dir='ltr'>Vulgo</span> 
     </span>
     <span class='ocr_line' id='line_1_29' title="bbox 255 2897 1308 2967; baseline -0.002 -21"><span class='ocrx_word' id='word_1_279' title='bbox 255 2897 343 2961; x_wconf 62' lang='lat' dir='ltr'>iegitur</span> <span class='ocrx_word' id='word_1_280' title='bbox 359 2915 366 2946; x_wconf 75' lang='grc' dir='ltr'><strong><em>ι</em></strong></span> <span class='ocrx_word' id='word_1_281' title='bbox 384 2901 500 2964; x_wconf 70' lang='grc' dir='ltr'>ὣροηιη</span> <span class='ocrx_word' id='word_1_282' title='bbox 512 2903 612 2967; x_wconf 82' lang='lat' dir='ltr'>plantes.</span> <span class='ocrx_word' id='word_1_283' title='bbox 622 2919 700 2966; x_wconf 88' lang='lat' dir='ltr'>-7o.</span> <span class='ocrx_word' id='word_1_284' title='bbox 715 2899 802 2950; x_wconf 80' lang='lat' dir='ltr'>occulte</span> <span class='ocrx_word' id='word_1_285' title='bbox 817 2913 874 2949; x_wconf 76' lang='lat' dir='ltr'>vett.</span> <span class='ocrx_word' id='word_1_286' title='bbox 891 2900 962 2957; x_wconf 77' lang='lat' dir='ltr'>edd,</span> <span class='ocrx_word' id='word_1_287' title='bbox 978 2900 1019 2948; x_wconf 85' lang='lat' dir='ltr'>sed</span> <span class='ocrx_word' id='word_1_288' title='bbox 1037 2899 1126 2947; x_wconf 83' lang='lat' dir='ltr'>occulto</span> <span class='ocrx_word' id='word_1_289' title='bbox 1140 2907 1200 2944; x_wconf 65' lang='lat' dir='ltr'>unu</span> <span class='ocrx_word' id='word_1_290' title='bbox 1215 2899 1308 2962; x_wconf 88' lang='lat' dir='ltr'>poetica</span> 
     </span>
     <span class='ocr_line' id='line_1_30' title="bbox 254 2971 1307 3039; baseline -0.002 -22"><span class='ocrx_word' id='word_1_291' title='bbox 254 2971 360 3029; x_wconf 83' lang='lat' dir='ltr'>ratione,</span> <span class='ocrx_word' id='word_1_292' title='bbox 372 2988 476 3039; x_wconf 76' lang='lat' dir='ltr'>seuque</span> <span class='ocrx_word' id='word_1_293' title='bbox 487 2973 601 3032; x_wconf 76' lang='lat' dir='ltr'>occisitat,</span> <span class='ocrx_word' id='word_1_294' title='bbox 613 2989 669 3031; x_wconf 85' lang='lat' dir='ltr'>scu,</span> <span class='ocrx_word' id='word_1_295' title='bbox 681 2973 748 3038; x_wconf 80' lang='lat' dir='ltr'>quod</span> <span class='ocrx_word' id='word_1_296' title='bbox 762 2972 854 3031; x_wconf 85' lang='lat' dir='ltr'>malim,</span> <span class='ocrx_word' id='word_1_297' title='bbox 867 2975 965 3020; x_wconf 84' lang='lat' dir='ltr'>interior</span> <span class='ocrx_word' id='word_1_298' title='bbox 976 2971 1044 3036; x_wconf 62' lang='lat' dir='ltr'>gleba</span> <span class='ocrx_word' id='word_1_299' title='bbox 1053 3007 1060 3030; x_wconf 91' lang='lat'>,</span> <span class='ocrx_word' id='word_1_300' title='bbox 1070 2971 1131 3020; x_wconf 89' lang='lat' dir='ltr'>lossa</span> <span class='ocrx_word' id='word_1_301' title='bbox 1148 2971 1307 3033; x_wconf 69' lang='lat' dir='ltr'>taem-71.</span> 
     </span>
     <span class='ocr_line' id='line_1_31' title="bbox 258 3043 1307 3110; baseline 0 -23"><span class='ocrx_word' id='word_1_302' title='bbox 258 3043 394 3110; x_wconf 81' lang='lat' dir='ltr'>Vieirsarque</span> <span class='ocrx_word' id='word_1_303' title='bbox 407 3055 459 3109; x_wconf 89' lang='lat' dir='ltr'>epte</span> <span class='ocrx_word' id='word_1_304' title='bbox 471 3062 528 3094; x_wconf 83' lang='lat' dir='ltr'>curn</span> <span class='ocrx_word' id='word_1_305' title='bbox 538 3044 669 3093; x_wconf 71' lang='lat' dir='ltr'>submittere</span> <span class='ocrx_word' id='word_1_306' title='bbox 682 3047 749 3094; x_wconf 88' lang='lat' dir='ltr'>riuos.</span> <span class='ocrx_word' id='word_1_307' title='bbox 764 3045 886 3109; x_wconf 68' lang='lat' dir='ltr'>langueat</span> <span class='ocrx_word' id='word_1_308' title='bbox 900 3043 941 3091; x_wconf 86' lang='lat' dir='ltr'>iiia</span> <span class='ocrx_word' id='word_1_309' title='bbox 953 3061 959 3090; x_wconf 91' lang='lat'>:</span> <span class='ocrx_word' id='word_1_310' title='bbox 970 3052 1023 3108; x_wconf 83' lang='lat' dir='ltr'>apte</span> <span class='ocrx_word' id='word_1_311' title='bbox 1034 3059 1105 3091; x_wconf 84' lang='lat' dir='ltr'>cure:</span> <span class='ocrx_word' id='word_1_312' title='bbox 1116 3045 1202 3107; x_wconf 80' lang='lat' dir='ltr'>risque</span> <span class='ocrx_word' id='word_1_313' title='bbox 1212 3058 1224 3088; x_wconf 94' lang='lat' dir='ltr'>a</span> <span class='ocrx_word' id='word_1_314' title='bbox 1236 3053 1307 3106; x_wconf 84' lang='lat' dir='ltr'>poeta</span> 
     </span>
     <span class='ocr_line' id='line_1_32' title="bbox 254 3111 1307 3181; baseline -0.003 -21"><span class='ocrx_word' id='word_1_315' title='bbox 254 3123 301 3160; x_wconf 88' lang='lat' dir='ltr'>tam</span> <span class='ocrx_word' id='word_1_316' title='bbox 314 3113 419 3178; x_wconf 68' lang='lat' dir='ltr'>elegante</span> <span class='ocrx_word' id='word_1_317' title='bbox 428 3118 544 3180; x_wconf 78' lang='lat' dir='ltr'>proticisci</span> <span class='ocrx_word' id='word_1_318' title='bbox 554 3117 806 3181; x_wconf 35' lang='lat' dir='ltr'>potuererProtimum</span> <span class='ocrx_word' id='word_1_319' title='bbox 819 3128 879 3164; x_wconf 84' lang='lat' dir='ltr'>essct</span> <span class='ocrx_word' id='word_1_320' title='bbox 891 3130 954 3162; x_wconf 82' lang='lat' dir='ltr'>curor</span> <span class='ocrx_word' id='word_1_321' title='bbox 962 3113 1092 3162; x_wconf 79' lang='lat' dir='ltr'>submittere</span> <span class='ocrx_word' id='word_1_322' title='bbox 1099 3130 1108 3167; x_wconf 81' lang='lat'>,-</span> <span class='ocrx_word' id='word_1_323' title='bbox 1116 3112 1182 3176; x_wconf 80' lang='lat' dir='ltr'>quod</span> <span class='ocrx_word' id='word_1_324' title='bbox 1192 3125 1215 3158; x_wconf 88' lang='lat' dir='ltr'>et</span> <span class='ocrx_word' id='word_1_325' title='bbox 1224 3111 1307 3159; x_wconf 76' lang='lat' dir='ltr'>ttetm.</span> 
     </span>
     <span class='ocr_line' id='line_1_33' title="bbox 254 3182 1305 3250; baseline -0.005 -14"><span class='ocrx_word' id='word_1_326' title='bbox 254 3185 317 3247; x_wconf 72' lang='lat' dir='ltr'>conj·</span> <span class='ocrx_word' id='word_1_327' title='bbox 330 3187 465 3245; x_wconf 64' lang='lat' dir='ltr'>Proesnrem</span> <span class='ocrx_word' id='word_1_328' title='bbox 475 3185 544 3236; x_wconf 82' lang='lat' dir='ltr'>sultis</span> <span class='ocrx_word' id='word_1_329' title='bbox 554 3187 685 3237; x_wconf 79' lang='lat' dir='ltr'>submittere</span> <span class='ocrx_word' id='word_1_330' title='bbox 694 3191 761 3237; x_wconf 87' lang='lat' dir='ltr'>riuos.</span> <span class='ocrx_word' id='word_1_331' title='bbox 772 3190 805 3235; x_wconf 86' lang='lat' dir='ltr'>lta</span> <span class='ocrx_word' id='word_1_332' title='bbox 816 3187 878 3236; x_wconf 83' lang='lat' dir='ltr'>culto</span> <span class='ocrx_word' id='word_1_333' title='bbox 887 3185 1001 3250; x_wconf 69' lang='lat' dir='ltr'>Virgilius</span> <span class='ocrx_word' id='word_1_334' title='bbox 1011 3186 1077 3232; x_wconf 81' lang='lat' dir='ltr'>dixit.</span> <span class='ocrx_word' id='word_1_335' title='bbox 1089 3185 1138 3231; x_wconf 82' lang='lat' dir='ltr'>Nisi</span> <span class='ocrx_word' id='word_1_336' title='bbox 1148 3183 1218 3232; x_wconf 88' lang='lat' dir='ltr'>sulcis</span> <span class='ocrx_word' id='word_1_337' title='bbox 1230 3182 1305 3231; x_wconf 86' lang='lat' dir='ltr'>maiis.</span> 
     </span>
     <span class='ocr_line' id='line_1_34' title="bbox 257 3255 1308 3324; baseline -0.001 -23"><span class='ocrx_word' id='word_1_338' title='bbox 257 3256 315 3302; x_wconf 79' lang='lat' dir='ltr'>Nam</span> <span class='ocrx_word' id='word_1_339' title='bbox 327 3256 482 3306; x_wconf 77' lang='lat' dir='ltr'>othonorum</span> <span class='ocrx_word' id='word_1_340' title='bbox 496 3271 519 3307; x_wconf 88' lang='lat' dir='ltr'>et</span> <span class='ocrx_word' id='word_1_341' title='bbox 531 3259 664 3324; x_wconf 82' lang='lat' dir='ltr'>plantarum</span> <span class='ocrx_word' id='word_1_342' title='bbox 680 3259 740 3308; x_wconf 85' lang='lat' dir='ltr'>sulci</span> <span class='ocrx_word' id='word_1_343' title='bbox 754 3272 817 3308; x_wconf 85' lang='lat' dir='ltr'>sunt.</span> <span class='ocrx_word' id='word_1_344' title='bbox 831 3258 868 3306; x_wconf 79' lang='lat' dir='ltr'>sd</span> <span class='ocrx_word' id='word_1_345' title='bbox 880 3256 999 3321; x_wconf 60' lang='lat' dir='ltr'>vulgarem</span> <span class='ocrx_word' id='word_1_346' title='bbox 1011 3257 1150 3318; x_wconf 84' lang='lat' dir='ltr'>scripturam</span> <span class='ocrx_word' id='word_1_347' title='bbox 1162 3255 1260 3317; x_wconf 86' lang='lat' dir='ltr'>propius</span> <span class='ocrx_word' id='word_1_348' title='bbox 1274 3256 1308 3301; x_wconf 88' lang='lat' dir='ltr'>sic</span> 
     </span>
     <span class='ocr_line' id='line_1_35' title="bbox 255 3321 1307 3394; baseline -0.002 -22"><span class='ocrx_word' id='word_1_349' title='bbox 255 3324 378 3374; x_wconf 86' lang='lat' dir='ltr'>accederet</span> <span class='ocrx_word' id='word_1_350' title='bbox 391 3330 479 3393; x_wconf 65' lang='lat' dir='ltr'>prumia</span> <span class='ocrx_word' id='word_1_351' title='bbox 492 3326 608 3377; x_wconf 85' lang='lat' dir='ltr'>colliculis</span> <span class='ocrx_word' id='word_1_352' title='bbox 624 3332 714 3394; x_wconf 71' lang='lat' dir='ltr'>exiguis</span> <span class='ocrx_word' id='word_1_353' title='bbox 724 3332 784 3377; x_wconf 85' lang='lat' dir='ltr'>inter</span> <span class='ocrx_word' id='word_1_354' title='bbox 796 3327 880 3376; x_wconf 86' lang='lat' dir='ltr'>sulcos.</span> <span class='ocrx_word' id='word_1_355' title='bbox 890 3328 933 3373; x_wconf 87' lang='lat' dir='ltr'>Sin</span> <span class='ocrx_word' id='word_1_356' title='bbox 943 3327 1093 3373; x_wconf 80' lang='lat' dir='ltr'>insu-umenti</span> <span class='ocrx_word' id='word_1_357' title='bbox 1104 3338 1191 3370; x_wconf 85' lang='lat' dir='ltr'>nornen</span> <span class='ocrx_word' id='word_1_358' title='bbox 1200 3321 1307 3370; x_wconf 80' lang='lat' dir='ltr'>insolen-</span> 
     </span>
     <span class='ocr_line' id='line_1_36' title="bbox 256 3392 1307 3466; baseline -0.003 -24"><span class='ocrx_word' id='word_1_359' title='bbox 256 3395 303 3443; x_wconf 87' lang='lat' dir='ltr'>tius</span> <span class='ocrx_word' id='word_1_360' title='bbox 315 3397 416 3454; x_wconf 83' lang='lat' dir='ltr'>excidit,</span> <span class='ocrx_word' id='word_1_361' title='bbox 431 3415 508 3446; x_wconf 78' lang='lat' dir='ltr'>mam</span> <span class='ocrx_word' id='word_1_362' title='bbox 519 3399 595 3464; x_wconf 73' lang='lat' dir='ltr'>legam</span> <span class='ocrx_word' id='word_1_363' title='bbox 602 3436 610 3458; x_wconf 90' lang='lat'><em>,</em></span> <span class='ocrx_word' id='word_1_364' title='bbox 624 3418 671 3466; x_wconf 82' lang='lat' dir='ltr'>qna</span> <span class='ocrx_word' id='word_1_365' title='bbox 680 3401 794 3448; x_wconf 74' lang='lat' dir='ltr'>effoditur</span> <span class='ocrx_word' id='word_1_366' title='bbox 803 3398 878 3446; x_wconf 89' lang='lat' dir='ltr'>solum</span> <span class='ocrx_word' id='word_1_367' title='bbox 892 3409 915 3445; x_wconf 87' lang='lat' dir='ltr'>et</span> <span class='ocrx_word' id='word_1_368' title='bbox 929 3413 989 3460; x_wconf 87' lang='lat' dir='ltr'>aqua</span> <span class='ocrx_word' id='word_1_369' title='bbox 1002 3398 1027 3444; x_wconf 87' lang='lat' dir='ltr'>in</span> <span class='ocrx_word' id='word_1_370' title='bbox 1039 3393 1195 3442; x_wconf 76' lang='lat' dir='ltr'>casaliculum</span> <span class='ocrx_word' id='word_1_371' title='bbox 1204 3392 1307 3440; x_wconf 88' lang='lat' dir='ltr'>ducitur.</span> 
     </span>
     <span class='ocr_line' id='line_1_37' title="bbox 255 3461 1307 3534; baseline -0.003 -20"><span class='ocrx_word' id='word_1_372' title='bbox 255 3465 402 3513; x_wconf 85' lang='lat' dir='ltr'>Wertssdori.</span> <span class='ocrx_word' id='word_1_373' title='bbox 416 3477 469 3532; x_wconf 83' lang='lat' dir='ltr'>opto</span> <span class='ocrx_word' id='word_1_374' title='bbox 482 3472 565 3517; x_wconf 72' lang='lat' dir='ltr'>otmar</span> <span class='ocrx_word' id='word_1_375' title='bbox 575 3473 662 3534; x_wconf 61' lang='lat' dir='ltr'>jungit.</span> <span class='ocrx_word' id='word_1_376' title='bbox 671 3496 702 3508; x_wconf 93' lang='lat'>-</span> <span class='ocrx_word' id='word_1_377' title='bbox 712 3469 749 3534; x_wconf 71' lang='lat' dir='ltr'>pi.</span> <span class='ocrx_word' id='word_1_378' title='bbox 765 3471 810 3516; x_wconf 78' lang='lat' dir='ltr'>rste</span> <span class='ocrx_word' id='word_1_379' title='bbox 821 3472 917 3515; x_wconf 83' lang='lat' dir='ltr'>siseres</span> <span class='ocrx_word' id='word_1_380' title='bbox 930 3465 1012 3513; x_wconf 80' lang='lat' dir='ltr'>Aldina</span> <span class='ocrx_word' id='word_1_381' title='bbox 1022 3465 1120 3521; x_wconf 75' lang='lat' dir='ltr'>reduai3</span> <span class='ocrx_word' id='word_1_382' title='bbox 1131 3476 1234 3511; x_wconf 76' lang='lat' dir='ltr'>veterem</span> <span class='ocrx_word' id='word_1_383' title='bbox 1245 3461 1307 3511; x_wconf 84' lang='lat' dir='ltr'>hanc</span> 
     </span>
     <span class='ocr_line' id='line_1_38' title="bbox 255 3535 1363 3605; baseline -0.004 -22"><span class='ocrx_word' id='word_1_384' title='bbox 255 3537 393 3599; x_wconf 81' lang='lat' dir='ltr'>scripturam</span> <span class='ocrx_word' id='word_1_385' title='bbox 405 3539 474 3586; x_wconf 84' lang='lat' dir='ltr'>etiam</span> <span class='ocrx_word' id='word_1_386' title='bbox 480 3540 529 3586; x_wconf 82' lang='lat' dir='ltr'>tut.</span> <span class='ocrx_word' id='word_1_387' title='bbox 538 3541 681 3604; x_wconf 84' lang='lat' dir='ltr'>Pomponius</span> <span class='ocrx_word' id='word_1_388' title='bbox 690 3540 830 3605; x_wconf 65' lang='lat' dir='ltr'>agnoscebat</span> <span class='ocrx_word' id='word_1_389' title='bbox 839 3552 863 3587; x_wconf 89' lang='lat' dir='ltr'>et</span> <span class='ocrx_word' id='word_1_390' title='bbox 871 3537 974 3601; x_wconf 66' lang='lat' dir='ltr'>Scaliger</span> <span class='ocrx_word' id='word_1_391' title='bbox 983 3536 1098 3600; x_wconf 86' lang='lat' dir='ltr'>probabat</span> <span class='ocrx_word' id='word_1_392' title='bbox 1105 3551 1114 3591; x_wconf 63' lang='grc' dir='ltr'><strong><em>ς</em></strong></span> <span class='ocrx_word' id='word_1_393' title='bbox 1120 3549 1170 3582; x_wconf 85' lang='lat' dir='ltr'>esse</span> <span class='ocrx_word' id='word_1_394' title='bbox 1179 3535 1241 3580; x_wconf 81' lang='lat' dir='ltr'>enim</span> <span class='ocrx_word' id='word_1_395' title='bbox 1249 3535 1307 3580; x_wconf 87' lang='lat' dir='ltr'>siser</span> <span class='ocrx_word' id='word_1_396' title='bbox 1359 3535 1363 3542; x_wconf 92' lang='grc'><strong>“</strong></span> 
     </span>
    </p>
   </div>
   <div class='ocr_carea' id='block_1_5' title="bbox 252 3681 1307 4163">
    <p class='ocr_par' dir='ltr' id='par_1_5' title="bbox 252 3681 1307 3997">
     <span class='ocr_line' id='line_1_39' title="bbox 289 3681 1307 3760; baseline -0.003 -21"><span class='ocrx_word' id='word_1_397' title='bbox 289 3685 334 3754; x_wconf 82' lang='lat'>67.</span> <span class='ocrx_word' id='word_1_398' title='bbox 345 3703 385 3757; x_wconf 87' lang='lat' dir='ltr'>sq.</span> <span class='ocrx_word' id='word_1_399' title='bbox 394 3687 696 3756; x_wconf 84' lang='lat' dir='ltr'>MeminerislociGe.1‚</span> <span class='ocrx_word' id='word_1_400' title='bbox 706 3687 758 3760; x_wconf 82' lang='lat'>²⁵9</span> <span class='ocrx_word' id='word_1_401' title='bbox 803 3689 903 3743; x_wconf 88' lang='lat' dir='ltr'>dictum</span> <span class='ocrx_word' id='word_1_402' title='bbox 913 3700 971 3740; x_wconf 87' lang='lat' dir='ltr'>erat</span> <span class='ocrx_word' id='word_1_403' title='bbox 983 3703 1071 3759; x_wconf 81' lang='lat' dir='ltr'>operte</span> <span class='ocrx_word' id='word_1_404' title='bbox 1080 3683 1211 3737; x_wconf 85' lang='lat' dir='ltr'>hortensi.</span> <span class='ocrx_word' id='word_1_405' title='bbox 1224 3681 1307 3736; x_wconf 77' lang='lat' dir='ltr'>Nota·</span> 
     </span>
     <span class='ocr_line' id='line_1_40' title="bbox 257 3763 1303 3842; baseline -0.002 -24"><span class='ocrx_word' id='word_1_406' title='bbox 257 3783 298 3836; x_wconf 81' lang='lat' dir='ltr'>sq.</span> <span class='ocrx_word' id='word_1_407' title='bbox 317 3764 436 3838; x_wconf 62' lang='lat' dir='ltr'>frigidus</span> <span class='ocrx_word' id='word_1_408' title='bbox 453 3767 596 3840; x_wconf 75' lang='lat' dir='ltr'>apricolem</span> <span class='ocrx_word' id='word_1_409' title='bbox 613 3769 636 3821; x_wconf 88' lang='lat' dir='ltr'>si</span> <span class='ocrx_word' id='word_1_410' title='bbox 654 3769 758 3842; x_wconf 69' lang='lat' dir='ltr'>spirando</span> <span class='ocrx_word' id='word_1_411' title='bbox 802 3771 870 3822; x_wconf 85' lang='lat' dir='ltr'>biles</span> <span class='ocrx_word' id='word_1_412' title='bbox 891 3771 918 3820; x_wconf 91' lang='lat' dir='ltr'>in</span> <span class='ocrx_word' id='word_1_413' title='bbox 937 3783 1013 3838; x_wconf 84' lang='lat' dir='ltr'>seqq.</span> <span class='ocrx_word' id='word_1_414' title='bbox 1034 3765 1133 3837; x_wconf 75' lang='lat' dir='ltr'>piantes</span> <span class='ocrx_word' id='word_1_415' title='bbox 1153 3763 1303 3816; x_wconf 84' lang='lat' dir='ltr'>hortenses.</span> 
     </span>
     <span class='ocr_line' id='line_1_41' title="bbox 258 3843 1305 3920; baseline 0 -24"><span class='ocrx_word' id='word_1_416' title='bbox 258 3843 357 3896; x_wconf 84' lang='lat' dir='ltr'>detinet</span> <span class='ocrx_word' id='word_1_417' title='bbox 366 3844 455 3898; x_wconf 88' lang='lat' dir='ltr'>imber.</span> <span class='ocrx_word' id='word_1_418' title='bbox 465 3847 498 3897; x_wconf 84' lang='lat' dir='ltr'>Et</span> <span class='ocrx_word' id='word_1_419' title='bbox 508 3847 559 3901; x_wconf 78' lang='lat'>268</span> <span class='ocrx_word' id='word_1_420' title='bbox 571 3847 670 3920; x_wconf 81' lang='lat' dir='ltr'>Quippe</span> <span class='ocrx_word' id='word_1_421' title='bbox 676 3848 758 3901; x_wconf 86' lang='lat' dir='ltr'>etiam</span> <span class='ocrx_word' id='word_1_422' title='bbox 803 3867 913 3914; x_wconf 76' lang='lat' dir='ltr'>rumex,</span> <span class='ocrx_word' id='word_1_423' title='bbox 927 3845 1067 3919; x_wconf 82' lang='lat' dir='ltr'>lapathum</span> <span class='ocrx_word' id='word_1_424' title='bbox 1079 3845 1215 3912; x_wconf 78' lang='lat' dir='ltr'>silvestre,</span> <span class='ocrx_word' id='word_1_425' title='bbox 1232 3843 1305 3916; x_wconf 83' lang='lat' dir='ltr'>apud</span> 
     </span>
     <span class='ocr_line' id='line_1_42' title="bbox 252 3923 1303 3997; baseline 0.003 -21"><span class='ocrx_word' id='word_1_426' title='bbox 252 3923 326 3994; x_wconf 82' lang='lat' dir='ltr'>festis</span> <span class='ocrx_word' id='word_1_427' title='bbox 337 3925 458 3997; x_wconf 77' lang='lat' dir='ltr'>quedem</span> <span class='ocrx_word' id='word_1_428' title='bbox 470 3943 587 3978; x_wconf 80' lang='lat' dir='ltr'>esereeee</span> <span class='ocrx_word' id='word_1_429' title='bbox 597 3926 694 3981; x_wconf 86' lang='lat' dir='ltr'>diebus.</span> <span class='ocrx_word' id='word_1_430' title='bbox 803 3929 869 3982; x_wconf 78' lang='lat' dir='ltr'>Piin.</span> <span class='ocrx_word' id='word_1_431' title='bbox 882 3928 940 3981; x_wconf 80' lang='lat' dir='ltr'>XX.</span> <span class='ocrx_word' id='word_1_432' title='bbox 954 3945 975 3979; x_wconf 86' lang='lat' dir='ltr'>s.</span> <span class='ocrx_word' id='word_1_433' title='bbox 989 3927 1031 3980; x_wconf 81' lang='lat'>85.</span> <span class='ocrx_word' id='word_1_434' title='bbox 1040 3955 1074 3965; x_wconf 91' lang='lat'>-</span> <span class='ocrx_word' id='word_1_435' title='bbox 1084 3927 1236 3996; x_wconf 77' lang='lat' dir='ltr'>Depoaere,</span> <span class='ocrx_word' id='word_1_436' title='bbox 1248 3941 1303 3979; x_wconf 87' lang='lat' dir='ltr'>non</span> 
     </span>
    </p>

    <p class='ocr_par' dir='ltr' id='par_1_6' title="bbox 257 4002 1305 4163">
     <span class='ocr_line' id='line_1_43' title="bbox 290 4002 1305 4082; baseline -0.002 -24"><span class='ocrx_word' id='word_1_437' title='bbox 290 4003 335 4074; x_wconf 81' lang='lat'>69·</span> <span class='ocrx_word' id='word_1_438' title='bbox 347 4003 427 4057; x_wconf 82' lang='lat' dir='ltr'>Horti</span> <span class='ocrx_word' id='word_1_439' title='bbox 438 4023 503 4078; x_wconf 85' lang='lat' dir='ltr'>opus</span> <span class='ocrx_word' id='word_1_440' title='bbox 513 4002 583 4057; x_wconf 87' lang='lat' dir='ltr'>illud</span> <span class='ocrx_word' id='word_1_441' title='bbox 590 4017 661 4058; x_wconf 83' lang='lat' dir='ltr'>erat.-</span> <span class='ocrx_word' id='word_1_442' title='bbox 672 4007 759 4060; x_wconf 79' lang='lat' dir='ltr'>suavi·</span> <span class='ocrx_word' id='word_1_443' title='bbox 803 4009 957 4082; x_wconf 82' lang='lat' dir='ltr'>disponere:</span> <span class='ocrx_word' id='word_1_444' title='bbox 971 4009 1045 4079; x_wconf 89' lang='lat' dir='ltr'>prius</span> <span class='ocrx_word' id='word_1_445' title='bbox 1058 4007 1137 4058; x_wconf 87' lang='lat' dir='ltr'>etiam</span> <span class='ocrx_word' id='word_1_446' title='bbox 1150 4003 1266 4076; x_wconf 72' lang='lat' dir='ltr'>pretulit</span> <span class='ocrx_word' id='word_1_447' title='bbox 1278 4015 1305 4057; x_wconf 89' lang='lat' dir='ltr'>et</span> 
     </span>
     <span class='ocr_line' id='line_1_44' title="bbox 257 4083 1216 4163; baseline -0.001 -25"><span class='ocrx_word' id='word_1_448' title='bbox 257 4099 298 4139; x_wconf 87' lang='lat' dir='ltr'>ter</span> <span class='ocrx_word' id='word_1_449' title='bbox 308 4106 313 4136; x_wconf 75' lang='grc' dir='ltr'><strong>ι</strong></span> <span class='ocrx_word' id='word_1_450' title='bbox 322 4083 389 4140; x_wconf 87' lang='lat' dir='ltr'>iilud</span> <span class='ocrx_word' id='word_1_451' title='bbox 399 4088 526 4160; x_wconf 84' lang='lat' dir='ltr'>temporit</span> <span class='ocrx_word' id='word_1_452' title='bbox 533 4087 703 4143; x_wconf 78' lang='lat' dir='ltr'>intervalium</span> <span class='ocrx_word' id='word_1_453' title='bbox 714 4087 760 4142; x_wconf 84' lang='lat' dir='ltr'>ad·</span> <span class='ocrx_word' id='word_1_454' title='bbox 803 4093 898 4146; x_wconf 83' lang='lat' dir='ltr'>merito</span> <span class='ocrx_word' id='word_1_455' title='bbox 910 4087 1036 4163; x_wconf 82' lang='lat' dir='ltr'>probarit</span> <span class='ocrx_word' id='word_1_456' title='bbox 1047 4083 1216 4141; x_wconf 78' lang='lat' dir='ltr'>Wernsdsrl.</span> 
     </span>
    </p>
   </div>
   <div class='ocr_carea' id='block_1_6' title="bbox 0 0 1504 4674">
    <p class='ocr_par' dir='ltr' id='par_1_7' title="bbox 0 0 1504 4674">
     <span class='ocr_line' id='line_1_45' title="bbox 0 0 1504 4674; baseline 0 3"><span class='ocrx_word' id='word_1_457' title='bbox 0 0 1504 4674; x_wconf 95' lang='lat' dir='ltr'> </span> 
     </span>
    </p>
   </div>
  </div>
 </body>
</html>
