2964 4690
361 411 413 476 IN
437 401 825 474 GEORGIGORUM
848 403 941 468 LlB.
967 407 992 470 l.
1135 409 1198 475 353

153 545 220 594 non
234 532 430 618 Neptunum,
444 551 510 591 non
526 529 604 590 alios
616 527 696 587 Deos
708 548 715 583 :
728 539 758 586 et
770 525 827 584 tibi
839 529 974 587 serviant
988 549 1095 592 ornnes
1107 534 1202 594 maria

155 621 280 699 insula,
293 621 393 683 'l'laule
405 623 514 694 etiam,
528 639 596 698 quae
611 617 755 677 omnium
768 629 919 686 extremm
931 615 1124 700 Tethysque,
1137 621 1203 680 Dea

155 713 264 788 maris,
277 727 360 772 emat
371 728 400 772 te
409 713 443 770 in
453 729 543 770 suum
556 727 705 790 generum
721 703 812 763 undis
827 701 989 782 omnibus,
1004 727 1072 788 quae
1087 709 1203 769 ditissi-

156 817 215 859 mae
227 815 312 874 sunt;
326 821 388 880 quo
401 800 501 884 pretio
516 795 591 879 quid
604 791 721 874 majus?

195 889 243 950 32.
259 892 283 950 A
295 889 362 951 Diis
373 907 525 950 terrarum
537 901 568 946 et
579 887 672 946 maris
685 881 824 944 ascendit
836 882 875 942 ad
889 883 1035 960 celestes,
1053 905 1122 968 quae
1138 899 1205 948 erat

156 1094 190 1144 sit
199 1094 319 1162 luterus,
330 1109 356 1148 et
365 1097 508 1169 Neptuno,
518 1107 544 1148 et
554 1095 656 1148 caeteris
700 1091 846 1144 Flaminem
856 1109 905 1162 per
912 1089 1002 1162 fruges
1013 1103 1039 1142 et
1047 1089 1145 1142 molam
1153 1093 1205 1144 aal-

156 1170 206 1225 diis
217 1177 333 1228 marinis.
346 1177 416 1229 Serv.
431 1205 465 1216 -
478 1177 598 1239 Numen,
611 1193 659 1225 nu·
703 1189 758 1223 sam
767 1170 1012 1242 conjungebantur,
1022 1170 1207 1224 undenonlar·

156 1263 212 1316 tus,
233 1257 397 1326 auspicium,
416 1254 554 1318 voluntas,
571 1256 658 1326 impe·
704 1252 789 1303 reatio
816 1249 1024 1322 appellabatur3
1051 1268 1082 1301 ex
1108 1249 1206 1322 quibus

156 1335 243 1386 num:
258 1335 446 1388 obliviscamur
459 1333 567 1386 tandem
581 1336 660 1386 istam
705 1332 806 1402 nuptiis
818 1332 925 1403 patrimi
942 1343 968 1382 et
984 1333 1099 1382 matrimi
1112 1349 1207 1385 nasce

157 1411 237 1482 hujus
255 1415 330 1466 verbi
346 1415 442 1466 falsam
459 1415 659 1485 interpretatio·
704 1411 818 1463 bantur:
830 1410 999 1481 coemptione
1009 1428 1073 1462 vero
1084 1423 1165 1481 atque
1175 1412 1205 1464 in

158 1510 233 1559 uem,
251 1511 309 1565 quas
326 1512 340 1546 e
357 1496 465 1546 numine
479 1495 564 1546 Deum
579 1493 658 1554 lacit;
704 1508 812 1543 manum
823 1492 1014 1552 convention03
1026 1508 1108 1562 quum
1121 1491 1167 1542 illa
1178 1493 1207 1544 la

160 1591 210 1624 nee
233 1575 373 1642 miremur,
394 1576 417 1626 ai
439 1575 486 1626 uni
506 1572 558 1624 deo
581 1573 660 1644 plura
705 1571 880 1632 liliaelooum,
899 1571 1009 1622 maritus
1024 1570 1051 1621 iu
1067 1571 1209 1640 patrisve-

159 1653 478 1705 tribuanturnnmina.-
488 1650 580 1704 Tlrule.
594 1650 661 1704 Vide
706 1651 811 1713 aiebam
824 1663 867 1716 ut,
880 1651 969 1721 siquis
982 1651 1057 1722 prior
1065 1651 1157 1702 luisset
1165 1651 1211 1702 de·

158 1733 228 1784 Aeta
251 1733 370 1800 brudle,
400 1732 487 1799 17533
511 1751 572 1805 pag.
603 1731 660 1800 147.
706 1727 1096 1794 functus,locumheretlitatis
1106 1731 1210 1800 justum

161 1811 199 1863 Ex
212 1831 266 1884 quo
278 1813 390 1886 Pytheas
402 1813 576 1866 Massiliensis
588 1829 664 1864 ocea·
708 1811 784 1864 ulteri
805 1811 932 1862 laceret:
954 1823 981 1862 et
1002 1810 1072 1862 bene
1092 1811 1206 1876 Serviat,

161 1906 225 1944 num
237 1893 662 1965 pernavigarit,Tbuleomnium
708 1894 773 1964 quia
802 1889 1016 1964 quandocunque
1045 1893 1072 1944 in
1101 1910 1210 1944 manum

162 1973 289 2044 opinione
302 1973 394 2026 nltinn
408 1987 465 2025 erat
477 1972 581 2026 insula:
596 1973 662 2024 exis·
708 1983 884 2036 convenerat,
898 1972 988 2023 omnia
1001 1973 1138 2042 protinus,
1153 1990 1211 2042 qua

163 2051 307 2104 timebatur
317 2055 386 2106 enim
394 2057 484 2123 jacere
497 2054 546 2106 tub
557 2071 664 2124 sexage-
709 2051 1043 2118 dotidirebantur,marito
1049 2051 1209 2104 serviebant.

161 2134 229 2184 aimo
240 2133 340 2204 gradu,
355 2135 426 2187 ultra
442 2135 614 2187 Britanniam.
630 2133 663 2183 Et
708 2134 784 2186 Hanc
797 2131 913 2204 Tethyn,
932 2131 987 2183 Cio.
999 2134 1025 2182 in
1038 2132 1152 2198 Timeo,
1163 2133 1213 2186 Sa-

161 2214 220 2284 ipse
231 2212 440 2266 Erathosthenes
453 2213 523 2266 banc
535 2215 594 2265 iniit
604 2223 663 2264 aett-
710 2211 802 2264 loriam
816 2211 879 2263 dicit
884 2234 893 2272 ;
909 2211 956 2263 aed
969 2213 1118 2282 Eugenius,
1130 2215 1212 2266 inter·

163 2297 274 2345 tentiam
283 2314 290 2343 ι
300 2293 462 2346 credebatur
471 2295 581 2364 insuper
590 2309 663 2345 mare
709 2310 771 2363 pres
782 2289 904 2352 Graecus,
916 2308 976 2342 eam
988 2291 1057 2343 male
1070 2293 1213 2344 confundit

163 2372 276 2424 navibus
286 2374 387 2425 nullam
399 2373 547 2426 concedere
557 2374 666 2442 naviga·
710 2389 770 2422 cum
787 2368 904 2421 Nereide
918 2368 1045 2434 Thetide,
1063 2389 1121 2440 qnae
1141 2371 1214 2424 Pelei

164 2453 265 2502 tionem
277 2453 347 2503 ultra
358 2451 478 2516 Thulen,
492 2449 566 2522 quod
580 2451 665 2502 ventis
710 2469 775 2503 uror
787 2461 813 2502 et
824 2449 935 2502 Achillis
949 2463 1033 2502 mater
1045 2472 1050 2501 :
1064 2451 1147 2504 multa
1160 2452 1214 2504 dil·

164 2543 285 2593 careret;
303 2530 349 2583 sed
365 2530 423 2583 hae
440 2531 566 2583 fabulose
580 2542 665 2594 terra,
710 2534 801 2586 lerunt
816 2533 887 2584 inter
902 2531 956 2584 duo
972 2531 1076 2584 illarum
1089 2536 1212 2596 nomina,

163 2627 218 2661 non
233 2611 285 2662 nisi
297 2611 365 2662 falsa
378 2609 412 2662 de
425 2610 490 2663 orbe
502 2612 626 2674 notione,
639 2619 666 2660 et
712 2611 919 2684 orthographia;
932 2614 1080 2681 quantitas;
1092 2611 1212 2674 inflexio;

163 2691 415 2764 erroneagraduum
423 2693 615 2764 supputatione
624 2707 666 2742 ex·
711 2691 841 2744 differunt
852 2704 877 2744 et
887 2691 1003 2754 natales;
1014 2705 1131 2746 attamen
1142 2707 1215 2746 utra·

163 2773 280 2844 cogitata
292 2784 347 2825 eat:
362 2791 411 2826 neo
423 2774 507 2844 magis
521 2769 665 2843 quaerenda
711 2790 762 2844 que
773 2791 822 2844 pro
836 2773 902 2838 mari
912 2773 1033 2824 sumitur.
1047 2774 1116 2826 Hinc
1127 2777 1215 2826 oritur

163 2851 266 2920 Thale,
286 2872 366 2924 quam
381 2852 485 2918 Cerne,
505 2852 619 2912 Basilia,
639 2865 666 2904 et
710 2871 786 2906 error
797 2851 871 2925 apud
883 2852 1021 2924 plurimos.

166 2930 222 2982 alie
241 2933 332 2984 insula
356 2933 495 3003 ejusmodi.
524 2936 666 3005 Perperene
748 2932 790 2986 32.
819 2933 910 2986 Tardis
930 2944 955 2985 te
977 2933 1103 2987 mensibus
1124 2935 1212 2988 oddar.

167 3010 247 3081 igitur
258 3031 308 3082 pro
319 3030 374 3064 nun
385 3013 549 3065 Scoticarum
567 3010 668 3064 insula·
712 3015 818 3065 AEstitis
831 3011 967 3066 mensibus
979 3013 1125 3066 succedas:
1139 3017 1166 3065 in
1176 3014 1214 3065 lo·

167 3107 227 3139 rum
235 3089 327 3141 babitu
336 3105 389 3156 eat,
401 3090 442 3143 vel
455 3109 505 3161 pro
515 3103 591 3161 parte
601 3091 669 3141 Non
713 3113 774 3146 cum
782 3094 875 3157 titre,
886 3095 955 3144 inter
964 3093 991 3146 V
989 3093 1097 3164 irpinem
1109 3105 1134 3144 et
1141 3093 1215 3145 Scor·

168 3169 251 3239 regin
272 3171 406 3239 proxima,
427 3168 470 3222 rel
491 3167 598 3222 demum
616 3187 667 3240 pro
712 3174 803 3244 pium:
819 3173 911 3240 idest,
924 3175 950 3223 in
963 3171 1214 3243 mensemSeptem-

110 3289 115 3298 .
170 3247 229 3318 ipsa
240 3247 365 3300 lslandia.
378 3249 410 3303 V.
422 3251 453 3302 G.
572 3261 574 3266 '
712 3249 1214 3317 brein.Tardosvo'oatmeusesaeativoa,

205 3327 248 3380 31.
266 3328 360 3400 Tethys
371 3339 441 3380 emat
454 3330 572 3382 omnibus
583 3329 667 3381 undis.
715 3332 778 3402 quia
789 3329 846 3382 dies
856 3329 1103 3381 mensiumillorum
1114 3329 1216 3402 longio-

166 3409 266 3482 Tetbys
278 3421 318 3461 est
331 3426 397 3460 uxor
408 3411 522 3476 Oceani,
538 3408 670 3482 nympha·
715 3429 757 3462 rea
778 3422 853 3473 sunt,
870 3423 897 3462 et
915 3427 989 3460 mora
1008 3407 1076 3461 Solis
1095 3411 1123 3461 in
1142 3410 1216 3462 bori-

167 3507 227 3541 rum
239 3501 332 3541 mater.
344 3489 424 3557 Quod
438 3502 526 3542 autem
539 3491 668 3554 aitemat,
714 3503 791 3545 aonte
816 3487 975 3540 diuturnior.
1005 3487 1083 3540 Unde
1111 3508 1215 3542 menaea

168 3570 203 3624 ed
223 3573 362 3644 antiquum
381 3573 535 3643 nuptiarum
554 3573 670 3642 pertinet
715 3571 781 3642 ipsi,
804 3586 965 3640 quamquam
986 3570 1076 3638 reipsa
1098 3587 1153 3621 non
1175 3573 1216 3642 pi·

168 3653 263 3716 ritnm,
277 3669 330 3723 quo
344 3669 371 3703 se
384 3652 494 3703 maritus
508 3664 534 3703 et
548 3669 615 3702 uxor
626 3653 669 3702 in·
714 3653 815 3724 griores
828 3652 935 3714 ceteris,
948 3663 1036 3701 tamen
1046 3649 1216 3721 hominibus,

167 3735 253 3786 vicem
266 3732 403 3797 emebant,
417 3734 486 3784 sicut
500 3731 630 3784 habemus
641 3734 668 3783 in
716 3734 761 3803 qui
774 3730 817 3783 die
831 3731 975 3808 prasertim
988 3732 1058 3782 inter
1074 3749 1102 3783 se
1118 3745 1215 3804 agunt,

165 3817 234 3884 jure.
249 3812 346 3866 Tribus
356 3815 426 3866 enim
440 3811 526 3866 modis
540 3811 613 3884 apud
626 3831 670 3865 ve·
716 3813 850 3884 longiores
861 3810 915 3861 ilici
926 3823 1045 3882 possunt.
1055 3810 1131 3862 Adde
1142 3811 1217 3882 quod

168 3905 239 3946 teres
252 3894 350 3964 nuptiae
360 3891 475 3947 flebant:
489 3909 554 3954 usu;
565 3895 586 3943 si
596 3893 675 3944 verbi
717 3889 788 3944 civili
811 3890 995 3956 dimensione,
1025 3889 1083 3942 dies
1104 3891 1218 3961 quilibet

169 3975 267 4044 gratia,
278 3973 374 4026 mulier
384 3991 454 4026 anno
465 3991 589 4025 unorum
600 3975 670 4038 viro,
717 3969 859 4024 duodecim
883 3973 909 4023 in
932 3971 1011 4022 boras
1034 3969 1161 4022 dividitur
1182 3969 1216 4023 ab

170 4049 233 4103 lioet
249 4054 306 4104 aine
321 4053 438 4126 legibus,
458 4055 552 4106 luisset
564 4075 570 4103 z
584 4054 670 4116 farre;
717 4064 777 4104 ortu
794 4051 861 4103 Solis
880 4051 1070 4104 adoreneum:
1088 4071 1140 4104 nox
1152 4054 1217 4103 item

172 4147 233 4181 oum
251 4149 299 4201 per
314 4132 411 4187 Pontii.
431 4135 501 4189 Max.
522 4147 549 4187 et
567 4132 672 4188 Dialem
717 4133 859 4189 duodecim
870 4135 897 4187 in
909 4133 1004 4200 boras,
1018 4133 1051 4184 ab
1062 4151 1159 4187 occasu
1168 4131 1217 4186 So-

243 4217 268 4270 5.
578 4229 582 4254 ⁸
1007 4221 1039 4275 23
