2998 4670
285 399 349 464 612
615 391 995 459 COMMENTARIA

281 524 346 584 rius
357 522 420 600 (cst
428 518 497 578 bec
507 515 596 578 stella
606 518 638 576 in
649 536 717 590 ore,
725 516 826 576 verius
840 518 872 575 in
885 515 991 596 lingua
1002 518 1103 594 canis,
1114 540 1203 601 cujus
1213 531 1321 583 exona

281 610 400 672 calores
413 606 621 670 intenduntur
636 608 668 666 iu
680 607 799 678 testate)
811 607 994 667 incendebat
1009 606 1112 670 ludos.
1127 610 1219 670 ludos
1231 625 1322 672 vocat

281 701 421 772 sitientes,
437 699 510 779 quia
522 696 622 778 putati
635 709 706 754 sunt
718 694 873 755 veteribus
885 715 949 756 esse
963 697 994 754 in
1007 695 1089 756 orbis
1100 712 1188 779 parte
1197 699 1322 760 calidis·

283 789 381 847 sima:
402 787 523 868 Syrium
540 783 687 866 rapidum,
704 803 752 858 ac,
773 795 941 856 torrentem
962 787 1063 864 utqui
1079 789 1183 847 omnia
1199 787 1320 848 fervore

282 894 340 934 suo
353 875 469 956 rapiat,
488 885 518 933 et
532 884 657 933 torreat.
676 872 774 953 Peryit
787 869 945 952 descriptio.
966 870 1016 931 Sol
1031 887 1169 934 evaserat
1184 875 1322 934 mediam

281 962 350 1024 caeli
369 976 504 1044 partem,
523 974 606 1022 totus
623 975 699 1022 tunc
719 961 829 1040 igneus
847 974 878 1019 et
894 958 1051 1020 fervidus:
1071 959 1177 1023 berbte
1193 963 1322 1024 arebant

279 1073 345 1136 prae
365 1051 486 1112 calore:
505 1051 585 1112 radii
605 1049 684 1112 Solis
704 1045 882 1131 coquebant
898 1049 1028 1109 llumina
1045 1071 1144 1134 usque
1160 1051 1200 1110 ad
1219 1055 1324 1133 ipsum

279 1139 406 1214 limum3
422 1141 475 1200 dat
484 1138 534 1200 his
545 1137 645 1199 fauces
657 1140 696 1197 ab
706 1137 846 1197 bumana
857 1135 1081 1214 umilitudine,
1092 1136 1215 1221 illisque
1225 1141 1322 1201 siccas

281 1243 373 1312 atque
388 1226 499 1289 aridas.
518 1229 554 1287 In
573 1226 631 1288 boc
648 1240 766 1309 puncto
784 1227 934 1308 temporis
953 1229 1082 1286 Proteus
1098 1246 1131 1286 se
1148 1229 1181 1286 in
1196 1240 1323 1287 antrum

279 1319 399 1399 recepit
413 1339 429 1378 e
445 1319 542 1378 mari:
560 1320 642 1377 circa
659 1315 749 1376 illum
766 1314 877 1397 phocae
894 1314 1106 1388 exsultabant,
1126 1330 1249 1397 pastore
1265 1338 1322 1378 suo

279 1403 480 1480 laetabundae,
496 1403 671 1487 salsamque
681 1425 795 1486 aquam
806 1403 867 1464 late
878 1402 1077 1486 spargebant.
1088 1404 1248 1464 Accessere
1258 1407 1324 1465 isue

280 1495 319 1555 ad
340 1495 428 1571 litus3
448 1495 502 1556 ille
524 1494 563 1555 ad
583 1495 766 1577 scopulum:
786 1492 895 1576 phocae
914 1495 1019 1554 statim
1042 1513 1153 1553 somno
1173 1507 1323 1575 correptae

279 1596 367 1656 sunu
381 1585 508 1643 Proteus
520 1583 664 1644 consedit
676 1584 707 1641 in
719 1582 823 1642 medio
834 1581 979 1664 scopulo,
991 1597 1083 1662 atque
1094 1602 1144 1641 eas
1155 1582 1322 1656 recensuit,

278 1673 304 1730 si
316 1692 377 1752 qua
388 1673 523 1747 deesset,
534 1687 568 1732 ut
579 1670 658 1734 solet
668 1686 772 1754 pastor
783 1692 940 1732 recensere
950 1671 1065 1734 vitulos
1076 1670 1206 1730 domum
1216 1670 1324 1730 reduc-

279 1772 328 1818 tos
342 1780 359 1818 e
373 1774 463 1841 pastu
479 1759 596 1820 addici
612 1781 791 1841 vesperum,
813 1775 867 1820 aut
882 1781 994 1841 agnos,
1015 1760 1069 1841 qui
1085 1756 1201 1832 solent,
1223 1777 1324 1839 quum

277 1847 490 1926 reducuntur,
503 1869 611 1909 acuere
623 1851 684 1908 suis
696 1849 851 1910 balatibus
863 1848 965 1930 lupos.
979 1851 1057 1907 Nam
1069 1862 1145 1907 tunc
1160 1846 1226 1929 lupi
1241 1849 1324 1907 cxci·

279 1948 401 2010 tantur,
413 1956 508 2016 seque
521 1949 705 2016 comparant
720 1937 759 1996 ad
772 1949 959 1994 nocturnam
972 1935 1125 2016 praedam,
1137 1936 1246 1996 audito
1258 1933 1322 1995 ela·

279 2045 367 2082 more
383 2043 547 2101 agnorum.

316 2109 385 2190 437.
399 2108 588 2169 Consederat
602 2110 729 2169 Proteus
746 2112 778 2169 in
796 2108 927 2190 scopulo
945 2107 1153 2184 dormiturus3
1175 2113 1322 2171 Aristaeus

278 2195 318 2257 ad
337 2198 471 2279 primam
495 2199 596 2257 somni
617 2198 782 2281 irrepentis
804 2199 1003 2257 occasionem
1024 2193 1152 2255 advolat
1169 2215 1240 2255 cum
1262 2196 1322 2255 cla·

278 2305 380 2360 more,
401 2283 477 2364 ligat
489 2287 636 2345 manicis:
659 2299 793 2346 conatur
804 2287 931 2345 Proteus
944 2282 1169 2344 adolescentem
1182 2282 1323 2359 eludere,

278 2375 423 2434 assumtis
436 2375 529 2432 variis
543 2372 669 2447 formis;
683 2389 720 2433 ut
732 2374 814 2434 videt
828 2394 860 2434 se
872 2372 952 2433 nibil
965 2371 1129 2455 proficere,
1141 2371 1264 2432 reditio
1274 2391 1321 2432 ve

278 2483 345 2523 ram
359 2462 510 2536 formam,
525 2477 556 2522 et
568 2463 710 2544 loquitur
721 2463 860 2524 bumana
873 2485 957 2524 voce.

317 2548 385 2624 445.
395 2548 514 2629 Objieit
524 2553 626 2631 primo
637 2552 766 2613 Proteus
776 2555 902 2614 Aristaeo
911 2550 1135 2613 confidentiam
1147 2548 1322 2609 audaciam·

278 2739 366 2793 Sirius.
380 2739 460 2790 Stella
473 2751 512 2790 est
524 2742 551 2791 in
563 2760 608 2794 ore
621 2743 778 2815 Canis,pcr
821 2747 945 2797 Proteum
969 2746 1097 2815 impetum
1119 2743 1213 2794 fecisse
1235 2740 1319 2802 dicit;

279 2837 360 2891 quarn
376 2819 471 2869 nimios
488 2832 564 2870 cestus
583 2823 737 2892 accipimus.
750 2823 776 2875 S.
821 2843 870 2895 per
879 2823 951 2892 quod
962 2823 1156 2873 incontinentes
1164 2819 1322 2870 auimosbo·

277 2897 439 2970 -llapidus
453 2900 510 2949 lsta·
520 2899 601 2951 stelle
610 2899 688 2969 bujua
699 2914 776 2952 nota.
821 2902 922 2953 minum
934 2899 1013 2950 docet
1024 2899 1110 2949 Poeta.
1122 2897 1191 2948 Serv.

276 2976 341 3029 ldeo
356 2975 459 3047 rupidus
470 2995 530 3027 cum
540 2977 670 3032 allusione
680 2979 715 3030 ad
725 2995 779 3052 ety-
857 2980 916 3047 440.
930 2979 981 3030 Ille
995 2995 1047 3031 sue
1062 2987 1151 3028 contra
1167 2995 1220 3027 non
1237 2977 1321 3028 inme-

276 3076 350 3109 mou.
370 3057 439 3109 Nam
461 3055 543 3109 Sirius
560 3056 647 3109 dictus
671 3054 719 3110 siri
736 3059 780 3110 esti
821 3078 880 3110 mor
888 3059 957 3110 ortis¹
965 3057 1022 3109 lloc
1032 3059 1069 3108 ita
1077 3057 1150 3126 prior
1158 3057 1264 3110 llomer.
1274 3055 1324 3107 οὐδ’

278 3133 366 3205 σύρειν,
379 3136 452 3207 quod
465 3139 554 3190 omnia
566 3140 653 3209 rapiat
668 3156 717 3189 suo
732 3157 778 3190 ca·
823 3134 915 3206 iyiper
928 3137 1001 3191 dotia:
1013 3133 1134 3187 inultm
1144 3132 1233 3199 τίχνις.

277 3216 344 3269 lore.
362 3217 402 3268 lta
418 3229 444 3266 et
460 3217 559 3268 Lucan.
577 3218 605 3266 in
615 3217 660 3267 X:
679 3217 779 3287 rapidos
858 3217 918 3283 444.
928 3215 1048 3267 Hominis
1059 3232 1109 3265 ore.
1120 3215 1242 3266 Humana
1254 3213 1324 3266 scili·

278 3315 331 3368 qua
342 3297 423 3348 Sirius
434 3297 504 3368 ipnes
514 3297 621 3348 Exserit.
634 3298 661 3347 P..
669 3297 778 3348 Merula
823 3307 866 3348 cet
886 3313 959 3347 roce.
982 3295 1066 3346 Graeci
1088 3294 1197 3363 proprie
1221 3289 1321 3347 silam

278 3377 307 3426 iu
327 3373 519 3445 cosmograpb.
539 3387 607 3445 part.
628 3378 655 3440 l,
675 3375 721 3428 lib.
736 3377 776 3441 ll,
822 3393 884 3426 nem
898 3372 1051 3425 Eusthatius
1065 3383 1176 3423 notante
1187 3371 1321 3426 Germano

279 3455 323 3506 25.
345 3452 405 3504 Sirii
427 3452 607 3524 appellatione
627 3455 712 3506 Solem
733 3455 777 3507 bic
822 3456 860 3506 ait
875 3454 951 3520 dolii
972 3469 1030 3504 csse
1050 3453 1159 3523 proprie
1175 3451 1250 3522 loqui
1268 3451 1322 3504 ba·

278 3531 396 3582 exaudit.
419 3533 490 3599 Quin
514 3545 540 3583 et
563 3531 657 3586 Suidas
677 3533 777 3600 tradit,
822 3551 901 3586 mano
914 3530 1234 3600 more,e1modo:quuur
1249 3527 1321 3598 slip-

278 3611 362 3675 Σείριον
373 3628 388 3660 a
399 3610 488 3662 multis
500 3614 596 3683 exponi
608 3609 646 3663 cir
662 3611 736 3671 ianr,
749 3611 777 3662 id
821 3614 905 3678 parim
923 3623 1024 3662 tautum
1041 3611 1074 3660 sit
1091 3627 1183 3661 vocem
1200 3611 1320 3678 mittere,

280 3700 336 3752 cst,
351 3687 445 3737 Sirium
462 3689 547 3739 Solem
553 3712 562 3750 ;
580 3687 653 3759 quod
671 3700 697 3740 et
715 3689 777 3740 Plri-
823 3690 988 3763 quadretque
1002 3688 1167 3741 aliisrcbua:
1184 3688 1248 3742 inde
1261 3691 1320 3744 nult

278 3765 345 3838 larg.
361 3768 472 3818 notavit.
487 3768 595 3819 Toubrn.
822 3785 848 3823 et
859 3767 952 3837 φθογμῖ
959 3807 966 3830 ,
980 3769 1075 3822 eodem
1087 3767 1167 3820 modo
1181 3769 1319 3822 differunt.

316 3846 376 3914 438.
399 3845 450 3900 Vix
468 3845 564 3916 defesso
585 3865 669 3898 senem
690 3865 778 3918 possets
858 3851 917 3916 445.
928 3851 998 3901 Nom
1009 3849 1112 3920 quiste,
1118 3851 1246 3920 juvenum
1261 3867 1320 3900 con·

280 3944 422 3998 conponere
433 3926 553 3976 membra.
566 3925 724 3978 Aviditatem
734 3946 778 3978 ex·
814 3925 992 4001 fidentissime.
1007 3928 1037 3979 ld
1050 3942 1103 3992 est,
1121 3929 1240 3998 quisnam
1250 3947 1256 3976 s
1267 3926 1319 3978 bo-

278 4008 369 4080 primit
380 4019 469 4058 tenere
479 4008 609 4077 cupientis
619 4030 624 4058 :
635 4007 706 4060 unda
717 4025 778 4060 eum
822 4007 866 4060 die
878 4010 946 4060 enim
957 4010 1026 4060 Nam
1037 4006 1167 4077 particula
1179 4010 1319 4077 postponi·

280 4098 374 4140 contra
385 4087 476 4138 matria
487 4099 666 4160 preceptum,
683 4089 737 4142 cito
749 4090 777 4140 iu
822 4100 879 4154 tur,
896 4099 975 4142 antea
989 4085 1203 4160 praeponebatur.
1220 4087 1320 4142 Teren-
