3000 4674
272 301 335 394 sot
408 249 410 262 ¹
601 308 986 378 conusuramt

269 435 390 516 potius,
406 449 484 493 meaa
501 431 631 494 Veneri:
653 455 728 494 nam
747 437 855 500 notavi
873 435 996 514 locum,
1014 437 1046 497 in
1066 457 1130 522 quo
1148 438 1318 522 palumbes

268 522 378 582 nidum
391 522 508 599 fecere,
521 523 577 584 hes
590 526 675 608 cepi,
688 537 720 585 et
732 523 787 585 bas
798 527 931 590 mittam.
942 529 1068 588 Etenim
1080 528 1158 590 mihi
1172 533 1256 592 visus
1269 545 1318 594 est

267 624 376 694 pastor
387 613 562 689 insinuare,
575 635 607 674 se
617 613 760 676 nondum
770 617 904 690 misisse,
915 628 1037 678 tantum
1049 616 1163 680 babere
1174 619 1258 703 apud
1268 641 1317 683 se.

307 721 356 784 7⁰·
385 701 546 786 Respondet
565 701 659 765 ulter?
683 704 733 766 Ais
756 717 785 765 te
804 705 975 767 missurum
994 707 1141 769 munera?
1159 730 1216 790 ego
1236 729 1318 768 vero

265 785 333 870 jam
346 792 416 850 misi
430 791 511 851 mala
525 813 633 868 aurea,
651 791 732 854 lecta
748 813 844 854 manu
859 815 928 856 mea
943 817 978 856 ex
991 796 1133 877 sylvestri
1144 798 1269 873 arbore,
1284 809 1317 862 et

268 879 292 938 si
306 899 445 960 possem,
458 879 548 963 plura
561 881 732 958 mltterem3
743 882 803 944 feci
816 898 919 944 tamen
930 885 1016 967 quod
1027 887 1134 968 potui:
1145 884 1316 969 atquebaec

268 969 339 1027 misi
353 989 424 1030 meo
438 972 593 1052 Amyntae,
607 973 713 1054 potius
726 993 798 1033 meo
814 995 912 1054 puero
925 973 1089 1057 Cupidini,
1106 979 1187 1037 sicut
1201 990 1236 1038 tu
1251 990 1315 1036 tuae

267 1057 391 1120 Veneri.
400 1060 485 1137 Quin
493 1058 636 1126 noudum
644 1059 789 1126 absumta
797 1060 982 1128 liberalitas:
994 1083 1063 1125 cras
1072 1067 1196 1126 mittam
1207 1063 1316 1125 decem

270 1143 374 1208 altera.
849 1149 852 1156 “

308 1255 355 1317 7²·
363 1236 557 1319 Exprimltur
567 1239 678 1320 lugens
689 1235 1140 1321 allectuspastorlsnescientis
1148 1240 1316 1325 explicare,

269 1324 407 1404 quoties,
420 1337 449 1384 et
463 1347 539 1411 quas
552 1347 598 1386 res
612 1347 713 1394 secum
727 1325 835 1389 locuta
849 1331 888 1389 sit
901 1327 1046 1405 Galatea;
1058 1331 1196 1413 petitque
1209 1351 1228 1388 a
1240 1349 1318 1388 ven·

269 1409 324 1485 tis,
340 1425 375 1472 ut
387 1426 507 1494 partem
520 1413 672 1497 aliquam,
694 1437 768 1480 narn
781 1419 889 1477 omnia
900 1437 965 1477 non
977 1431 1122 1499 possunt,
1141 1416 1316 1480 dulcissimi

267 1501 419 1560 sennonis
434 1500 471 1562 ad
490 1523 578 1563 aures
598 1504 713 1565 Divum
731 1504 905 1586 perferant,
925 1519 962 1566 ut
973 1527 1039 1568 non
1052 1503 1199 1566 humanae
1210 1502 1316 1565 solum

270 1605 373 1663 aures,
385 1587 437 1648 sed
450 1589 565 1650 dlvinae
577 1590 784 1652 mulceantur.

310 1673 358 1754 74.
371 1677 424 1736 Ait
433 1691 544 1756 postor,
557 1675 636 1738 nihil
652 1679 814 1766 prodesse,
829 1701 860 1741 se
875 1701 911 1740 ex
926 1681 1033 1744 animo
1046 1677 1085 1740 ab
1100 1681 1234 1762 Amynta
1247 1698 1315 1742 non

269 1763 390 1841 spernl3
409 1765 435 1822 si
454 1779 574 1840 tamen,
593 1765 668 1825 dum
684 1765 737 1827 ille
753 1783 921 1850 occupatus
938 1783 983 1832 est
999 1770 1031 1828 in
1047 1770 1129 1852 apris
1145 1763 1318 1842 sectandis,

269 1851 472 1932 ipseiuterim
485 1855 685 1915 contincatur
699 1854 739 1915 ad
754 1857 907 1917 servanda
920 1861 1012 1934 retia,
1025 1879 1059 1920 ac
1071 1855 1201 1940 perinde
1213 1868 1319 1916 careat

269 1951 335 1999 tarn
347 1938 478 2020 pulchra
490 1942 665 2024 voluptate,
675 1955 742 2004 tam
755 1945 889 2026 pulchro
902 1948 1025 2006 comite.

308 2027 356 2108 76.
370 2029 405 2087 ln
420 2029 577 2091 Natalitiis
589 2032 703 2093 licebat
715 2055 844 2117 operatu
858 2034 932 2096 dare
944 2033 1176 2118 voluptatibus:
1190 2030 1317 2090 infesto

270 2134 431 2196 agrorum,
452 2119 630 2182 ambarvale
647 2136 777 2198 vocant,
795 2125 904 2184 amula
927 2137 1014 2184 erant
1034 2143 1126 2209 pura,
1150 2134 1183 2181 et
1202 2133 1318 2184 sancta.

268 2206 352 2286 Ergo
374 2207 433 2282 ait;
457 2229 476 2268 ο
498 2207 578 2286 lola,
601 2213 691 2272 mitte
709 2210 749 2271 ad
770 2233 819 2272 me
844 2214 977 2273 amicam
997 2211 1158 2295 Phyllida,
1182 2229 1318 2290 quacum

269 2291 408 2359 oblectet
420 2296 451 2358 in
468 2295 518 2358 die
531 2296 644 2362 natulis
656 2300 734 2374 mei,
747 2301 802 2382 qui
813 2299 880 2380 jam
896 2298 992 2364 adest.
1005 2300 1041 2360 ln
1053 2317 1143 2358 sacro
1153 2316 1210 2377 pro
1221 2294 1334 2376 frugis

270 2379 345 2458 bus,
360 2383 444 2466 quod
458 2384 494 2445 fit
506 2386 604 2450 vitula
614 2430 623 2461 ,
635 2389 705 2448 veui
721 2389 803 2468 ipse,
816 2390 949 2452 amicam
961 2405 1069 2448 renuo.
1263 2449 1264 2452 ,

308 2475 358 2555 78.
368 2473 488 2534 lnsistit
497 2475 652 2536 Menalcas
665 2478 804 2557 vestigiis
814 2479 976 2538 Damoetoe.
988 2477 1115 2537 Dixerat
1123 2469 1190 2546 hic;
1202 2492 1221 2531 o
1234 2469 1318 2546 lola,

270 2564 362 2622 mitte
378 2561 457 2622 mihi
468 2562 629 2643 Phyllida:
644 2562 813 2646 respondet
825 2564 921 2626 alter:
938 2587 957 2625 o
972 2562 1052 2639 lola,
1067 2583 1125 2644 ego
1140 2580 1212 2621 amo
1224 2559 1320 2642 Phyl-

269 2647 335 2709 lida
349 2648 441 2730 longe
454 2669 517 2730 prae
529 2650 613 2727 aliis,
627 2673 699 2711 nam
711 2652 797 2713 flevit
807 2653 976 2714 discessum
985 2673 1106 2726 meum,
1117 2671 1191 2711 nam
1200 2648 1319 2710 formo-

269 2757 339 2798 sum
353 2737 493 2814 vocavit,
512 2758 586 2800 nam
600 2760 681 2824 saepe
696 2739 873 2820 valedixit,
892 2741 948 2804 diu
962 2741 1064 2804 verbis
1078 2741 1267 2813 immorans,
1286 2749 1319 2797 et

306 2923 337 2976 71
357 2905 526 2960 Aureomalo
534 2909 622 2962 decem
631 2911 699 2965 mist.
710 2911 773 2965 Plus
817 2913 870 2978 lta,
890 2913 991 2983 inquit,
1010 2927 1114 2965 mecum
1132 2906 1210 2959 dulce
1226 2905 1320 2962 locuta

271 2981 344 3039 dicit.
351 2987 419 3040 Nam
427 3007 508 3062 quum
515 2989 706 3050 illedixistetse
715 3011 772 3046 esse
818 3004 856 3044 est
867 2991 992 3055 Galatea,
1003 3001 1032 3041 ut
1040 2988 1151 3040 deorum
1160 2985 1253 3038 auditu
1261 2988 1319 3055 ejus

270 3070 428 3120 missurum:
442 3070 490 3122 iste
497 3072 553 3142 jum
563 3073 665 3128 misisse
676 3071 773 3124 confir·
817 3069 899 3144 digna
917 3073 970 3124 sint
988 3067 1079 3121 rerba.
1102 3066 1182 3117 Venti
1201 3067 1320 3136 antiquis

271 3162 335 3202 mat.
354 3148 442 3201 Aurea
455 3161 558 3218 autem,
575 3153 649 3208 aurei
664 3150 770 3204 coloris.
816 3147 903 3202 babiti
924 3160 986 3202 sunt
1006 3166 1056 3220 pro
1077 3143 1268 3216 interpretibus
1291 3158 1319 3196 et

270 3229 385 3281 Theocr.
403 3228 480 3301 ldyll.
499 3231 553 3282 lll:
569 3226 647 3284 'Heidt
665 3251 701 3283 aar
713 3228 772 3282 diro
816 3229 1007 3292 internunciis,
1021 3227 1067 3300 qui
1078 3243 1171 3297 preces
1179 3237 1273 3278 etvota
1283 3223 1319 3282 ad

267 3309 339 3377 pnite
358 3304 427 3374 qipa·
444 3309 528 3362 cardis
551 3309 669 3376 salsitas,
690 3293 728 3362 ‘n
744 3317 773 3376 μ’
815 3307 933 3362 Deorum
949 3324 1027 3361 aurea
1041 3305 1203 3360 referebant.
1219 3303 1318 3358 Erudi-

269 3385 346 3439 inluso
356 3387 458 3441 utensis
470 3385 507 3440 τό.
522 3389 564 3439 Καὶ
576 3388 652 3456 ao'pm
665 3387 729 3441 cinna
738 3410 774 3442 rac
817 3397 872 3439 tam
885 3385 936 3440 bac
950 3386 984 3438 da
1002 3406 1030 3438 re
1043 3385 1251 3460 disputationem
1263 3395 1320 3435 tra-.

270 3467 332 3516 aiod.
359 3467 448 3518 «Ecce
471 3466 542 3524 mala
565 3466 658 3520 decem
682 3470 769 3522 affero
815 3465 1104 3534 dit'l'urnabusl‚23.

269 3546 334 3609 tibi,
343 3563 374 3597 ex
387 3565 419 3598 eo
431 3545 492 3597 loco
502 3544 629 3618 decerpta
638 3546 717 3600 Unde
727 3567 770 3602 me
851 3565 893 3626 79.
907 3547 1028 3620 Loupum
1045 3545 1110 3603 vale.
1127 3547 1180 3610 lta,
1197 3545 1317 3616 Loupum

267 3627 369 3698 jussisti
381 3625 543 3699 decerpere:
561 3645 620 3679 cras
635 3627 689 3680 alia
702 3631 770 3681 affe·
813 3625 927 3692 taluere,
936 3626 1070 3680 dicebaut.
1080 3619 1317 3699 Supra,suaueru-
1389 3677 1392 3681 ,

271 3723 336 3756 ram.
349 3727 360 3750 ι
372 3703 769 3779 Graecuapoetafero,l.atinus
815 3708 883 3760 bens.
900 3707 995 3759 llorat.
1013 3703 1149 3780 Perfidiam
1167 3705 1251 3756 tideus
1268 3703 1318 3756 Ve-

271 3784 348 3848 misi,
365 3783 439 3858 quod
451 3783 603 3837 efficacius:
621 3783 692 3838 malo
710 3787 771 3839 sim·
815 3807 872 3840 nus.
885 3817 920 3828 -
935 3785 1016 3852 Vale,
1034 3787 1107 3852 vale,
1124 3784 1227 3856 inquit,
1248 3781 1318 3840 lota,

270 3865 391 3948 pliciter,
410 3864 520 3916 Latinus
543 3863 659 3934 elogium
680 3865 769 3936 addit,
814 3863 1136 3938 lliopastor,authabuit
1144 3864 1198 3915 duo
1207 3864 1316 3914 uomina

270 3963 367 4006 «ιιιηας
380 3954 406 3998 et
418 3943 550 4010 studium,
563 3942 638 3997 lecta.
814 3945 895 4018 (nam
907 3963 990 4017 supra
1001 3963 1062 3997 eum
1070 3943 1220 3996 Menalcam
1232 3941 1316 4012 dixit)

307 4027 350 4106 73·
372 4025 472 4084 Divum
490 4025 609 4106 reseratis
629 4028 666 4084 ad
683 4047 767 4086 aures.
814 4039 940 4108 autcarte
952 4025 1035 4080 lolam
1046 4043 1120 4094 eum,
1136 4026 1212 4104 quasi
1224 4035 1320 4102 pastus

1462 2945 1474 2990 ·l
