3000 4674
584 353 861 426 rnnrarro.
1182 377 1246 448 219

203 481 414 581 allegoriam
436 482 476 554 in
496 477 662 554 medium
685 480 828 556 reducit
849 495 884 552 et
900 476 1057 579 profert,
1090 477 1248 554 dicendo

204 597 274 670 sub
301 597 450 670 Galatea
480 597 702 702 Mantuam,
739 595 809 670 sub
837 596 1062 696 Amaryllide
1091 597 1248 671 Romam

204 710 323 788 latere.

250 831 324 902 Nos
344 833 456 929 igitur
475 827 555 904 haec
577 825 687 902 ethis
708 827 841 904 similia
859 831 953 902 inter
971 853 1008 902 se
1027 833 1247 930 pugnantia,

203 945 278 1014 sive
292 942 363 1016 alia
378 948 416 1016 in
433 945 713 1018 Commentariis
729 945 861 1042 Heynii
880 943 1026 1016 laudata
1040 961 1103 1017 aut
1116 944 1249 1018 confu-

202 1073 294 1146 tata,
317 1084 401 1157 quae
420 1061 459 1130 in
483 1085 560 1132 una
580 1058 779 1156 eademque
796 1057 966 1132 Editione
983 1062 1111 1132 iterare
1128 1083 1250 1157 super·

202 1197 405 1248 vacaneum
428 1173 555 1247 saltem
578 1174 690 1264 foret,
711 1177 842 1247 sivein
862 1177 975 1273 ipsius
994 1175 1137 1264 Cerdse,
1159 1201 1250 1274 quas

202 1287 317 1360 modo
333 1293 613 1388 praemittemus,
627 1286 930 1387 explicationibus
945 1287 1072 1377 allata,
1087 1314 1189 1360 nunc
1202 1287 1250 1362 ab

202 1400 276 1475 boc
292 1419 418 1476 nostro
435 1404 559 1477 Servio
575 1401 707 1503 procul
724 1407 921 1492 removeri,
942 1420 995 1490 tc,
1017 1407 1147 1476 Lector
1163 1429 1250 1475 eru·

202 1517 392 1606 ditissime,
413 1541 585 1618 rogamus
606 1516 859 1624 admonitum,
880 1543 928 1590 ne
945 1494 1078 1592 nostrae
1097 1515 1250 1590 forsitan
1314 1543 1318 1552 ·

202 1627 446 1729 negligentiae,
465 1631 568 1730 quod
588 1647 641 1704 est
658 1630 801 1706 consilii
817 1638 995 1731 imputes3
1012 1647 1127 1731 utque
1143 1635 1249 1720 scias,

200 1741 292 1844 quid
315 1744 361 1818 de
383 1751 515 1819 nostris
537 1744 725 1820 laboribus
748 1763 782 1820 et
807 1747 1017 1820 studiorum
1043 1751 1140 1820 curis
1165 1772 1249 1845 erga

202 1863 395 1935 Maronem
416 1841 450 1932 el
469 1859 569 1934 iliius
586 1864 798 1962 interpretes
813 1862 877 1943 tibi
892 1861 1158 1962 expectandum
1175 1888 1251 1936 esse

202 1979 444 2054 statuerimus,

248 2094 331 2165 Jam
351 2116 438 2164 vero
454 2091 500 2165 de
517 2093 661 2166 Joanne
675 2093 868 2168 Ludovico
883 2095 1028 2184 crans,
1049 2093 1248 2184 Toletano,

200 2204 297 2280 nihil
316 2206 392 2282 fere
410 2209 611 2284 dicendum
632 2211 739 2284 nobis
761 2227 940 2310 superest3
965 2237 1127 2310 namque
1146 2210 1250 2283 bunc

201 2321 315 2395 veluti
324 2328 500 2398 societatis
509 2351 584 2399 suae
596 2325 723 2416 decus,
736 2324 985 2400 professorum
997 2324 1250 2424 eloquentium

202 2437 402 2538 exemplar,
425 2441 709 2538 Hispanicarum
730 2438 943 2534 scholarum
961 2439 1106 2530 lumen,
1129 2443 1251 2513 omni-

202 2579 304 2652 genae
315 2553 492 2628 doctrinae
503 2553 718 2628 thesaurum
730 2557 1072 2655 stupueruntcoaevi
1082 2554 1151 2652 (r),
1168 2579 1252 2627 eru·

202 2666 527 2769 ditaquequotidie
540 2672 696 2744 miratur
709 2675 913 2770 posteritas3
925 2686 1082 2744 attamen
1095 2695 1138 2742 ex
1151 2668 1251 2742 illius

203 2779 366 2857 laboriosi
384 2799 416 2857 et
434 2785 632 2874 doctissimi,
651 2801 694 2858 ut
706 2790 757 2860 ait
772 2789 937 2887 Heynius
953 2785 1023 2884 (a),
1046 2789 1250 2885 interpretis

201 2901 240 2970 in
253 2899 450 2999 Virgilium
463 2899 802 2992 lucubrationibus,
816 2907 937 3002 prima
950 2917 1164 3000 argumenta
1176 2915 1250 2974 car*

203 3017 350 3089 minum
359 3031 394 3086 ct
403 3032 507 3089 notas
516 3020 731 3115 posteriores
741 3021 1039 3116 omisimus,quia
1045 3017 1122 3116 jam
1131 3020 1250 3115 prima

205 3125 311 3198 nobis
336 3132 412 3225 ipse
433 3130 615 3228 Heynius,
639 3147 674 3204 et
694 3132 872 3205 secundas
893 3157 980 3204 cum
998 3131 1122 3203 Servio
1143 3133 1251 3203 ceteri

206 3243 541 3341 suppeditaverunt.
561 3249 613 3320 Ea
628 3251 773 3321 tantum
790 3273 873 3348 quae
889 3262 1051 3346 spectant
1064 3245 1111 3318 ad
1127 3246 1252 3316 distri-

205 3357 397 3431 butionem
414 3363 599 3432 variarum
615 3364 775 3462 partium
796 3365 836 3433 in
857 3359 1009 3460 singulis
1026 3359 1250 3452 carminibus

208 3473 523 3574 distinguendam,
544 3479 792 3576 virtutemque
811 3473 1101 3576 predicandam,
1123 3489 1158 3546 et
1170 3499 1253 3574 quae

218 3753 227 3772 ι
242 3722 284 3802 (ι)
295 3721 399 3804 Hujus
413 3721 551 3806 effigiem
564 3722 710 3806 religiose
723 3733 911 3786 asservatam
925 3725 958 3783 in
974 3725 1111 3785 sacrario
1125 3743 1185 3785 suo
1199 3743 1250 3786 co-

203 3808 305 3887 lebat,
323 3831 464 3873 summus
479 3811 532 3873 ille
546 3812 706 3890 Pontiiex,
724 3813 874 3874 Uarenus
885 3813 972 3887 Vlli,
990 3832 1056 3873 non
1067 3813 1173 3874 minus
1187 3815 1252 3895 pie·

202 3913 280 3976 tate,
290 3920 386 3982 quam
396 3901 515 3961 Latinas
523 3921 654 3985 poeseos
664 3915 694 3964 et
705 3901 822 3963 Groecae
832 3899 949 3982 lingue
958 3901 1085 3962 scientia
1094 3919 1252 3966 commen·

205 3985 334 4066 dabilis,
345 3989 431 4052 unde
444 3990 516 4054 Aris
527 3991 642 4053 drrrca
653 4003 728 4053 tunc
740 3989 961 4074 appellaretur.

243 4075 285 4156 (a)
296 4077 374 4138 Vide
386 4077 449 4140 vol.
462 4078 491 4158 i,
503 4075 598 4163 hujus
611 4077 773 4156 editionis,
786 4097 857 4159 pag.
874 4096 905 4138 tr
921 4090 952 4137 et
965 4097 1012 4158 ²7·
