2918 4682
334 355 386 419 ΙΝ
410 349 793 418 GEORGICORUM
815 349 907 415 LlB.
932 353 981 418 ll.
1109 355 1170 425 505

137 496 220 558 reat,
237 481 368 564 nequid
385 477 493 540 abest:
513 489 650 538 oratores
668 477 702 536 in
718 477 824 536 rostris
843 479 968 538 attoniti
985 475 1172 558 redduntur,

138 583 327 654 stupentque
345 568 384 630 ad
405 589 455 643 ea,
474 587 543 650 quae
564 567 688 647 ipsimet
705 565 830 642 dicunt,
848 568 1016 628 excitantes
1035 567 1120 630 hunc
1139 571 1174 630 in

137 661 270 720 modurn
283 660 521 720 admirationem
533 654 663 737 populi:
676 655 787 714 comici
799 655 968 735 capiuntur
977 657 1091 739 plausu
1102 657 1174 735 illo,
1206 656 1213 666 ’

7 811 9 820 ,
138 750 196 829 qui
209 751 317 808 crescit
328 768 384 830 per
395 766 526 821 cuneos,
536 740 765 804 admirantibus
776 739 868 824 plebe
882 755 912 803 et
923 745 1048 821 Senam3
1060 762 1092 808 et
1102 748 1173 808 ideo

62 880 72 892 .
138 837 239 896 veluti
258 838 399 917 geminus
417 834 576 916 (quamvis
594 830 647 892 hic
667 830 833 912 multiplex
852 831 1061 914 significetur)
1081 855 1175 916 quens

138 924 287 1004 plausum
301 926 361 1007 ipsi
379 941 574 1003 summopere
591 917 729 993 inhiant,
751 931 844 1000 atque
863 915 1023 980 ambiunt:
1044 919 1175 982 haeredi·

139 1027 220 1095 petre
239 1013 376 1095 gaudent
393 1010 564 1094 perfudisse
579 1008 752 1069 fraternum
768 1010 967 1089 sanguinem,
987 1021 1022 1068 ut
1039 1011 1100 1090 ipsi
1116 1010 1176 1071 soli

139 1113 254 1163 cuncta
268 1101 463 1185 possideant;
480 1114 575 1182 atque
591 1096 669 1158 adeo
685 1096 838 1178 gaudent,
858 1110 975 1158 utnon
992 1111 1116 1174 curent,
1136 1120 1177 1159 an

140 1209 223 1272 saepe
237 1203 365 1274 propter
376 1186 543 1249 admissam
555 1187 669 1248 caedem
684 1197 834 1266 cogantur
846 1186 890 1246 ire
904 1189 936 1246 in
951 1185 1109 1263 exsilium,
1123 1188 1177 1248 do·

140 1296 211 1336 mos
230 1292 365 1352 mutare,
386 1277 520 1357 patriam
536 1294 687 1356 quaerere,
705 1272 773 1334 Sole
790 1272 852 1334 alio
869 1273 1064 1335 incalentem.
1085 1273 1178 1352 Vide,

140 1365 379 1445 quamproprie
398 1363 512 1423 omnia.
534 1362 617 1438 Scio,
637 1381 708 1444 quae
726 1360 877 1442 explicui,
898 1381 987 1442 posse
1003 1382 1128 1444 quoque
1145 1363 1180 1422 in

140 1449 303 1511 nonnullis
317 1450 406 1511 aliter
417 1449 578 1532 explicari;
599 1448 650 1510 sed
666 1471 731 1510 non
745 1463 791 1510 est
803 1450 995 1530 interpretis,
1013 1451 1179 1510 sententias

141 1559 250 1599 omnes
268 1561 388 1622 semper
407 1539 589 1622 producere.
607 1538 689 1600 lllud
705 1540 743 1600 de
761 1537 911 1600 fratribus
926 1537 1180 1599 interlectoribus

141 1624 274 1687 fratrum
288 1626 393 1689 referri
407 1630 506 1709 possit
520 1628 560 1689 ad
569 1626 651 1688 bella
663 1627 784 1703 civilia,
797 1647 833 1688 ex
845 1629 1019 1688 imitatione
1031 1627 1182 1701 Lucretii,

142 1735 239 1797 quam
251 1718 285 1777 in
297 1719 379 1776 notis
390 1716 442 1776 1111
456 1715 538 1776 infra
550 1715 643 1778 dabo.

182 1803 250 1865 513.
269 1805 403 1866 Diversis
421 1806 603 1866 mortalium
623 1803 732 1866 studiis
753 1806 888 1887 opponit
910 1808 1038 1866 unicum
1057 1816 1180 1866 tantum

142 1892 279 1954 studium
295 1894 454 1976 agricolae,
471 1897 621 1956 nimirum
640 1893 732 1956 illum
749 1897 896 1977 occupari
909 1896 941 1954 in
956 1893 1072 1955 aranda
1086 1909 1116 1956 et
1128 1915 1181 1955 co·

142 1979 237 2040 lenda
255 1996 353 2041 terra:
373 1980 485 2042 deinde
499 1995 644 2044 numerat
659 1983 734 2058 late,
755 1996 832 2064 qupt
846 2003 883 2042 ex
896 1979 956 2043 boc
968 1983 1063 2043 unico
1078 1980 1182 2042 studio

141 2071 332 2148 proveniant
342 2067 441 2146 bona,
458 2083 522 2130 tam
534 2070 640 2146 utilia,
661 2091 756 2151 quam
766 2068 923 2152 jucunda:
939 2070 1003 2130 haec
1019 2071 1103 2130 enim
1118 2068 1182 2129 duo

143 2154 299 2216 bonorum
316 2177 428 2238 genera
447 2159 660 2237 potentissima
677 2174 752 2219 sunt
769 2159 807 2218 ad
827 2157 1006 2218 excitandos
1022 2157 1189 2232 hominem.

144 2255 175 2301 et
188 2245 268 2304 inter
279 2242 363 2304 bona
373 2242 514 2324 jucunda
525 2245 676 2307 admiscet
686 2248 781 2306 etiam
791 2245 912 2305 bonum
923 2243 1106 2319 honestum,
1119 2263 1182 2327 quo

145 2329 259 2390 fortior
270 2333 309 2391 sit
319 2335 476 2393 excitatio.

145 2538 346 2596 diuturnitatem
354 2543 645 2615 quandam3utlloster
689 2547 767 2600 cunei
781 2547 895 2598 formam
912 2543 1029 2608 redacti,
1046 2545 1092 2616 qui
1106 2541 1186 2612 oeten

146 2621 204 2672 AEu.
212 2623 238 2689 l,
246 2624 280 2693 93
289 2645 294 2674 :
304 2625 390 2676 Ponto
400 2643 452 2678 nox
461 2627 565 2678 incubat
573 2637 643 2691 atra,
688 2625 786 2678 Grecis
794 2625 901 2692 dicitur,
908 2637 934 2680 et
942 2627 987 2696 qui
995 2642 1049 2676 non
1054 2626 1185 2694 μιιουρίξιι,

148 2713 174 2752 et
188 2701 281 2755 Horat.
295 2702 347 2756 Od.
362 2705 387 2770 l,
404 2703 435 2767 3,
452 2724 520 2757 noua
530 2706 645 2778 febrium
689 2704 736 2758 sed
755 2725 772 2757 1
790 2718 865 2776 parte
883 2708 969 2777 prims
988 2706 1140 2778 angustiore
1158 2705 1187 2758 in

150 2781 232 2835 Terris
244 2783 360 2835 incubuit
371 2783 467 2838 colors.
688 2784 810 2837 latiorem
819 2785 943 2856 procedit
952 2805 959 2846 ;
968 2783 1115 2837 coneidisti
1125 2797 1187 2836 sunt

184 2859 244 2914 508.
256 2863 308 2914 Hic
320 2874 405 2934 stupet
416 2865 540 2918 attonitus
551 2866 643 2920 rustris.
688 2863 750 2916 loca
761 2866 789 2916 11
804 2864 925 2931 theatro,
944 2865 1039 2929 idest,
1056 2865 1188 2937 graduum

149 2939 269 3006 Scilicet,
282 2955 311 2993 ut
326 2944 382 3014 ipse
399 2947 588 3010 concionatum
603 2945 645 2998 vel
690 2942 814 3009 ordines,
826 2945 854 2996 in
869 2943 966 3014 quibus
978 2944 1071 3016 vulgus
1081 2955 1188 3012 specta-

150 3031 179 3068 11
197 3022 352 3073 concionem
372 3021 480 3087 audiat,
496 3037 523 3077 et
537 3027 646 3077 miretur
692 3035 780 3077 torum
789 3023 878 3076 stabat
888 3025 958 3076 inter
967 3023 1114 3076 sedentium
1127 3020 1190 3072 sub-

150 3109 271 3148 orantem
282 3116 313 3149 ex
330 3100 509 3170 suggestibus,
522 3119 579 3172 quse
592 3121 646 3155 ros·
690 3103 774 3155 sellia.

151 3176 366 3229 tradieebantur.
380 3177 422 3230 Sic
434 3180 558 3248 Quintius
568 3181 647 3253 Capi·
726 3180 786 3233 511.
810 3181 931 3233 Gaudent
946 3179 1045 3250 perfusi
1065 3180 1191 3253 sanguine

151 3256 263 3322 tolinus,
272 3258 299 3308 in
307 3255 394 3323 Livio,
407 3259 452 3310 lib.
464 3260 500 3310 111
507 3296 516 3323 ,
526 3279 585 3331 cap.
596 3261 645 3314 68:
685 3258 811 3330 fratrum.
822 3260 883 3310 llaec
893 3259 965 3308 Nota
975 3269 1033 3310 1111
1041 3259 1190 3310 versabitur

150 3335 251 3386 Haerete
261 3334 337 3408 affixi
348 3338 523 3403 concionibus,
536 3349 562 3390 et
572 3339 598 3389 in
603 3339 648 3410 fo·
692 3339 720 3389 iu
738 3340 886 3390 imitatione
901 3337 1062 3408 aperienda,
1077 3349 1102 3389 et
1116 3338 1190 3390 loco·

150 3433 177 3466 11
193 3415 277 3466 uiuite.
692 3435 752 3468 rum
773 3415 954 3469 similitudine.
976 3418 1046 3490 Ergo
1068 3416 1188 3470 Catullus

185 3493 647 3570 509.Percuneos(qerningtusenim)
693 3509 754 3548 ante
778 3497 922 3557 Nostrum
947 3495 1086 3568 Perfudere
1108 3516 1190 3549 monn

55 3579 60 3589 '
149 3573 438 3647 plebisquepatrumque
448 3578 584 3650 Corripuit.
597 3577 648 3629 Or·
686 3576 806 3648 fraterno
837 3577 961 3650 sanguine
986 3577 1089 3648 fratres.
1120 3578 1190 3630 Ante

153 3653 187 3705 do
209 3666 263 3716 est;
283 3655 412 3726 corripuit
428 3658 497 3708 euim
514 3657 586 3709 hunc
604 3677 647 3730 ge·
692 3656 979 3727 utrumquebucretius
989 3655 1035 3707 lib.
1045 3657 1092 3708 lll:
1105 3655 1189 3708 1811-

151 3735 264 3786 minatus
285 3752 333 3805 per
354 3752 452 3786 cuneos
474 3735 601 3807 plausus,
622 3747 649 3788 et
697 3739 796 3807 s'guius
813 3735 885 3788 civili
901 3753 956 3786 rem
973 3733 1105 3800 conflant,
1125 3735 1190 3787 dlvi-

151 3813 237 3884 plebis
249 3826 275 3866 et
290 3827 403 3884 patrum.
416 3816 485 3868 Serv.
498 3845 534 3856 -
542 3816 595 3868 Per
603 3836 647 3868 cu·
697 3838 707 3862 1
719 3818 821 3886 tiasque
833 3814 1031 3886 Conduplicant
1042 3814 1129 3882 avidi,
1141 3831 1190 3866 ce·

151 3910 216 3945 neos.
235 3893 283 3946 Vel
296 3913 311 3946 a
325 3895 412 3946 forma
427 3896 487 3966 ipsa
500 3897 578 3948 cunei
591 3897 648 3968 pri·
695 3895 777 3949 edem
787 3895 852 3949 cradi
865 3895 1079 3960 accumulantes,
1091 3893 1190 3946 Crude-
1225 3965 1227 3968 Ι

152 3988 210 4032 ma,
224 3973 265 4025 vel
277 3991 294 4024 a
306 3971 478 4027 similitudine
490 3975 569 4027 cunei
579 3976 649 4028 mili·
696 3976 754 4028 1111
770 3974 887 4046 gaudent
900 3977 928 4027 in
939 3975 1007 4026 tristi
1025 3975 1119 4024 funere
1135 3973 1190 4024 fra-

153 4051 231 4120 taris,
246 4049 298 4107 boc
315 4067 370 4124 est,
388 4053 509 4129 peditum
526 4053 601 4129 globi
619 4055 648 4110 iu
695 4055 794 4109 atris.»
809 4055 871 4108 Post
886 4071 977 4108 omues
997 4051 1122 4108 Manilius
1141 4049 1187 4106 lib.
