2918 4682
332 363 384 428 m
408 309 797 426 cnoncrconuu
815 360 912 444 aru.
938 363 986 428 11.
1117 371 1178 458 47,

127 487 201 547 sint
214 486 354 547 dimensa
377 485 484 546 omnia
498 480 624 564 paribus
638 484 792 557 numeris,
811 496 841 543 et
858 485 1027 546 intervallis
1041 489 1181 568 viarum,

131 589 173 634 ut
188 576 266 636 solet
280 597 343 636 esse
358 575 439 655 legio
454 571 590 632 militum
607 587 678 632 ante
693 573 889 649 conflictum,
905 574 1046 637 nondum
1061 593 1182 660 pertur-

130 663 218 725 batis
232 666 409 737 ordinibus,
423 662 476 724 sed
489 659 591 722 adbuc
603 661 703 722 dubio
716 665 825 722 lllarte.
842 665 876 723 ln
891 663 949 726 bac
963 670 1046 726 enim
1060 668 1182 749 legione

130 750 283 813 cohortes
295 753 461 814 bellissime
471 748 680 831 explicantur,
695 763 778 810 stant
790 753 915 831 agtrrina
931 768 1038 834 aperto
1054 776 1183 837 campo,

132 842 218 900 acies
238 842 379 914 directae,
396 838 486 902 tellus
501 841 602 900 omnis
615 838 760 914 lluctuat,
782 839 956 922 resplendet
972 842 1124 904 renidenti
1146 865 1181 904 ac

132 929 272 1012 fulgenti
285 953 344 996 aere
358 950 556 1002 mucronum,
571 928 752 1011 raspidum,
766 928 945 1003 tlroracum,
959 933 1128 1012 galearum.

178 1023 246 1082 285.
261 1022 370 1082 Reddit
382 1023 535 1081 rationem
548 1017 641 1099 hujus
652 1021 875 1100 speciositatis,
888 1041 957 1100 quae
969 1042 1033 1080 non
1045 1041 1183 1102 quaeren-

131 1108 191 1184 da,
211 1127 246 1171 ut
260 1115 382 1172 animus
398 1125 520 1170 tantum
536 1108 719 1184 delectetur,
742 1109 801 1170 lroc
816 1113 899 1170 enim
915 1112 1007 1172 inane
1019 1127 1113 1171 esset:
1130 1112 1185 1172 sed

134 1214 221 1274 tum,
244 1215 277 1260 ut
292 1217 371 1262 terra
387 1221 474 1280 teque
490 1201 647 1282 impertiat
662 1201 743 1258 vires
759 1221 828 1260 suas
842 1199 1026 1261 arboribus:
1048 1216 1128 1276 tum,
1149 1215 1186 1262 ut

101 1351 103 1356 .
133 1290 216 1346 rami
230 1289 286 1370 ipsi
300 1310 363 1348 sese
377 1287 550 1369 explicent,
566 1301 658 1368 atque
672 1287 840 1348 extendant
854 1290 884 1346 in
900 1309 1048 1362 vacuum,
1065 1291 1095 1348 in
1112 1309 1183 1370 spa·

132 1375 177 1432 tia
195 1374 247 1434 illa
261 1378 340 1435 atris
353 1376 460 1456 plena,
474 1397 544 1458 quae
556 1395 620 1436 esse
632 1376 776 1436 videntur
789 1377 910 1458 inania,
925 1391 955 1436 et
968 1397 1075 1435 vacua.

178 1463 246 1521 288.
259 1463 462 1523 Discriminat
478 1465 558 1523 inter
577 1464 669 1538 vites,
686 1478 716 1524 et
730 1463 874 1524 arbores:
891 1466 968 1524 vites
985 1464 1101 1522 debent
1114 1485 1185 1522 con-

133 1551 196 1609 seri
210 1553 241 1610 in
255 1554 360 1614 scrobe
370 1554 496 1634 exiguo,
509 1555 635 1614 arbores
648 1555 680 1612 in
693 1552 917 1636 profundiore:
931 1552 1003 1613 ideo
1014 1555 1092 1613 vites
1103 1576 1186 1614 com·

136 1638 305 1699 mittuntur
321 1655 458 1718 tantum,
485 1656 516 1700 et
534 1641 704 1702 creduntur
727 1657 837 1702 terrm:
859 1641 985 1701 arbores
1007 1640 1186 1723 deliguntur

137 1723 245 1801 altius,
258 1742 289 1786 et
301 1731 434 1809 penitus.

179 1835 246 1894 ²9¹·
257 1817 401 1877 Meminit
413 1821 504 1878 unius
515 1816 810 1899 aesculi,quaearbos
820 1816 970 1878 altissime
980 1818 1070 1878 debet
1081 1817 1186 1900 defigi,

137 1903 504 1983 etpoeticedilabiturad
514 1905 1186 1988 ejusarborisdescriptionem,quaequidcm

136 1990 311 2053 absolvitur
321 2010 457 2076 quatuor
466 1996 638 2077 capitibus,
649 1995 829 2071 altitudine,
842 1995 997 2068 firmitate,
1009 2009 1113 2070 aetate,
1123 2017 1187 2054 am-

137 2078 310 2160 plitudine:
324 2098 369 2145 est
381 2085 546 2162 altissima,
565 2107 639 2147 nam
655 2087 737 2146 etad
753 2085 866 2148 caelum
879 2107 911 2145 se
926 2084 1059 2160 attollit,
1073 2100 1103 2144 et
1118 2086 1187 2166 pari

139 2258 257 2308 sporum
270 2245 405 2317 complent
420 2247 484 2299 belli
497 2247 640 2300 simulacra
685 2245 809 2298 Retridere
821 2247 891 2299 enirn
907 2247 1047 2317 proprium
1060 2247 1118 2294 teris
1133 2255 1186 2312 est,

141 2339 151 2362 s
163 2319 277 2372 cientes:
291 2323 323 2373 Et
331 2326 430 2376 circum
444 2325 556 2378 volitant
567 2327 640 2395 equi·
687 2345 769 2396 quum
780 2325 891 2396 politum
900 2339 927 2376 et
935 2324 1078 2395 levigatum
1090 2324 1185 2374 fuerit:

141 2417 152 2440 ι
164 2409 216 2462 tes,
238 2400 394 2472 mediosque
414 2419 523 2475 repente
542 2405 641 2456 Trans·
687 2404 837 2474 cujusmodi
847 2423 903 2456 esse
914 2423 987 2456 arma
998 2403 1124 2455 decorum
1134 2413 1188 2468 est,

142 2477 271 2528 amittunt
283 2479 373 2532 valido
391 2484 540 2552 quatientes
557 2485 643 2553 impe·
688 2481 760 2554 quod
780 2503 796 2534 a
811 2485 922 2555 Vegetio
937 2484 1099 2554 praecipitur.
1119 2482 1189 2532 Nam

142 2567 189 2606 ute
202 2575 312 2630 campos
324 2583 330 2611 :
343 2561 443 2633 Fulgur
452 2563 490 2614 ibi
503 2562 537 2614 ad
551 2563 642 2614 celum
688 2577 714 2615 et
730 2563 849 2626 Servius,
856 2563 986 2640 fluctuat,
1007 2560 1129 2632 splendet
1145 2578 1188 2612 ex·

141 2655 153 2678 ι
164 2652 191 2685 se
203 2636 285 2704 tollit,
301 2653 410 2711 totaque
424 2643 525 2694 circum
535 2643 595 2695 AEre
604 2661 644 2694 re·
688 2644 779 2714 ponit,
793 2655 821 2694 ut
832 2643 866 2696 ab
877 2642 928 2694 lise
940 2643 1072 2694 sententia
1082 2658 1136 2691 non
1147 2657 1190 2692 re·

143 2713 274 2768 «nidescit
289 2718 381 2784 tellus,
395 2719 540 2794 subterque
556 2725 642 2774 virum
688 2721 774 2775 cedat.
793 2721 921 2789 Quamvis
938 2720 966 2773 id
984 2739 1032 2792 per
1048 2718 1189 2790 metapho-

144 2797 189 2846 uri
202 2797 308 2851 Excitus
324 2800 439 2872 pedibus
452 2807 569 2868 sonitus,
587 2803 642 2856 clu·
686 2821 743 2856 ram
750 2801 946 2874 potrusdictum
953 2800 1069 2866 videtur,
1076 2799 1189 2870 eoquod

143 2893 291 2948 «moreque
314 2895 417 2934 montes
439 2884 487 2934 leti
511 2887 641 2954 rejectant
686 2884 820 2934 instructa
839 2882 909 2932 acies
925 2878 1052 2932 fluctuum
1068 2881 1187 2930 marino-

144 2975 155 2997 «
165 2971 243 3006 voees
254 2957 288 3008 ad
299 2959 387 3012 sidera
398 2962 498 3014 muudi.
509 2987 520 3010 ι
531 2964 594 3016 Vult
604 2983 644 3014 an
688 2980 747 3012 rum
760 2964 844 3012 instar
856 2960 958 3010 mareri
970 2957 1102 3010 ridentur.
1113 2959 1189 3008 Reni-

141 3029 219 3082 bores
235 3048 296 3104 apte
309 3041 412 3106 pooiet
426 3043 493 3104 seri,
511 3041 546 3093 ad
558 3061 644 3094 exem·
689 3041 832 3105 deterere,
843 3040 965 3108 quamvis
974 3037 1046 3107 apud
1054 3036 1188 3089 Catullum

143 3108 214 3179 plum
226 3114 339 3179 militiae,
350 3119 377 3174 in
390 3137 444 3188 qua
454 3121 584 3189 manipuli
597 3135 643 3172 aut
689 3133 715 3170 et
732 3119 844 3169 Statium
859 3115 1088 3168 adblanditionem
1103 3133 1191 3186 qusn-

145 3187 265 3244 eolrortes
279 3195 330 3245 situ
343 3196 393 3246 isto
407 3196 550 3248 alternanti
564 3199 644 3268 expli·
688 3199 751 3248 dam
772 3196 921 3268 significare
943 3194 1065 3246 videatur
1083 3216 1089 3246 e
1117 3193 1190 3266 apud

145 3284 245 3324 cantur.
689 3277 828 3327 Horatium
839 3287 927 3325 tamen
939 3291 970 3324 eo
979 3272 1126 3344 significatu
1136 3273 1190 3326 dic·

181 3353 239 3404 282.
253 3356 315 3405 AEre
327 3356 454 3408 renidenti
467 3355 550 3409 tellus.
563 3357 605 3410 Sic
618 3371 644 3410 ct
690 3369 760 3419 tum,
771 3351 877 3424 quobic
889 3352 1013 3422 Virgilius
1022 3353 1118 3417 utitur,
1128 3353 1190 3404 Non

145 3430 232 3503 Eurip.
243 3435 269 3484 in
279 3433 406 3488 Plroeniss.
415 3434 567 3501 ωιάχωιοι
578 3438 643 3488 ἅπαν
689 3436 762 3498 ebur,
776 3452 858 3506 neque
868 3450 975 3484 aureum
986 3450 1042 3482 mea
1054 3431 1151 3484 renidet
1162 3433 1189 3482 in

146 3513 220 3567 mtto
236 3511 361 3580 depicto.
382 3519 416 3568 Ut
433 3532 520 3569 autem
527 3519 646 3594 fluctuat
689 3516 766 3566 domo
779 3513 895 3566 lacunar.

146 3591 206 3645 dixit
218 3613 279 3659 rere,
294 3598 331 3648 sic
344 3611 370 3649 et
381 3599 471 3670 Eurip.
484 3600 509 3649 in
522 3599 606 3670 lphig.
617 3599 645 3650 in
727 3593 1192 3664 288.Forsitauctscrobiburquoesiut

148 3674 223 3726 Taur.
244 3673 351 3744 ptam
369 3679 457 3744 sperati
474 3677 558 3730 dixit:
575 3691 601 3730 et
619 3680 646 3728 in
684 3675 899 3748 fastipiuuuuras
914 3672 1191 3743 Utetiamsuprsdixi-

145 3754 244 3823 llbeso,
265 3758 359 3826 opp'uoe
374 3761 427 3827 fisus
444 3757 536 3828 cpmo‘e·
557 3774 583 3812 et
598 3759 646 3812 Su·
691 3755 883 3821 mus,scrobes
894 3767 954 3806 sunt
965 3754 1102 3805 masculini
1113 3772 1191 3824 gene·

150 3835 234 3900 pbocl.
246 3837 644 3913 debostiliagmineindutigo.
692 3839 745 3888 ris:
765 3855 828 3888 uam
843 3834 937 3886 Cicero
955 3836 982 3886 in
1001 3835 1190 3886 ollconomicis

150 3929 184 3958 Μ
197 3915 253 3972 vob
271 3905 352 3970 ieidu'r
367 3921 445 3986 πολλῷ
461 3918 558 3988 industri
575 3939 647 3988 ηοσ-
692 3917 730 3968 sic
741 3915 806 3966 dicit
818 3936 823 3964 :
835 3928 860 3966 et
873 3915 979 3966 l'luutus
989 3915 1038 3976 uit,
1048 3915 1191 3984 Serapeum

151 3987 489 4064 ”tvtuiuumuestmqtc
497 3995 645 4066 ὑπεροπλίαις.
690 3999 792 4051 scrobes.
806 3998 896 4048 Minor
907 4008 994 4047 autem
1005 4009 1043 4046 est
1054 3995 1153 4044 Lucani
1163 4007 1190 4044 et

152 4066 180 4118 Et
201 4070 313 4142 AEsclryl.
334 4077 360 4126 in
379 4062 453 4140 iria3
470 4079 535 4142 κῦμα
551 4079 646 4144 τραποῦ.
692 4073 807 4128 Gracchi
823 4077 974 4126 auctoritas.
985 4073 1055 4134 lVam
1067 4073 1190 4124 Lucanus
