3000 4674
509 377 560 444 tlt
583 374 831 444 uotooltt
854 377 881 441 l.
1146 373 1208 442 233

177 500 271 578 lines,
286 500 394 562 videns
411 497 537 561 culmur
553 501 701 581 pauperis
718 501 835 580 tugurii
851 511 1033 580 congestum
1051 500 1213 582 accepite,

177 587 287 650 videns
301 608 396 670 regna
410 607 495 663 mes,
511 586 691 648 admirabor
704 607 790 647 raras
805 587 1025 649 tantummodo
1040 589 1150 648 aristae
1165 607 1214 646 es-

179 692 269 740 stsre.
284 676 416 754 Clarius:
434 697 596 758 uunquam
609 675 688 736 mihi
704 675 830 738 dabitur
843 673 918 754 hoc,
933 677 1016 758 quod
1026 676 1092 737 leve
1104 688 1164 751 est,
1179 689 1215 734 ut

178 779 288 846 postea
304 764 442 841 videam,
459 777 495 825 ut
510 777 618 846 postea
633 761 769 826 admirer
784 762 876 844 agelli
892 767 952 824 mei
966 761 1195 824 deformitatem
1205 783 1225 840 ι,

175 854 339 934 praesumit
351 851 510 926 videlicet,
525 871 688 934 nunquam
703 871 736 912 se
751 851 922 912 rediturum
938 851 977 910 ad
992 852 1111 931 patrios
1125 849 1215 924 fines,

178 938 219 1000 ad
231 942 404 1023 tugurium,
416 940 456 1000 ad
469 959 582 1022 regna:
598 960 634 1001 ac
646 937 776 1022 perinde
789 959 950 1022 nunquam
964 951 1070 1020 postea
1084 937 1218 996 admira-

176 1027 265 1088 bitur
275 1027 460 1089 ratiunculas
473 1028 593 1090 aristas.

218 1135 268 1196 7¹·
288 1117 444 1178 Sententia
462 1115 558 1178 trium
577 1133 721 1176 versuum
744 1112 943 1196 sequentium
964 1111 1067 1170 firmat
1087 1109 1218 1171 omnino

179 1200 414 1285 explicationem
438 1205 652 1286 superiorem:
683 1205 826 1285 queritur
848 1205 932 1263 enim
955 1213 1079 1283 pastor,
1110 1217 1219 1280 agrum

180 1310 274 1352 suum
285 1307 316 1352 et
327 1291 409 1354 culta
422 1292 547 1356 novalia
558 1291 763 1354 deformando
773 1293 812 1352 ab
823 1294 921 1374 impio
931 1289 1045 1366 milite,
1057 1308 1128 1349 suas
1137 1306 1221 1368 sege-

180 1391 227 1438 tes
239 1377 445 1440 devastandas
460 1399 476 1438 a
492 1376 645 1440 barbaro:
662 1381 747 1466 quod
764 1379 845 1444 nihil
859 1377 1020 1453 catulini,
1035 1396 1131 1460 quam
1145 1395 1221 1456 pau·

178 1487 233 1530 eas
242 1469 350 1530 aristas
360 1467 574 1550 superfuturas
584 1491 591 1529 ι
601 1489 690 1544 nam,
701 1491 800 1551 quum
810 1469 1018 1550 milea„quum
1027 1463 1178 1528 barbarus
1188 1465 1221 1522 in

178 1577 257 1638 agro
275 1556 493 1634 dominentur,
512 1557 589 1641 quid
608 1559 819 1642 sperandum?
837 1561 926 1621 Hanc
945 1573 1065 1620 tautam
1086 1556 1151 1636 agri
1172 1554 1221 1612 sui

181 1641 1222 1729 vastitatemconjicitinbellacivilia‚etdiscordiam‚quoperduxit

180 1731 370 1815 cinctusque
384 1731 422 1792 acl
435 1746 589 1795 extremos
601 1733 814 1797 calamitatum
829 1736 988 1797 terminos.

217 1870 258 1924 7⁰·
276 1853 339 1906 Mea
353 1874 440 1930 regna.
459 1857 539 1925 Quod
555 1858 620 1912 mihi
636 1873 677 1914 est
721 1863 822 1915 lsucsn.
837 1862 878 1928 X,
897 1861 964 1930 407:
982 1855 1068 1910 Nulla
1081 1853 1150 1910 sulm
1162 1853 1221 1925 pie·

180 1935 264 1988 instar
272 1937 360 2007 regnu
371 1955 421 2008 pro
429 1939 530 1990 effectu
537 1941 606 1992 enim
616 1959 677 2012 pos·
723 1951 813 2014 tueque
821 1939 937 2014 uirisqui
943 1949 1026 1992 castra
1033 1945 1185 2010 sequuntur.
1195 1934 1220 1984 S.

179 2011 289 2066 sidentis
314 2015 515 2088 intelligendum
540 2032 588 2071 est.
617 2020 676 2074 lluc
720 2021 886 2077 -ttouauu
903 2017 1013 2070 Navalia
1030 2015 1131 2068 Latinis
1149 2011 1221 2064 dicta

179 2092 274 2145 alludit
289 2093 469 2162 Quintilianus
483 2097 511 2154 in
526 2097 674 2151 Declsmst.
720 2113 760 2154 est
776 2112 848 2154 terra
866 2100 982 2171 primum
1000 2097 1150 2168 proscissa,
1167 2091 1221 2145 hoo

178 2173 320 2244 Pauperis:
333 2174 392 2226 1100
403 2174 619 2247 miliparvulum
627 2187 678 2230 ter·
721 2181 874 2252 sst,prima
884 2177 1184 2232 arationemota.Va1-ro
1195 2173 1221 2238 t,

178 2268 233 2315 res,
253 2261 279 2302 et
300 2249 410 2306 humilis
430 2252 531 2325 tupurii
553 2255 677 2308 nortuum
723 2275 770 2328 29,
788 2255 1018 2328 dicendamputst
1032 2258 1148 2326 aprima
1164 2270 1224 2303 m·

179 2329 284 2382 culmen
295 2332 632 2404 equitasauimiREGNA
640 2334 679 2402 fs·
721 2339 810 2403 none,
827 2337 914 2390 donec
933 2347 1054 2388 movetur
1069 2349 1161 2385 rursus
1176 2348 1220 2382 se·

179 2421 267 2472 serut,·
286 2411 400 2484 satisque
425 2411 579 2464 diuitiarum
602 2425 676 2479 erat,
722 2416 820 2470 cundu
833 2416 910 2470 Certe
927 2417 1004 2468 toties
1020 2424 1135 2465 novatur
1150 2423 1222 2463 terra

181 2487 253 2540 nitu
271 2487 387 2560 amplisu
405 2489 480 2544 uelle.
500 2491 539 2546 ltu
557 2491 605 2546 Ge.
624 2493 677 2545 111:
723 2496 948 2567 quindenarum,
965 2484 1221 2565 quassarentur,

182 2567 681 2642 Taunurepuissxcessitauitis.-Post
723 2574 764 2628 uel
776 2569 830 2628 nris
846 2585 942 2626 vocant
957 2591 1007 2645 per
1018 2589 1097 2626 omns
1112 2567 1140 2621 id
1156 2580 1221 2620 tem·

134 2709 137 2716 Δ
179 2651 284 2716 erutas,
295 2649 349 2702 sid.
359 2649 413 2704 vol.
427 2651 452 2712 l;
465 2671 493 2724 p·
507 2653 617 2724 87ruot.
631 2671 678 2722 7⁰³
721 2671 786 2727 pus,
796 2673 850 2727 quo
860 2655 970 2708 vertitur
979 2663 1006 2705 st
1017 2662 1122 2716 aratur,
1134 2647 1221 2702 donec

180 2739 206 2782 et
228 2727 266 2782 Cl.
283 2729 389 2796 Potisr,
406 2730 517 2784 llsrmes
532 2731 679 2801 Classicus,
723 2747 887 2788 conseratur.
897 2733 1003 2787 Servius
1012 2731 1121 2803 exponit
1131 2729 1222 2782 Noua-

179 2827 208 2880 p.
226 2809 275 2876 35,
291 2823 318 2863 et
334 2827 409 2882 seqq.
428 2813 474 2884 qni
490 2813 592 2886 ileynio
611 2831 678 2866 cou-
723 2812 779 2882 lia,
796 2833 862 2867 noua
880 2830 957 2878 rura,
971 2829 1030 2884 quoe
1043 2805 1222 2882 persingulas

181 2888 463 2958 stantsrnclversatus,
473 2908 579 2944 sensum
590 2907 678 2946 tumen
722 2911 804 2947 annos
816 2902 950 2946 nouantur
956 2889 1127 2964 perseminar
1139 2891 1220 2941 immo

181 2967 307 3039 relinquit
327 2968 439 3022 arbitrio
459 2969 594 3038 lectoris,
617 2987 678 3044 post
722 2972 892 3026 arationibus·
908 2970 1036 3038 Quamvis
1051 2987 1085 3021 ns
1096 2967 1149 3021 hoe
1161 2969 1220 3039 qui-

180 3047 311 3117 lispniusn
321 3045 413 3102 durius
422 3049 589 3123 objurgatum
598 3069 680 3122 prop·
725 3051 787 3104 dem
798 3069 889 3103 verum
901 3051 942 3100 sit,
957 3049 1013 3100 Nec
1027 3048 1098 3101 enim
1110 3057 1222 3118 quotan-

182 3127 640 3200 isrnotsminversnmsequsutem.
722 3133 764 3182 nis
776 3143 886 3182 arantur
901 3127 1026 3192 novalia,
1042 3139 1073 3178 ut
1088 3143 1137 3178 nee
1156 3143 1222 3196 quo·

217 3221 259 3273 7¹·
273 3204 376 3276 Impius
387 3205 469 3261 miles.
482 3210 622 3280 Proprium
631 3211 679 3264 mi·
722 3212 811 3262 munis
829 3221 970 3270 seruutnr3
989 3207 1098 3259 alternis
1120 3206 1221 3277 quippe

180 3282 235 3335 litis
255 3281 402 3354 epitheton.
429 3287 515 3340 iratus
538 3287 678 3344 Meliboeus
724 3299 837 3342 cessant.
850 3288 913 3339 llssc
924 3285 1067 3338 Salmasius
1081 3301 1141 3356 pap.
1156 3281 1221 3353 730,

180 3364 293 3435 impium
310 3362 421 3416 militem
439 3363 522 3434 dicit,
539 3383 585 3418 seu
605 3367 678 3436 qnod
724 3367 789 3438 731,
812 3383 892 3437 quem
909 3364 1016 3418 uberius
1041 3362 1222 3434 disputantem

181 3461 274 3514 agrurn
288 3455 481 3497 suumteneatz
495 3461 542 3496 seu
555 3443 628 3516 quod
639 3447 678 3497 ei·
723 3447 804 3502 adeas
823 3462 910 3516 operte
928 3454 976 3496 est.
996 3440 1101 3496 Nouate
1120 3453 1173 3508 est,
1192 3455 1222 3495 ut

179 3521 232 3586 sile
244 3522 355 3593 gesserit
366 3520 482 3588 bellum,
501 3525 546 3595 qui
560 3543 610 3596 pro
624 3525 679 3578 An-
723 3527 789 3580 Plin.
802 3525 900 3590 xtuli,
916 3541 961 3594 19:
974 3523 1046 3596 quod
1055 3519 1163 3575 alteruis
1170 3541 1222 3575 ars·

179 3601 257 3652 tonio
281 3617 353 3651 nrma
374 3603 511 3672 portavit,
542 3605 588 3675 qui
609 3604 678 3662 bellu
724 3604 764 3660 nis
772 3604 874 3658 seritur.
885 3603 987 3657 Dicitur
995 3601 1113 3670 novalis,
1126 3620 1223 3674 nemps

180 3681 271 3738 civilis
287 3681 377 3754 gessit.
396 3683 446 3734 llio
467 3683 535 3736 lesit
554 3685 679 3758 Virgilius
725 3697 812 3746 terra;
831 3681 941 3749 novale,
957 3699 1053 3754 nempe
1071 3679 1173 3744 solum;
1191 3695 1222 3734 ut

178 3761 356 3814 Octavianum
364 3760 530 3832 Augustum,
542 3777 629 3842 tamen
640 3785 682 3820 ee·
724 3767 812 3820 sanct.
831 3763 851 3817 l.
869 3765 916 3830 lv,
935 3782 963 3835 p.
982 3762 1096 3830 341‚st
1114 3761 1175 3828 346.
1195 3773 1222 3816 et

181 3853 259 3892 cutus
281 3851 321 3892 est
342 3842 491 3896 veritatem.
512 3843 582 3896 Dum
604 3844 680 3898 miles
725 3847 831 3900 Servius
850 3843 885 3896 atl
907 3843 993 3910 teet,
1015 3859 1044 3912 7¹
1059 3863 1065 3892 ι
1083 3840 1223 3894 «Alternis

179 3919 317 3990 portando
339 3938 430 3986 mma,
448 3923 512 3976 vicit
532 3923 613 3990 ulios,
630 3927 679 3977 im·
724 3925 796 3978 idem
807 3937 898 3976 tonsus
908 3919 1162 3976 caesareumrhe-

181 4001 242 4070 pius
251 3999 372 4052 nocendo
380 4000 468 4054 (lictus
477 4015 524 4054 est.
535 4004 680 4076 -Impius
758 4021 800 4074 72.
818 4002 862 4055 En
880 4021 933 4076 quo
944 4001 1072 4056 discordia
1083 3997 1156 4052 ciuis.
1174 3998 1223 4050 Pa·

182 4075 263 4135 ntiles.
279 4079 336 4132 lloc
347 4081 424 4136 titulo
435 4081 545 4155 dignus,
558 4085 636 4159 quia,
648 4097 678 4138 nt
723 4086 761 4142 cis
773 4096 894 4160 tempore
910 4095 937 4136 et
953 4093 1094 4138 sementem
1111 4089 1138 4141 et
1153 4095 1222 4134 met·
