2918 4682
286 425 349 508 452
617 416 1004 484 oouuuurtart

324 544 372 629 74.
385 541 528 625 Explicat
541 543 696 625 primum,
708 562 778 625 que
791 543 831 602 sit
844 541 1032 617 inoculatio;
1045 541 1099 604 sed
1109 543 1167 625 ego
1178 546 1356 626 premitto

286 637 368 697 duo:
396 635 425 692 1⁰
445 633 550 692 tunica
568 634 601 692 in
622 630 790 692 arboribus
809 647 857 692 est
871 633 980 692 cadem
994 652 1065 693 cum
1081 631 1182 694 libro:
1205 649 1255 694 est
1272 654 1357 694 vero

282 725 373 798 liber,
383 735 486 782 cortex
496 719 550 781 ille
562 723 694 780 interior
705 721 763 801 ipsi
774 720 861 802 ligno
874 719 1048 782 adhaerens:
1060 720 1135 780 inde
1145 719 1221 782 libri
1232 721 1355 804 appel·

284 815 356 889 lati,
380 813 454 893 quia
478 809 592 870 confici
615 810 698 872 soliti
720 832 757 871 ex
778 810 929 872 tuniculis
951 811 1153 872 interioribus
1178 812 1353 872 arborum.

284 905 318 965 2⁰
332 901 455 975 Nodos,
470 919 611 982 gemma,
630 897 755 974 oculus,
775 919 918 979 germen,
932 900 1041 960 eadem
1056 920 1123 960 res:
1139 899 1354 980 protulerant

283 997 343 1055 ista
356 995 459 1073 primo
473 1011 542 1050 vere
555 1011 590 1050 ex
604 991 676 1072 ipso
689 991 818 1051 cortice.
838 992 921 1072 Ergo
937 993 997 1066 ait,
1017 1013 1077 1070 qua
1089 1009 1222 1071 gemme}
1236 1009 1353 1048 erum·

282 1095 367 1165 punt
383 1101 418 1139 ex
441 1080 558 1138 cortice
581 1078 681 1158 ruptis
701 1075 868 1151 tuniculis,
890 1079 922 1135 in
945 1079 1079 1158 ipsomet
1099 1076 1202 1161 nodo,
1221 1075 1256 1135 id
1278 1089 1352 1150 est,

283 1172 340 1231 ubi
353 1185 400 1231 est
415 1171 548 1250 ipsamet
562 1187 700 1248 gemma,
715 1165 828 1228 debere
844 1165 909 1226 fieri
926 1168 1049 1242 sinum,
1064 1180 1095 1227 et
1110 1170 1277 1228 cavitatem
1289 1169 1300 1246 (
1310 1165 1354 1224 fit

284 1259 352 1320 haec
365 1257 472 1318 avulsa
486 1277 610 1338 gemme
625 1270 656 1316 et
670 1257 783 1316 cortice
796 1275 833 1315 ex
846 1253 958 1314 arbore
970 1269 1072 1316 vetere
1085 1256 1118 1314 in
1132 1253 1264 1315 modum
1276 1274 1352 1314 scu—

286 1346 360 1422 tuli,
382 1358 438 1405 aut
460 1343 558 1418 oculi,
583 1356 616 1402 ut
638 1358 765 1426 paretur
786 1342 987 1404 domicilium
1009 1341 1187 1403 advenienti
1205 1343 1350 1422 germini

285 1436 415 1496 alterius
428 1433 577 1511 arboris).
593 1433 628 1492 ln
644 1454 713 1493 eam
728 1433 835 1514 itaque
849 1431 1030 1492 includatur
1044 1453 1171 1514 germen
1186 1429 1350 1490 alterum:

285 1547 359 1586 nam
371 1524 434 1584 hoc
447 1521 541 1582 debet
555 1521 732 1595 succedere,
746 1537 780 1582 ut
792 1542 857 1582 una
868 1524 1009 1583 insutum
1020 1535 1052 1582 et
1063 1525 1212 1582 insertum
1226 1519 1352 1580 coales-

285 1628 336 1676 cat
348 1634 418 1674 cum
435 1609 518 1671 libro
531 1627 643 1671 vetere.
658 1613 758 1671 Vocat
769 1631 842 1671 vero
859 1610 912 1672 hic
929 1610 1046 1671 librum
1063 1611 1155 1672 ιιάιιηι
1169 1631 1205 1670 ex
1218 1629 1350 1668 summa

286 1703 417 1787 peritia:
431 1721 501 1760 narn
515 1701 590 1759 artis
601 1699 695 1780 hujus
706 1701 903 1760 scientissimi
914 1714 1090 1782 exspectare
1100 1697 1202 1759 solent
1212 1695 1250 1756 ad
1263 1695 1350 1756 hanc

287 1793 470 1853 insitionem
484 1803 609 1870 tempus
623 1787 718 1865 illud,
732 1811 795 1871 quo
808 1789 923 1850 sudent
935 1789 1063 1850 arbores
1076 1811 1082 1848 :
1098 1805 1173 1848 tunc
1184 1788 1272 1847 enirn
1284 1807 1351 1844 me·

286 1880 347 1940 lius
368 1875 532 1959 expellunt
551 1877 742 1953 tuniculam,
764 1878 917 1939 stlocum
937 1876 1083 1960 praebent
1100 1876 1234 1936 venienti
1248 1887 1281 1933 et
1298 1875 1351 1933 in·

289 1967 409 2029 suendo
423 1967 568 2047 germini.
652 1977 656 1992 ¹

326 2057 375 2138 78.
395 2057 542 2136 Sequitur
559 2055 686 2128 insitio,
705 2077 775 2136 quae
792 2057 876 2118 clara
894 2079 930 2118 ex
945 2058 1047 2118 verbis
1061 2071 1175 2140 poetae.
1193 2057 1348 2116 secentur

280 2145 408 2230 trunci,
421 2163 486 2202 non
500 2161 563 2223 qua
575 2157 623 2202 est
635 2143 738 2204 nodus
750 2145 821 2205 ille:
835 2166 910 2206 nam
923 2147 961 2206 ad
975 2147 1156 2206 insitionem
1168 2142 1251 2203 hanc
1262 2140 1350 2202 nihil

289 2229 351 2293 hoc
365 2233 511 2292 interest:
527 2231 606 2313 quin
621 2233 647 2292 si
660 2253 757 2313 opus,
772 2232 912 2294 findatur
925 2237 976 2294 via
991 2236 1098 2294 cuneis
1112 2253 1212 2314 usque
1224 2229 1264 2290 ad
1279 2251 1350 2290 me-

290 2393 794 2468 quodetoculosimponere:quarm
840 2397 943 2450 arboris
965 2395 1038 2448 nodo
1060 2409 1218 2468 gemmaque
1238 2391 1349 2444 facien·

288 2494 378 2529 rerum
388 2473 578 2527 discretionem
587 2473 641 2528 hoc
651 2475 712 2528 loco
722 2494 795 2528 com·
839 2477 903 2528 dum
915 2489 1037 2541 moneat,
1053 2493 1133 2547 quem
1143 2490 1207 2538 nos,
1220 2473 1292 2524 inira
1300 2471 1347 2522 vel

288 2568 430 2608 memorat.
442 2555 605 2608 Seru-De
616 2557 795 2621 insitione,et
839 2572 919 2628 supra
947 2555 1049 2608 nodum
1073 2557 1101 2606 in
1129 2553 1236 2604 corticis
1266 2563 1348 2622 parte

289 2633 427 2706 quomodo
438 2635 471 2685 sit
480 2635 601 2699 inventa,
614 2634 668 2686 vid.
680 2635 794 2688 Plinium
838 2638 952 2689 maxime
966 2650 1039 2688 tersa
1051 2653 1083 2686 ec
1097 2632 1184 2685 nitida
1199 2633 1347 2704 aperimus.

288 2715 382 2779 xvtt,
412 2713 451 2778 ¹¹l·
475 2712 616 2784 Duplicem
641 2715 792 2766 insitionem
875 2717 918 2786 74.
931 2715 1061 2767 deunt.
1074 2712 1245 2786 Propellunt,
1258 2725 1285 2765 et
1296 2714 1350 2783 eji-

289 2793 428 2846 constituit
451 2792 553 2853 Poeta;
578 2791 663 2844 altera
684 2795 793 2864 proprie
840 2795 1104 2848 ciunt-Gemmas.
1117 2793 1197 2845 Oculi
1212 2806 1239 2846 et
1255 2806 1347 2844 tumo-

287 2884 401 2926 vocatur
412 2871 519 2936 insitio,
529 2881 642 2922 enter-en
651 2872 795 2944 preffe5al-
840 2875 992 2946 respersi,
1012 2874 1058 2946 qui
1075 2875 1208 2945 incipiunt
1228 2875 1300 2926 exire
1319 2889 1348 2926 et

288 2967 347 3006 tere
363 2950 527 3016 inoculatio,
537 2961 615 3002 enter
627 2969 660 3002 en
673 2953 792 3004 dcussom
841 2953 975 3026 pullulare
994 2967 1115 3024 ternpore
1131 2955 1209 3006 reris.
1227 2953 1270 3006 Sic
1286 2953 1346 3006 Ecl.

289 3034 381 3086 insitio
394 3043 449 3096 est,
463 3048 545 3100 quum
558 3029 646 3082 medio
661 3030 734 3102 ligno
752 3049 795 3082 ar·
838 3035 946 3104 V11,47
958 3037 1031 3107 :jam
1044 3035 1115 3086 venit
1130 3043 1202 3086 estas
1217 3033 1346 3087 Ten-ida.-

288 3114 364 3167 boris
385 3109 447 3162 lisso
471 3110 597 3162 inseritur
614 3109 755 3175 surculus,
777 3128 794 3162 a
831 3117 892 3187 jam
907 3115 966 3166 loeto
983 3124 1087 3186 turpent
1102 3114 1129 3164 in
1145 3113 1256 3185 palmite
1269 3132 1347 3187 pem-

288 3195 388 3248 Graecis
401 3187 645 3258 dicituripzirrpaeu
656 3213 661 3242 ι
673 3191 795 3244 inocula·
838 3213 896 3247 Μ.
910 3196 944 3249 Et
958 3206 1030 3246 recte
1044 3213 1160 3267 pemmas
1176 3194 1278 3246 trudere
1292 3215 1346 3266 pro

288 3279 338 3341 tio,
350 3293 408 3346 quae
422 3273 455 3325 ab
469 3272 563 3325 iisdem
577 3271 677 3324 dicitur
687 3271 795 3332 nosset-
838 3276 967 3340 mittere,
981 3275 1079 3326 Noster
1095 3274 1142 3326 Ge.
1156 3276 1196 3338 ll,
1211 3273 1262 3328 335
1274 3297 1280 3326 :
1294 3277 1347 3327 Sed

285 3351 388 3423 μιομός,
406 3366 462 3420 est,
478 3371 559 3424 quum
576 3371 686 3424 gemmeo
702 3371 796 3404 surcu-
839 3355 922 3407 trudit
931 3373 1060 3428 pemmas,
1073 3367 1100 3407 et
1108 3354 1219 3426 frondes
1231 3353 1348 3427 explicet

287 3437 387 3500 lorum,
395 3436 455 3486 sinu
464 3435 591 3484 corticem
603 3435 673 3485 inter
683 3447 710 3484 et
722 3445 795 3484 trun·
840 3453 936 3488 omnes.
948 3435 1034 3488 Erum.

290 3535 351 3568 cnm
365 3511 795 3585 apertoincluduntur:nonnulli
877 3517 919 3585 78.
943 3515 1000 3566 Aut
1019 3533 1119 3567 rursum
1139 3514 1239 3566 enodes.
1257 3513 1346 3566 Miror

289 3597 397 3646 tertium
411 3608 495 3663 genus
507 3589 627 3653 addunt;
641 3591 742 3644 scilicet
757 3591 797 3658 iu·
840 3594 1032 3668 Philerpyrium
1043 3593 1146 3660 dicere,
1155 3591 1290 3646 sirenum
1300 3611 1347 3646 va·

290 3672 418 3741 φυλιομὸν,
433 3669 695 3742 emplastrationem‚
713 3692 795 3743 quom
840 3693 915 3737 care;
926 3677 1071 3745 presertim
1082 3675 1110 3725 in
1120 3673 1174 3734 hoc
1181 3676 1278 3726 Poeta:
1291 3693 1346 3724 mn

290 3752 395 3807 sublata
408 3747 485 3820 parte
496 3751 618 3813 corticis,
628 3749 707 3819 hujus
717 3753 745 3802 in
755 3752 796 3804 lo·
838 3772 911 3818 sum,
925 3753 1012 3820 valet,
1026 3754 1145 3808 secundo
1155 3753 1234 3820 loeo,
1248 3753 1291 3807 rel
1302 3772 1345 3808 se·

290 3853 353 3888 cum
373 3831 543 3884 substituitur
563 3827 671 3881 alterius
691 3831 794 3885 arboris
840 3833 929 3886 cundo
946 3834 1044 3898 modo;
1062 3833 1104 3887 vel
1124 3852 1223 3899 rursm,
1242 3833 1345 3900 idest,

290 3933 412 3990 gemma,
433 3911 492 3982 pari
513 3911 714 3981 magnitudine,
734 3932 793 3984 quaa
840 3913 924 3968 aliter.
936 3915 1180 3968 cente-Enetos.
1192 3912 1221 3966 ld
1232 3928 1286 3979 est,
1297 3933 1347 3966 no-

291 3995 390 4049 sublati
413 3990 521 4044 corticis
542 3992 658 4061 spatium
679 3992 792 4063 repleat.
840 3994 880 4046 dis
893 4007 1020 4048 carentes.
1032 3994 1150 4047 SiePlin.
1161 3994 1257 4059 xlta:
1269 3995 1347 4064 Quod

291 4081 322 4130 ln
338 4075 390 4126 hoc
406 4072 491 4124 nostri
507 4069 628 4122 homines
646 4090 662 4124 a
680 4073 793 4143 Virgilio
838 4076 944 4142 melius,
955 4077 1102 4140 arboreum,
1115 4074 1345 4128 truneoenodieet

292 4155 447 4217 discedunt,
460 4149 587 4224 quoditie
599 4153 723 4204 sinumin
733 4155 793 4224 ipso
840 4176 864 4208 c.
879 4156 925 4223 14:
939 4157 1036 4227 Quibus
1046 4157 1219 4229 credipotest,
1233 4167 1344 4207 matrem
