2918 4682
351 387 401 451 1n
426 381 817 449 cnonctconuu
841 385 934 449 mn.
960 387 1007 450 11.
1139 385 1201 477 469

156 510 287 594 tophus,
306 523 390 570 creta
406 504 565 590 probanda
581 527 646 565 non
661 521 749 580 sunt3
771 527 834 566 non
851 507 969 587 glarea,
991 511 1064 589 quia
1076 511 1202 591 jejuna,

158 600 190 658 id
203 614 261 672 est,
273 596 457 670 infecunda,
471 597 639 676 proesertim
652 596 677 653 si
690 595 730 654 sit
743 596 774 653 in
789 594 886 670 clivo,
902 597 953 655 ubi
967 596 1082 656 humor
1094 603 1203 680 nequit

157 689 337 760 consistere,
356 697 386 745 et
400 701 469 764 quae
484 703 546 764 pras
562 684 711 743 tenuitate
729 685 781 742 vix
795 682 856 743 fert
871 685 984 744 casiam
1002 686 1130 768 apibus,
1151 688 1202 744 vix

158 793 273 848 rorem,
288 796 351 835 non
364 773 496 856 tophus,
511 773 584 852 quia
599 769 651 830 hic
662 771 769 832 scaber
781 787 839 846 est3
857 795 921 833 non
934 789 1031 850 creta,
1053 777 1124 856 quia
1138 773 1203 836 haec

157 863 260 942 aptior
277 863 382 943 potius
402 859 440 919 ad
460 859 646 942 chelydros:
670 875 702 920 et
724 862 778 942 qui
799 881 903 920 rerum
923 875 1066 922 naturam
1085 864 1203 937 sciunt,

157 963 274 1030 negant
285 950 363 1009 alios
376 969 466 1030 agros
480 968 568 1030 reque
583 960 673 1028 aptos
687 968 752 1007 esse
766 948 803 1008 ed
821 947 1028 1030 proferendos
1041 948 1127 1010 cibos
1141 971 1203 1010 ser·

158 1036 321 1115 pentibus,
342 1035 381 1096 ad
401 1034 584 1119 praebendas
602 1033 663 1094 illis
680 1035 832 1096 latebras:
849 1036 879 1094 id
897 1052 957 1110 est,
976 1035 1135 1096 affirmant
1147 1050 1205 1096 ter·

157 1143 241 1201 ram,
254 1125 454 1204 tophaceam,
468 1138 637 1197 cretosam,
649 1125 841 1206 aptissimam
854 1145 917 1184 esse
931 1124 1134 1204 serpentibus.

197 1231 265 1294 217.
276 1214 511 1274 Discrimiuavit
519 1211 667 1273 hactenus
676 1227 788 1286 terras,
798 1232 869 1294 quae
878 1215 1009 1273 seorsim
1018 1232 1033 1270 a
1038 1225 1098 1292 ptae
1107 1223 1207 1272 essent

157 1298 297 1374 olivetis,
312 1303 439 1377 vinetis,
459 1304 597 1381 pascuis,
615 1300 797 1362 frumentis:
813 1323 896 1362 nunc
908 1300 1100 1381 conjunctim
1116 1303 1207 1382 ponit

157 1386 274 1448 indicia
284 1402 419 1470 quatuor
430 1404 519 1449 terrae
533 1389 632 1463 illius,
646 1411 715 1470 quae
728 1405 800 1472 apta
815 1409 941 1472 quoque
955 1388 994 1448 ad
1004 1410 1038 1448 ea
1051 1401 1204 1470 quatuor:

156 1477 265 1556 itaque
282 1479 339 1550 ait3
359 1498 428 1558 quae
445 1476 568 1538 exhalat
583 1475 748 1552 nebulam,
768 1494 799 1538 et
815 1479 936 1551 fumos3
956 1497 1025 1558 quae
1040 1476 1204 1536 humorem

155 1688 204 1740 bae.
220 1691 288 1745 Vide
306 1693 395 1768 Eclog.
414 1697 452 1762 ll,
470 1695 512 1764 49.
524 1728 557 1735 -
567 1699 658 1748 liorem
705 1708 767 1748 teat.
784 1697 883 1748 Lucan.
896 1693 1020 1763 tractique
1032 1691 1073 1742 via
1081 1689 1207 1760 fumante

155 1768 279 1838 Servius,
296 1774 487 1848 Philargyrius,
504 1789 531 1827 et
547 1778 660 1847 Pompo·
703 1775 819 1846 chelydri
828 1797 837 1836 ‚-
857 1793 919 1826 narn
939 1790 993 1844 qua
1014 1781 1142 1841 serpunt,
1163 1769 1207 1819 lu-

155 1852 215 1902 nius
231 1852 265 1904 de
284 1873 345 1908 rore
363 1858 466 1908 marino
488 1856 657 1928 intelligunt,
703 1873 776 1906 ruunt
788 1856 920 1908 emittunt.
938 1850 1046 1902 Taubm.

155 1929 238 2001 idque
251 1935 330 2002 jure:
348 1954 410 1988 narn
425 1935 499 2006 quod
515 1937 657 1990 Bemmaris
740 1935 799 1986 215.
811 1935 923 2004 Nepont.
942 1928 1078 1982 Nicander
1094 1939 1120 1979 et
1137 1925 1207 1978 Soli·

156 2023 182 2062 st
203 2011 356 2065 Taubmarsn
377 2016 527 2080 somnient,
549 2015 578 2066 id
596 2033 657 2066 ver·
702 2031 769 2080 nus,
782 2012 872 2085 quide
884 2011 927 2062 bis
940 2008 1019 2062 rebus
1032 2009 1205 2078 scripserunt.

155 2087 220 2140 bum
239 2092 273 2144 de
295 2111 355 2145 rore
375 2093 561 2164 accipiendum
580 2113 656 2158 esse,
701 2095 772 2146 Serv.
788 2121 822 2132 -
836 2090 956 2142 Dulcm.
971 2088 1046 2140 Ordo
1063 2100 1119 2151 est,
1136 2102 1208 2158 oeque

154 2171 351 2239 perabsurdum
365 2186 404 2224 est
419 2196 424 2224 :
442 2175 569 2244 qrtaeritur
585 2175 657 2224 enirn
701 2165 1207 2236 dulcem,lrocest,tamdulcemcibum.

157 2253 293 2319 quomodo
304 2271 348 2304 ros
358 2256 441 2306 macri
451 2252 499 2304 soli
509 2265 577 2304 esset
588 2252 658 2303 indi·
702 2250 944 2303 -Nocivisherbis
952 2250 1084 2320 praecipue
1090 2247 1208 2320 gaudent

156 2331 235 2382 cium.
255 2334 428 2386 llosmsriuus
445 2335 550 2384 coronis
568 2332 657 2384 frutex
702 2327 1209 2402 serpentes:AEn.ll,4715maloprami-

156 2411 325 2478 aptissimus,
344 2411 425 2465 habet
447 2415 541 2483 exiguo
560 2424 656 2464 trunco
703 2431 757 2462 na:
775 2409 915 2480 prevaluit
928 2420 1017 2459 tamen
1034 2406 1207 2458 llebraeorum

155 2507 280 2561 magnam
301 2491 426 2544 foliorum
446 2494 565 2562 copiam,
585 2492 656 2542 etin
702 2489 769 2541 falsa
782 2490 1035 2560 opiuio,serpentcs
1048 2499 1119 2536 terra
1126 2485 1207 2534 vesci.

155 2568 269 2622 exilibus
290 2573 374 2643 agris,
397 2573 464 2624 locis
486 2570 601 2642 putridis
625 2588 657 2621 sc
702 2568 786 2640 Geop.
800 2570 863 2630 Vll,
885 2585 943 2618 ια...
957 2563 1037 2636 Apud
1049 2563 1142 2616 Silium
1154 2564 1209 2614 lte-

157 2650 253 2700 macris
270 2653 404 2714 nascitur;
420 2651 485 2703 lolia
499 2650 616 2722 oblonga
630 2663 656 2702 et
702 2647 783 2700 licum
802 2649 888 2711 XVII,
905 2646 974 2715 449,
994 2643 1130 2696 inducitur
1151 2661 1208 2695 ser-

156 2742 269 2800 sngustu
282 2749 362 2802 grave
377 2731 467 2784 olent:
482 2721 557 2783 nullo
574 2729 657 2782 modo
703 2747 769 2799 prens
779 2748 786 2788 ;
798 2727 913 2799 ferventi
928 2736 1016 2797 pastus
1027 2743 1114 2776 aresta.
1130 2721 1158 2776 V
1156 2760 1162 2772 .
1176 2723 1207 2774 G.

155 2821 212 2860 erat
227 2828 295 2882 opus
306 2830 373 2866 voce
390 2813 521 2872 marinum
538 2831 600 2864 umn
616 2809 657 2862 di·
740 2824 798 2878 ²¹7·
816 2807 879 2876 Quoe
890 2816 995 2876 ,tenuem
1008 2801 1114 2855 exhalet
1130 2802 1209 2854 nebu-

156 2888 225 2938 citur
242 2909 434 2962 nonnunquam
454 2909 493 2944 ros
506 2892 599 2954 maris,
615 2889 657 2942 vel
704 2889 767 2942 lam.
784 2889 856 2940 Dicit
872 2905 964 2958 ugrum
984 2886 1101 2936 omnium
1120 2901 1210 2936 rerum

155 2983 195 3016 ros
205 2978 288 3033 terroe,
299 2970 341 3022 vel
351 2973 432 3023 etiem
441 2971 597 3042 simpliciter
610 2987 656 3020 ros.
704 2972 830 3020 feracem.
859 2965 983 3032 Quatuot·
1012 2966 1083 3015 enim
1110 2981 1210 3034 genere

156 3044 255 3100 Plinius
269 3065 350 3118 quum
360 3051 430 3100 libro
442 3049 597 3119 XXIV,59,
610 3049 658 3112 60,
705 3067 830 3119 agrorum
839 3041 1208 3115 imitatur,quiscluspotest,

156 3123 230 3175 aliud
248 3127 415 3179 Libanotidis
432 3146 515 3198 genus
532 3127 659 3178 rosmari·
706 3125 796 3199 quod,
809 3125 847 3177 illi
863 3137 996 3195 quatuor:
1013 3123 1080 3172 sicut
1096 3138 1210 3191 sequen·

157 3223 220 3256 num
234 3209 383 3273 vocaverit,
394 3209 583 3278 copiosiusque
600 3205 660 3257 des·
705 3211 743 3258 tio
752 3205 880 3258 indicent.
892 3203 1078 3271 —Fumosque
1091 3198 1207 3252 volucris.

158 3287 293 3357 empserit,
307 3287 382 3340 addit
396 3309 402 3338 ι
420 3287 473 3338 lroee
487 3303 544 3359 quoe
558 3305 589 3336 es
605 3304 660 3336 rone
705 3286 789 3354 Quasi
802 3285 908 3334 fumos:
923 3280 1025 3332 scilicet
1042 3298 1074 3330 cx
1085 3278 1207 3332 humore.

156 3366 312 3437 supradicto
324 3367 445 3417 nuseimr.
458 3365 489 3419 V.
501 3368 532 3416 G.
704 3367 773 3418 Serv.
788 3393 824 3402 -
837 3361 900 3414 Alae
919 3360 966 3412 dat
983 3359 1074 3423 fumo;
1095 3361 1132 3410 itn
1151 3361 1209 3414 AEn.

194 3445 253 3511 ²¹4·
267 3445 371 3517 Topbus
380 3447 471 3498 scaber.
480 3445 560 3516 Lapis
570 3462 658 3516 asper·
703 3448 772 3498 Vll:
795 3443 875 3498 Volat
895 3461 976 3515 vapor
992 3453 1048 3492 uter
1068 3440 1104 3492 ad
1123 3459 1207 3494 auras.

158 3526 257 3590 rimus,
270 3547 284 3578 e
297 3537 367 3578 terra
378 3539 492 3578 etarene
503 3537 657 3585 concretus3
703 3525 797 3578 Manil.
809 3525 855 3575 lib.
869 3525 897 3574 l:
915 3539 972 3572 rare
986 3531 1115 3593 vaporatur
1129 3521 1209 3572 Prin-

157 3604 226 3657 Gall.
238 3605 262 3656 le
269 3606 326 3678 tuf:
340 3606 411 3658 unde
423 3619 448 3658 et
457 3606 548 3658 scabies
560 3602 658 3656 dicitur
703 3606 772 3677 cipio
788 3621 928 3666 aurarum,
945 3599 1094 3672 volucrique
1106 3600 1211 3651 similli-

159 3685 193 3738 ab
204 3687 361 3756 asperitate,
372 3685 518 3737 secundum
528 3684 657 3736 Serrium.
704 3705 746 3737 ma
749 3683 838 3758 fumo.
847 3683 935 3746 Silius,
944 3680 990 3732 lib.
1000 3681 1060 3733 xlll
1069 3703 1075 3732 :
1079 3680 1211 3753 fumoque

156 3797 192 3810 --
204 3768 293 3839 Nipris
302 3765 436 3837 chelydris.
446 3767 555 3818 Veneno
563 3765 658 3816 noxiis.
706 3764 816 3829 volucri,
832 3765 868 3816 Et
879 3759 977 3816 stebulis
989 3759 1084 3814 similes
1099 3761 1209 3812 animas.

156 3847 253 3917 θεοῖς.
270 3849 296 3909 l;
318 3863 386 3916 ¹²9²
403 3844 455 3897 Ille
473 3845 573 3898 malum
592 3843 661 3896 vines
705 3848 797 3916 Eurip.
809 3841 907 3894 Troed.
919 3841 954 3896 ed
966 3839 1062 3904 finem,
1075 3833 1211 3894 sisse-ise

155 3928 310 3998 serpentibus
324 3927 425 3978 addidit
437 3927 507 3979 atris.
522 3927 556 3978 Et
568 3939 608 3978 est
620 3922 663 3990 χί-
707 3923 787 3992 adesso
800 3921 899 3992 erripuys
909 3945 914 3973 :
926 3921 1014 3995 pulvis
1021 3917 1111 3972 similis
1122 3918 1216 3970 votam

156 4007 234 4074 seipse
250 4008 372 4074 ἑμφίξιοι,
386 4005 457 4059 unde
471 4020 497 4058 et
511 4004 600 4074 buires
616 4025 663 4077 ap·
709 4007 729 4058 ti
734 4006 814 4077 fumo
822 4027 831 4066 ‚·
844 4017 871 4056 et
883 4001 965 4075 paulo
981 4013 1059 4052 ante.
1075 3993 1174 4067 usipeyr
1187 4000 1212 4047 ln

144 4083 290 4155 ‚pallarum
303 4087 377 4158 quod
388 4089 417 4142 iu
431 4105 498 4141 cava
510 4105 610 4159 quercu
625 4087 665 4141 la-
705 4075 795 4140 'serris
809 4106 815 4136 z
828 4084 922 4156 fumus
935 4099 994 4134 cum
1008 4077 1067 4143 ula,
1084 4089 1146 4143 aut,
1162 4075 1212 4150 fu-
