3000 4674
593 359 865 428 MORETUM.
1188 360 1250 429 203

207 489 255 556 Sit
266 509 334 554 non
346 503 435 578 gratu
448 487 561 565 Ceres,
575 507 656 576 quus
665 483 797 576 jungat,
810 497 979 573 comparat
991 505 1091 552 oscus.
1221 499 1249 545 55

208 597 284 660 Non
296 595 342 660 illi
355 615 512 684 suspenso
524 592 638 658 locum
649 591 794 658 carnario
802 590 909 681 juxto,

209 701 325 765 Durati
336 699 402 766 sale
415 715 505 788 terga
517 697 599 777 suis,
612 698 803 788 truncique,
816 695 993 762 vacabant:

208 805 379 896 ijectus
391 804 540 872 medium
552 819 664 892 sparto
676 800 735 868 sed
747 799 1004 882 caucasorum,

210 911 251 974 Et
262 927 356 977 vetus
368 910 516 977 adstricti
527 909 623 976 luscis
636 905 803 998 pendebat
814 904 937 972 anethi.
1149 991 1152 1001 ι

209 1017 295 1106 Ergo
308 1017 404 1082 ulium
415 1016 552 1082 molitur
564 1037 663 1104 opem
674 1013 737 1093 nbi
748 1011 907 1104 providus
920 1012 1028 1080 beros.
1177 1079 1180 1084 ,
1221 1028 1252 1078 oo

252 1123 377 1188 Hortus
389 1105 458 1188 emt
465 1121 601 1212 junctus
613 1120 746 1199 cusulae,
760 1141 861 1210 quem
873 1119 996 1186 viminu
1008 1143 1111 1210 pauca

205 1229 248 1296 Et
260 1228 385 1294 calamo
398 1227 542 1294 recidivo
554 1227 619 1292 levi
631 1225 781 1291 munibat
792 1223 937 1306 arund03

208 1381 284 1425 minus
297 1379 366 1426 bene.
383 1379 441 1424 Num
457 1374 541 1441 copula
553 1377 696 1440 requiritur,
711 1383 748 1432 et,
763 1389 793 1424 tte
804 1385 848 1423 etc.
858 1401 889 1413 -
900 1375 936 1423 ⁵6.
954 1375 991 1440 57.
1005 1375 1108 1426 Obtcuru
1122 1387 1156 1424 est
1168 1380 1252 1426 oratio.

207 1451 310 1512 Scaliger
319 1463 408 1496 tuntum
418 1449 540 1507 meabant,
551 1450 617 1514 quod
624 1447 696 1512 rulqo
706 1448 806 1511 legitur,
816 1449 841 1496 in
850 1449 952 1514 npsbunt
959 1461 1046 1506 mutat,
1056 1450 1121 1513 quod
1131 1463 1186 1498 vett.
1198 1451 1253 1498 edd.

207 1518 294 1566 habere
306 1521 352 1576 rit,
362 1535 420 1582 quau
434 1517 545 1584 equidem
556 1518 632 1566 nullus
644 1519 700 1566 ridi.
717 1521 769 1568 Nou
780 1519 840 1566 adeo
853 1519 931 1566 dumti
941 1519 988 1566 sole
1004 1529 1064 1586 tcrqs
1074 1523 1122 1566 suis
1138 1525 1254 1586 nuruique

206 1589 319 1653 riqeiuut,
333 1589 357 1635 b.
370 1603 436 1637 erunt
447 1593 482 1646 εἰς
495 1589 542 1638 sale
554 1591 616 1638 enim
629 1603 652 1638 et
663 1591 729 1642 lumo
740 1591 822 1639 durau
834 1591 917 1656 rigent.
928 1593 975 1638 Nec
985 1591 1045 1638 male
1055 1591 1100 1640 boc
1111 1591 1199 1638 dictum
1208 1608 1253 1655 pu·

208 1661 271 1708 ubo.
280 1662 368 1708 Trunci
380 1673 477 1724 purum
488 1677 536 1710 oste
547 1661 584 1710 rel
595 1678 675 1726 perun
683 1678 751 1710 suum
762 1661 856 1726 ulloque
867 1665 954 1727 major·
964 1664 1049 1721 irusu,
1059 1663 1097 1712 vel
1106 1661 1254 1726 jungendum

207 1733 256 1776 suis
266 1735 351 1787 narsei,
366 1731 389 1778 b.
402 1735 518 1790 truncati,
531 1736 555 1782 in
567 1747 645 1796 partes
654 1733 755 1780 dissecti.
769 1735 836 1780 Prius
847 1733 957 1797 equidem
967 1734 1073 1796 praelero.
1086 1734 1133 1781 Sed
1142 1734 1257 1780 buremm

208 1800 286 1848 adbuc
298 1804 411 1866 inpriore
423 1821 492 1853 versu
502 1821 508 1851 ε
518 1807 571 1852 Non
582 1803 617 1852 illi
625 1821 734 1868 suspertso
740 1804 822 1870 focum
834 1809 939 1852 camaria
945 1809 1023 1870 juxta.
1037 1807 1068 1851 Er
1078 1807 1184 1852 carnario
1193 1802 1254 1864 (rid.

209 1871 283 1918 indic.
296 1873 390 1938 Scriptt.
401 1875 427 1920 ll.
441 1875 482 1933 b.)
493 1875 598 1938 pendent
608 1891 694 1938 peruae.
709 1875 762 1939 lpse
773 1877 890 1932 carnaria,
902 1873 925 1920 b.
940 1877 995 1922 unci
1010 1875 1094 1932 lecrci,
1107 1877 1125 1922 si
1137 1876 1204 1936 juxta
1218 1873 1254 1919 lo·

207 1955 261 1986 enm
272 1941 328 2000 lira,
341 1943 410 1990 inlisu
422 1945 506 2008 parieti
518 1957 587 2002 sunt;
602 1960 650 1990 non
664 1957 761 2008 possum
774 1945 821 1992 dici
837 1959 954 2008 suspertsa.
970 1947 1002 1991 Ut
1015 1961 1058 2008 per
1069 1945 1254 2008 apparitionem:

205 2015 326 2069 carnario,
341 2013 419 2058 durati
430 2013 479 2060 sule
495 2024 556 2082 terya
570 2019 630 2074 suis,
647 2016 770 2075 dicantur,
786 2015 880 2078 placere
894 2028 985 2080 potest;
1002 2019 1020 2064 si
1035 2019 1166 2064 carnarium
1181 2017 1255 2078 ipsam

209 2095 301 2126 carnem
313 2097 361 2128 esse
376 2081 454 2140 dicns;
471 2086 536 2148 quod
551 2085 658 2148 exemplo
674 2099 745 2134 caret.
761 2087 876 2133 laborare
890 2087 949 2134 adeo
965 2087 1023 2134 mibi
1036 2086 1160 2136 uidebatur
1175 2085 1241 2131 locus
1249 2101 1256 2141 ς

208 2149 308 2196 necdum
319 2169 331 2198 a
342 2153 504 2202 Wernsdorfio
515 2155 678 2204 difficultatem
691 2157 805 2205 sublatam
815 2157 899 2214 video,
909 2158 1028 2222 quomodo
1038 2159 1167 2205 carnarium
1176 2159 1259 2220 parieti

208 2222 303 2284 irfixum
310 2223 399 2272 dictum
411 2242 460 2274 esse
471 2230 542 2290 possit
549 2244 690 2292 suspensum.
699 2229 792 2276 Scilicet
800 2246 838 2276 res
849 2233 880 2276 itu
890 2229 1035 2294 expedienda
1044 2247 1050 2276 z
1059 2233 1187 2276 carnarium
1198 2227 1258 2274 illud

205 2293 295 2355 tignum
307 2311 348 2342 seu
361 2297 556 2356 instrumentum,
570 2299 641 2349 clavis
652 2317 694 2349 seu
704 2303 785 2358 uncis,
796 2317 824 2348 ex
836 2301 921 2366 quibus
929 2315 1011 2348 carnes
1019 2300 1132 2365 suupeudi
1144 2312 1255 2364 possum,

210 2378 259 2408 non
273 2366 357 2428 parieti
369 2365 481 2424 inlisum.
494 2369 536 2416 scd
551 2386 578 2416 ex
593 2387 684 2418 camera
696 2387 738 2418 scu
752 2389 780 2418 cr
797 2388 858 2418 unco
872 2373 956 2436 parieti
974 2371 1045 2418 infixo
1061 2369 1189 2436 pendulum
1206 2384 1257 2428 est,

208 2435 315 2498 edeoque
328 2449 350 2482 et
364 2440 439 2500 ipsum
452 2456 587 2504 suspensum
601 2458 627 2488 en
643 2459 705 2490 unco
717 2442 754 2490 rel
766 2442 840 2490 claro.
854 2443 933 2490 lleius.
947 2443 976 2490 ad
985 2443 1053 2490 ovid.
1067 2445 1123 2490 blot.
1134 2443 1200 2499 vm,
1210 2441 1255 2504 647

208 2509 270 2570 conj.
284 2506 412 2570 replebuut;
427 2513 467 2559 nbi
478 2512 541 2559 vide.
552 2513 663 2562 Concedo
674 2517 699 2561 in
711 2528 788 2578 purten
800 2515 969 2574 Wernsdorlii,
985 2517 1025 2580 qui
1039 2515 1100 2562 bene
1112 2528 1204 2571 monet,
1215 2529 1258 2560 vu-

207 2593 259 2624 cure
271 2578 318 2626 dici
330 2579 354 2626 h.
370 2579 385 2626 Ι.
399 2599 450 2648 quae
461 2598 545 2648 praesto
559 2599 640 2642 eraut,
654 2601 733 2650 parata
747 2589 804 2634 etin
818 2600 920 2651 promtu.
934 2589 1020 2635 Lucan.
1033 2589 1068 2645 V,
1081 2588 1133 2650 3²7·
1150 2589 1192 2632 Tot
1203 2585 1257 2632 red·

207 2649 245 2695 det
257 2651 358 2700 Fortuna
369 2657 429 2702 uirus
440 2665 496 2721 quot
508 2655 551 2702 toln
560 2657 683 2718 vocabunt,
698 2659 805 2706 aderunt.
815 2685 846 2696 -
856 2659 892 2707 58.
908 2669 985 2724 sparto
994 2657 1103 2724 praerlara
1118 2671 1152 2708 est
1166 2658 1258 2706 Aldine

209 2723 342 2771 emendatio
358 2741 363 2770 :
379 2743 424 2790 pro
442 2727 533 2790 vulgari
545 2744 552 2774 t
566 2747 648 2794 porco,
665 2731 702 2778 vel
714 2741 788 2794 parto.
797 2758 828 2768 -
837 2733 875 2779 61.
891 2729 976 2780 cusulo!
984 2735 1080 2796 junctus
1091 2748 1133 2778 ms.
1145 2729 1257 2786 lineium,

209 2797 362 2842 numerosior.
374 2820 404 2834 -
414 2797 451 2844 6².
466 2799 496 2848 Bt
509 2799 597 2850 calamo
609 2799 758 2852 recidiualwi
765 2803 866 2850 mundat
878 2803 974 2850 arundo.
990 2803 1092 2852 Primum
1101 2799 1203 2864 Scaliger
1213 2802 1257 2858 sit,

207 2866 318 2912 riminetn
333 2878 357 2914 et
370 2869 509 2918 arundineta
522 2873 657 2922 muniendis
669 2874 741 2922 hortis
752 2888 791 2922 nut
801 2875 895 2940 sepibus
905 2875 1060 2924 obtendendis
1070 2889 1137 2922 usum
1149 2885 1257 2936 praesure

208 2947 257 2979 nou
268 2935 356 2992 solere,
370 2937 478 3004 adeoque
490 2943 598 3006 refingit,
615 2945 743 3002 minuebat,
758 2959 847 3009 partem
858 2947 887 2994 de
903 2945 972 2994 horto
982 2945 1119 3009 occupabat.
1134 2943 1188 2989 llaec
1202 2957 1258 2989 veru

208 3004 314 3062 argutula
328 3019 398 3064 tunt,
410 3021 433 3056 et
450 3026 462 3055 a
477 3009 530 3058 loco
541 3013 633 3071 alienu
645 3015 753 3063 laudatur
764 3019 826 3064 enim
840 3033 892 3064 mos
908 3016 1009 3063 bominis
1019 3014 1130 3061 industria
1144 3015 1169 3058 in
1187 3012 1257 3058 burto

209 3071 317 3119 colendo.
330 3077 484 3138 Cogitnudum
498 3095 532 3129 est
543 3080 663 3131 hortulum
673 3086 739 3132 brevi
751 3087 811 3134 lousa
823 3087 894 3135 luitsc
907 3085 1092 3133 circumductum
1101 3119 1108 3138 s
1118 3097 1170 3146 ‘1¹¹²
1178 3083 1258 3143 iunffl

209 3139 284 3186 obsita
300 3155 356 3189 erat.
369 3147 429 3192 Tum
444 3164 487 3210 pro
509 3149 596 3200 column
610 3167 667 3200 rete.
684 3154 738 3202 edd.
753 3156 843 3204 cabuo:
859 3173 885 3204 ac
897 3160 916 3204 si
927 3155 1002 3203 cubno
1020 3155 1145 3202 soluerint.
1161 3151 1257 3198 recidiua

246 3263 288 3318 56.
302 3265 391 3335 Quum
406 3268 509 3352 bomini
523 3275 625 3328 nullum
642 3293 711 3332 esset
755 3281 808 3334 suis
819 3278 872 3333 sale
886 3279 975 3332 durati
986 3277 1142 3350 tntncique3
1155 3277 1202 3330 sed
1212 3295 1258 3329 ca-

211 3347 366 3418 obsoninm‚
388 3372 449 3405 num
467 3357 493 3408 in
511 3361 635 3412 carnario
657 3381 712 3414 uon
756 3362 794 3412 sci
807 3361 831 3412 ei
841 3361 868 3410 in
881 3371 989 3432 promtu
1001 3369 1077 3410 erunt
1086 3359 1183 3427 junco,
1197 3369 1258 3410 tun·

209 3448 310 3500 perna,
321 3431 368 3486 sed
379 3452 472 3488 caseus
485 3457 629 3510 suspensus
640 3456 711 3509 erat,
757 3457 837 3511 quum
845 3437 907 3504 lilo,
922 3439 949 3489 in
960 3438 1060 3492 lancem
1073 3436 1198 3510 colligati.

210 3509 267 3563 ‘idi‘
278 3511 384 3567 imnum
394 3551 403 3576 ι
414 3527 440 3569 et
452 3535 483 3570 ex
496 3538 528 3570 eo
540 3521 606 3589 petit
619 3521 711 3576 ullium
791 3519 836 3571 61.
861 3517 989 3572 Hortulus
1014 3535 1082 3572 cusu
1107 3515 1257 3570 accubabat

209 3591 329 3665 ullusque
349 3595 464 3664 herbas,
481 3600 553 3652 unde
572 3601 637 3654 iilud
659 3604 711 3656 sibi
756 3599 882 3671 exiguus,
897 3617 947 3671 pro
959 3615 1028 3671 stepo
1039 3599 1156 3650 munitus
1167 3599 1257 3668 juncis

207 3673 711 3746 puretNonillivueulant‚otiosoin
756 3679 987 3751 arundinibusque
1014 3681 1043 3734 iu
1070 3695 1154 3750 parra
1183 3679 1257 3734 iussa

206 3769 280 3822 penu
302 3756 420 3823 reposita
442 3757 630 3828 habebuntur,
660 3781 711 3834 pro
756 3777 856 3830 uquam
866 3777 898 3812 ex
909 3755 1039 3812 imbribus
1049 3757 1190 3812 collectum
1203 3776 1256 3810 ter·

208 3831 339 3902 simplici:
356 3853 410 3886 non
424 3837 553 3906 cierunt,
570 3841 710 3906 carnaria,
755 3853 835 3896 vante
847 3839 1059 3910 prominentibus
1072 3838 1175 3892 amodo
1188 3838 1255 3890 reci-

124 3925 131 3934 ·
207 3906 235 3962 h.
248 3929 273 3963 e.
286 3913 348 3964 unci
362 3915 458 3982 ferrei,
464 3921 546 3989 juxta
551 3920 646 3986 sticum
655 3939 712 3974 ιιυ-
755 3919 834 3985 diva,
854 3922 949 3974 iterum
969 3920 1118 3990 iterumque
1137 3918 1257 3989 repullu-

210 4005 290 4062 pem
297 4027 307 4056 ,
318 3993 427 4062 penduli
438 4015 469 4050 ex
482 3997 557 4050 tholo
568 4017 615 4054 seu
623 4019 711 4056 cume·
753 3998 828 4064 luris,
838 4003 859 4054 si
869 4001 1050 4054 recisuluerit.
1058 3999 1179 4070 Vulgata
1191 3997 1253 4054 edd.

211 4083 260 4132 5⁸3
279 4087 329 4144 pet
351 4076 505 4146 spposinm
527 4077 618 4148 dictu,
639 4091 710 4154 terp«
755 4079 894 4146 redimite,
907 4079 981 4134 nullo
995 4097 1074 4137 sensu
1087 4077 1196 4130 idoneo.
