2998 4670
353 409 404 472 in
428 403 818 472 ononoiconuu
841 408 935 471 mn.
960 410 1022 474 ιν,
1147 416 1206 508 ⁵91

165 531 361 613 precedente
379 530 511 612 strepitu
530 528 668 611 quodam
686 547 808 604 earum,
829 541 861 588 et
877 525 1011 607 bombo;
1034 554 1095 615 quo
1111 542 1213 620 quies,

165 634 340 679 castrorum
355 637 456 693 more,
469 619 649 697 imperatur.

209 727 274 788 ¹9¹·
284 707 410 768 Transit
419 705 458 766 ad
468 705 694 768 divinationem
704 725 814 785 apum,
826 724 896 786 quoe
905 725 1012 766 sereno
1023 709 1126 775 adhuc
1136 719 1214 781 caelo

165 799 306 857 sentiunt
320 795 462 879 pluviam
479 795 672 877 impendere3
690 815 785 876 quam
802 793 844 855 ob
862 815 927 856 rem
945 808 1020 856 tunc
1036 819 1102 862 non
1119 805 1214 892 longe

165 883 207 944 ah
217 886 313 946 alveis
324 885 485 959 recedunt:
496 884 603 946 breves
613 898 736 946 tantum
747 903 895 946 excursus
906 884 1214 978 faciunt‚utaquam

166 970 316 1034 hauriant
329 995 366 1036 ex
380 977 484 1034 vicino
496 971 580 1037 loco.
596 975 681 1051 Quin
693 993 728 1032 ea
744 988 819 1034 sunt
833 973 999 1056 prudentia
1012 977 1165 1059 praeditae,
1180 1002 1216 1048 ut

166 1074 242 1122 tunc
254 1062 386 1146 singulae
401 1062 528 1146 lapillos
542 1062 672 1137 tollant,
692 1083 733 1124 ne
747 1075 842 1124 vento
855 1063 1066 1144 abripiuntur,
1087 1070 1111 1128 si
1127 1073 1152 1132 is
1166 1077 1216 1136 in-

166 1152 307 1228 cumbam
320 1153 359 1214 ad
374 1173 446 1212 eum
458 1152 605 1225 modum,
620 1171 683 1232 quo
694 1173 788 1212 naves
798 1154 978 1228 saburram,
990 1173 1088 1235 quum
1097 1159 1216 1240 jectan.

165 1255 220 1301 tur
233 1241 385 1303 fluctibus.
408 1245 467 1304 Hic
481 1241 621 1324 expende
635 1240 852 1325 metaphoram
870 1265 887 1303 a
904 1263 937 1322 re
953 1243 1098 1325 militari,
1120 1272 1215 1333 quam

166 1332 317 1392 continuo
335 1333 550 1414 persequitur:
567 1331 660 1392 verba
680 1332 851 1414 signatiora
868 1346 958 1392 sunt:
976 1337 1111 1398 munitio
1127 1339 1217 1402 favo·

167 1439 256 1478 rum:
270 1421 392 1501 eruptio
403 1421 561 1502 exponis,
571 1433 723 1502 tanquam
736 1419 775 1480 ad
788 1418 923 1492 bellum:
937 1418 1007 1480 ideo
1016 1439 1124 1486 ruunt:
1137 1429 1217 1494 redi-

166 1510 212 1568 tio
227 1527 292 1568 non
304 1529 341 1574 ex
355 1512 452 1593 agris,
467 1508 521 1569 sed
536 1529 571 1570 ex
584 1513 711 1593 campis,
729 1525 880 1594 tanquam
895 1511 920 1570 si
936 1529 953 1569 e
967 1509 1051 1572 bello
1067 1515 1215 1580 redeant:

167 1599 291 1660 curatio
312 1619 505 1682 corporum:
532 1602 656 1660 sonitus
680 1600 766 1661 velut
785 1601 887 1677 tubae,
913 1621 976 1682 quo
1003 1605 1177 1668 excitantur
1200 1631 1218 1670 a

168 1688 287 1767 quiete,
304 1709 366 1770 quo
385 1689 425 1748 ad
440 1691 576 1772 quietem
594 1705 688 1750 eunt:
707 1693 833 1772 aquatio
851 1691 966 1750 circum
982 1695 1098 1754 rnoenia
1114 1697 1217 1760 urbis:

168 1773 275 1834 breves
289 1795 453 1838 excursus:
469 1775 545 1837 huic
558 1774 753 1859 metaphorae
767 1776 911 1858 adjungit
924 1779 1081 1838 nauticam
1097 1783 1129 1842 in
1145 1783 1217 1846 line.

213 1883 278 1944 ¹97·
290 1863 376 1926 Dicit
385 1863 584 1926 admirabiles
595 1886 659 1925 esse
669 1886 766 1947 apum
780 1865 912 1942 natales,
925 1878 954 1925 et
966 1870 1198 1948 generationem
1210 1897 1217 1933 :

169 1952 332 2010 nonenim
345 1971 444 2012 mares
458 1973 529 2012 cum
541 1952 680 2013 foeminis
690 1953 920 2028 concumbunt3
933 1974 996 2013 non
1008 1955 1161 2040 voluptati
1174 1963 1220 2019 in-

170 2036 317 2120 dulgent:
334 2061 399 2101 non
411 2059 442 2102 se
454 2041 576 2102 dedunt
587 2045 714 2117 venem
730 2064 796 2103 non
808 2045 954 2103 nituntur
964 2045 996 2103 in
1007 2062 1113 2126 partu,
1128 2063 1164 2109 ut
1176 2071 1221 2112 re·

167 2123 262 2207 liquae
277 2131 461 2191 animantes.
483 2131 562 2208 Quae
580 2151 653 2212 ergo
670 2132 750 2190 ratio
771 2131 959 2214 generandi?
976 2133 1091 2194 mirum
1110 2136 1217 2199 dictu:

170 2215 327 2298 colligunt
344 2240 398 2280 ore
414 2241 449 2280 er
467 2219 553 2280 foliis
570 2235 663 2301 atque
680 2219 785 2280 herbis
801 2233 890 2280 natos
904 2220 950 2280 ibi
969 2237 1123 2302 repertos3
1145 2228 1219 2288 inde

170 2307 285 2387 Regem
311 2309 387 2383 sibi,
409 2309 482 2369 inde
506 2309 668 2371 sufficiunt
690 2331 804 2392 parvos
828 2312 924 2382 cives3
946 2309 1010 2371 illis
1032 2313 1135 2389 aulas,
1157 2315 1219 2376 illis

171 2413 265 2474 regna
275 2415 361 2460 cerea
370 2410 510 2473 struunt,
521 2395 639 2478 figunt,
649 2411 860 2480 componunt:
873 2396 961 2456 aulas
971 2398 1108 2478 regibus,
1123 2419 1220 2483 regna

171 2483 299 2543 civibus.
826 2498 837 2508 “

211 2573 280 2630 203.
299 2570 377 2648 Quis
397 2569 457 2632 hoc
476 2571 581 2632 credat
599 2571 639 2636 de
657 2574 786 2656 apibus?
807 2576 885 2636 adeo
904 2575 1078 2657 pertinaces
1097 2581 1220 2640 suntin

172 2659 362 2736 laborand03
377 2661 455 2722 adeo
468 2662 571 2724 mellis
583 2665 756 2746 cupiditate
768 2665 916 2746 flagrant,
927 2679 958 2726 et
972 2683 1079 2724 amore
1091 2665 1220 2746 florum,

172 2773 209 2812 ac
222 2749 513 2832 perindedesiderio
525 2749 619 2813 foetus
631 2768 662 2813 et
672 2754 786 2835 prolis,
800 2767 835 2813 ut
847 2755 921 2835 ipsae
936 2753 1035 2830 ultro,
1047 2751 1123 2814 dum
1140 2777 1222 2838 quae-

172 2856 261 2915 runt,
275 2859 344 2922 que
357 2843 528 2902 necessaria
542 2857 617 2904 sunt
631 2843 670 2903 ad
684 2843 927 2927 propagandum
940 2865 1055 2925 genus,
1074 2847 1221 2928 periculis

172 2951 202 2990 se
213 2929 359 3005 inferant,
368 2930 467 2990 donec
478 2930 544 2990 alas
555 2945 697 3011 aderant,
708 2934 972 3018 confringantque
983 2936 1016 2993 in
1027 2935 1116 3010 saxis,
1128 2949 1220 3019 atque

172 3019 215 3078 ita
229 3015 344 3076 cadant
357 3017 413 3075 sub
428 3019 495 3100 ipso
508 3038 614 3082 onere.

213 3103 280 3166 206.
299 3103 428 3186 Colligit
445 3127 481 3165 ex
501 3105 635 3170 adducta
657 3109 793 3174 natalitii
813 3112 952 3184 ratione,
971 3129 1039 3190 quae
1057 3109 1100 3169 sit
1118 3111 1220 3191 gloria

173 3217 283 3281 apum,
302 3216 368 3254 non
389 3195 518 3276 quidem
537 3219 574 3258 ex
594 3213 698 3274 aetate:
717 3221 790 3260 nam
811 3198 879 3260 haeo
897 3199 990 3258 durat
1006 3218 1069 3258 non
1084 3199 1220 3281 amplius

174 3285 266 3348 annis
284 3297 412 3366 septem.
432 3283 531 3365 Ergo,
549 3287 692 3367 quamvis
713 3307 820 3348 aarum
843 3289 907 3348 vita
927 3287 1159 3367 circumscripta
1181 3290 1221 3349 sit

174 3409 290 3462 crinibus
303 3407 429 3473 dicium,
445 3421 470 3462 et
483 3409 544 3461 ciho
556 3421 582 3462 et
596 3409 673 3462 lava·
719 3431 773 3485 gno
784 3410 855 3463 malo
866 3407 986 3482 quotidie
997 3408 1222 3462 docentur.Frus-

175 3508 220 3542 cro
233 3489 418 3562 intelligimus,
432 3489 475 3542 rel
488 3489 615 3542 alterutro
630 3511 636 3541 :
652 3491 674 3543 si
720 3504 762 3544 tra
777 3503 865 3544 antem
884 3488 993 3560 quidam
1011 3487 1055 3540 hic
1074 3488 1221 3562 Enallngen

175 3569 207 3622 de
217 3569 325 3641 apibus,
337 3582 440 3621 tantum
449 3569 509 3622 cibo
518 3571 672 3644 accipimus.
720 3573 894 3633 constituunt,
901 3581 927 3620 et
934 3565 1047 3633 solvunt,
1055 3585 1105 3639 pro
1116 3567 1223 3622 solvun-

213 3667 269 3721 ¹99·
294 3651 328 3701 In
349 3651 474 3704 Venerem
496 3650 607 3702 solvunt.
635 3653 675 3704 lta
721 3665 773 3717 tur,
783 3663 930 3722 exponunt.
941 3649 1220 3719 moyen-Nisum.

173 3733 273 3785 Graeci:
287 3727 381 3782 λύεσθαι
394 3729 424 3786 rie
438 3731 570 3798 depellere.
585 3731 672 3784 Cerdo.
719 3730 865 3796 Portubus,
875 3727 1014 3790 enitendo:
1023 3729 1093 3781 unde
1101 3731 1186 3782 enixa.
1195 3729 1219 3782 S.

154 3799 157 3809 s
176 3811 334 3882 -Energia
345 3822 384 3862 est
401 3811 428 3861 in
443 3809 495 3861 hoc
509 3809 607 3875 verbo,
617 3808 676 3863 Sol·
757 3810 816 3864 205.
830 3811 929 3862 Tantis:
938 3807 1126 3886 amorflorum.
1137 3808 1222 3862 Simili

176 3903 257 3953 vunt;
268 3908 298 3943 ex
306 3889 418 3941 Veneris
428 3891 573 3960 presertim
584 3890 676 3940 immo·
721 3889 842 3962 emphasi
858 3888 905 3941 Ge.
920 3889 959 3940 11:
974 3887 1073 3940 Tantus
1083 3905 1158 3938 amor
1170 3899 1222 3940 ter·

176 3971 243 4024 dicae
256 3983 431 4041 natumque
444 3967 676 4021 infirmiornreddi
721 3985 763 4020 roe.
779 3969 812 4020 Et
828 3969 864 4018 lli
878 3989 884 4018 :
901 3967 1001 4019 Tantus
1015 3983 1089 4017 amor
1102 3964 1219 4019 laudum.

178 4049 474 4124 corpora‚Pythagoras
481 4049 542 4101 olim
551 4049 677 4101 scribitur
721 4047 803 4119 idque
819 4047 853 4098 ad
865 4047 1017 4099 Grecorum
1031 4047 1221 4116 imitationem,

178 4132 274 4186 dixisse
284 4153 291 4196 ς
300 4145 327 4186 et
337 4131 426 4187 adhuc
434 4129 556 4186 nonnulli
563 4147 611 4183 suo
621 4149 677 4186 ma·
723 4130 769 4200 qui
781 4127 854 4196 ipses
867 4125 973 4194 dicunt,
984 4143 1034 4196 pro
1047 4124 1202 4196 cupiditate.
