2998 4670
270 331 331 398 552
598 328 977 394 COMMENTARIA

307 452 374 528 348.
390 455 531 514 Pastores
548 465 697 533 utrosque
712 467 873 532 comparat
888 475 958 513 cum
973 449 1128 515 militibus
1143 457 1306 534 Romanis,

267 544 320 623 qui
335 545 434 602 nimio
448 562 540 601 onere
555 543 688 621 gravati,
702 555 807 600 tamen
822 543 879 601 sub
894 543 967 623 ipsis
981 545 1109 604 sarcinis
1123 544 1306 605 adorieban-

266 643 319 688 tur
331 629 467 705 hostem,
481 650 588 690 eorum
601 626 757 688 celeritate
771 643 800 688 et
812 631 925 690 virtute
937 631 1118 690 attonitum.
1136 694 1139 700 ,

307 718 375 798 349.
394 720 520 780 Transit
537 718 576 778 ab
595 716 696 777 Africa
714 718 753 777 ad
773 719 1032 799 Septemtriqnem
1049 717 1110 781 boe
1127 741 1247 780 exorsu.
1266 721 1306 780 At

269 825 334 864 non
354 827 390 865 ea
409 822 452 867 est
470 805 617 889 pascendi
632 807 715 866 ratio
733 803 815 888 apud
832 820 938 887 gentes
956 805 1154 888 Scytharum,
1174 823 1205 868 et
1219 807 1308 886 juxta

267 892 413 975 paludem
424 894 600 955 Maeotidem
612 917 619 953 :
633 915 699 954 non
708 914 746 954 eo
756 892 831 968 loci,
841 895 895 954 ubi
908 896 984 954 lster
994 894 1096 953 influit
1106 896 1137 954 in
1149 895 1306 954 Euxinum

267 983 387 1063 (signat
404 1000 527 1066 partem
546 984 667 1058 Daciae,
686 998 717 1043 et
738 982 897 1044 inferioris
916 985 1036 1064 Mysiae,
1054 998 1086 1043 et
1103 983 1210 1043 affinia
1229 982 1306 1057 alia,

268 1092 337 1153 quae
352 1073 384 1130 in
400 1071 662 1154 descriptionibus
677 1069 735 1131 tibi
749 1072 919 1154 patebunt)
930 1093 996 1132 uon
1011 1073 1090 1132 inea
1106 1086 1194 1153 parte
1210 1069 1307 1129 Thra-

266 1159 336 1232 ciae,
350 1159 406 1218 ubi
418 1180 509 1220 mons
522 1157 675 1241 Rhodope
687 1159 745 1220 sub
760 1161 861 1241 ipsum
875 1179 955 1241 pene
967 1160 1223 1240 septemtrionem
1235 1179 1309 1239 por·

252 1247 388 1326 ,rigitur

296 1334 372 1395 352.
390 1337 425 1396 ln
442 1334 490 1396 bis
507 1337 603 1417 igitur
617 1336 711 1412 locis,
732 1339 789 1411 ait,
807 1347 875 1396 toto
892 1359 975 1400 anno
995 1337 1099 1398 clause
1116 1350 1256 1396 armenta
1273 1337 1307 1394 in

265 1424 396 1484 stabulis
408 1427 573 1487 contineri.
586 1427 650 1486 Cur
661 1425 783 1486 clausa?
794 1428 867 1508 quia
882 1423 973 1487 tellus
984 1428 1130 1501 immitis,
1144 1440 1175 1485 et
1187 1425 1307 1506 rigida:

265 1531 339 1571 nam
356 1516 388 1572 in
408 1529 488 1574 terra
505 1512 599 1576 nullae
617 1514 736 1594 berbae,
760 1517 792 1575 in
805 1516 970 1574 arboribus
982 1515 1076 1575 nullae
1088 1513 1225 1574 frondes.
1245 1513 1308 1571 Cur

265 1620 329 1660 nou
342 1599 462 1678 herbas,
471 1625 535 1662 non
547 1601 691 1665 frondes?
700 1605 771 1685 quia
784 1601 875 1664 tellus
887 1617 950 1662 tota
962 1604 1048 1677 nire,
1061 1617 1090 1662 et
1100 1600 1171 1682 gelu
1180 1598 1309 1682 oppleta

264 1707 365 1768 usque
378 1690 415 1749 ad
429 1704 548 1771 septem
558 1690 663 1763 ulnas,
678 1693 749 1772 quia
761 1689 807 1750 ibi
817 1711 939 1771 semper
949 1689 1071 1772 hyems,
1084 1709 1204 1770 semper
1214 1684 1309 1746 Gauri

265 1775 374 1836 flantes
389 1779 595 1860 rigidissime:
614 1800 716 1862 neque
733 1801 821 1854 vero,
839 1780 924 1862 quod
943 1781 1070 1854 mirere,
1087 1777 1239 1838 auxilium
1255 1772 1310 1834 ali-

265 1865 350 1944 quod
369 1881 413 1926 est
431 1867 471 1925 ab
490 1868 570 1942 sole,
592 1883 646 1928 aut
660 1889 759 1949 quum
777 1870 892 1943 oritur,
911 1882 965 1928 aut
978 1889 1076 1948 quum
1094 1865 1221 1938 occidit,
1243 1883 1309 1922 non

264 1955 349 2028 enim
362 1955 501 2034 ispotest
513 1958 634 2016 vincere
646 1953 793 2032 nebulas,
805 1953 863 2016 ubi
875 1956 1046 2016 continuus
1062 1959 1095 2016 in
1109 1975 1177 2015 aere
1191 1951 1309 2036 pallor,

265 2041 400 2117 umhrae,
417 2044 559 2104 tenebrae.

297 2129 526 2212 ¹360.=Subjieit
548 2154 599 2194 sex
622 2133 699 2194 alias
721 2147 812 2193 notas
834 2131 1042 2194 inclementiae
1061 2131 1182 2192 telluris
1200 2129 1309 2210 hujus,

263 2283 333 2334 Serv.
346 2312 382 2323 -
395 2285 519 2352 Quatuor
538 2305 648 2340 onerum
669 2308 768 2361 genere
812 2287 959 2360 gelescere.
972 2287 1040 2338 Serv.
1052 2315 1086 2325 -
1096 2283 1135 2337 Cl.
1145 2285 1212 2336 Voss
1225 2295 1310 2335 toturn

263 2377 384 2416 recenset
395 2366 565 2436 Lips.V,ll;
579 2368 612 2420 de
625 2369 679 2422 rnil.
690 2371 766 2421 Rom.
811 2365 883 2420 hune
907 2367 995 2420 locum
1016 2366 1131 2418 illustrat
1154 2363 1311 2416 testimoniis

267 2445 372 2510 Cibum,
388 2446 524 2513 arnuldo,
539 2449 655 2516 vallum,
674 2469 764 2505 arma.-
811 2450 972 2520 scriptorum
993 2447 1159 2511 Graecorum,
1181 2447 1228 2517 qui
1250 2460 1312 2496 cum

266 2523 339 2594 qnod
354 2538 434 2596 caput
449 2528 472 2576 si
485 2528 643 2600 perlegeris,
657 2543 766 2602 portan-
811 2528 924 2600 Virgilio
936 2530 1113 2580 consentiunt.

265 2617 317 2656 tem
340 2623 388 2656 sua
410 2605 493 2658 onera
508 2609 611 2660 videbis
628 2609 763 2680 depictum
845 2605 903 2673 354.
917 2605 1051 2676 Infonm's.
1062 2605 1136 2658 Nivis
1149 2603 1311 2672 superfusio-

263 2681 391 2744 militem,
404 2695 430 2734 et
439 2702 500 2736 vere
512 2685 614 2738 dietum
624 2705 640 2738 a
651 2687 763 2740 Marone
807 2703 858 2749 ne,
880 2703 974 2738 cerens
996 2683 1124 2734 varietate
1145 2682 1309 2748 fonnerum,

264 2758 413 2814 concedes:
427 2761 521 2833 injusto
534 2763 661 2834 subfusco
672 2766 760 2836 pemit.
807 2763 940 2834 nullisque
953 2762 1122 2834 agnoscende
1132 2759 1268 2812 limitibus.
1279 2761 1307 2812 S.

261 2839 305 2892 Sic
315 2839 472 2912 Quintilian.
486 2841 538 2904 XI,
551 2839 582 2906 3,
588 2842 672 2913 fasces
681 2845 763 2895 nomi·
806 2845 943 2908 Horatius,
949 2842 1080 2913 Infonnes
1091 2839 1184 2890 biennes
1192 2837 1266 2889 dixit.
1276 2839 1307 2889 Τ.

261 2934 309 2974 net
324 2918 461 2986 sarcinas,
479 2938 545 2990 quas
557 2921 679 2973 ferebant
691 2923 762 2974 mili·
839 2904 1304 2993 355.Septemqueadsur9itinulnas.

260 3013 317 3068 tes,
331 3001 377 3070 qui
388 3011 507 3069 tempore
517 2999 611 3065 Marii,
625 3001 692 3052 muli
703 3003 762 3052 Ma·
805 3001 906 3053 Crescit
919 3003 945 3052 in
958 3012 1060 3071 septem
1073 2999 1159 3051 ulnas.
1177 2997 1246 3050 Ulna
1258 3016 1306 3050 au·

260 3081 329 3134 runt
341 3079 403 3132 inde
413 3078 494 3146 dicti,
508 3091 538 3130 ut
554 3093 594 3132 est
609 3081 636 3130 in
651 3099 761 3152 prover-
805 3094 874 3146 tem,
887 3094 915 3134 ut
925 3080 1053 3144 diximus,
1066 3077 1211 3132 secundnm
1223 3077 1304 3143 alios,

260 3160 316 3212 bio.
331 3160 418 3210 ΕΜ.
804 3161 942 3232 utriusque
954 3177 1048 3212 manns
1061 3159 1179 3211 extensio
1189 3169 1245 3217 est;
1262 3175 1303 3210 se·

300 3239 361 3306 348.
383 3238 451 3290 Ante
475 3249 654 3310 exspectatum.
680 3240 757 3292 Dicto
804 3238 1147 3303 cundumalios,cubitus:
1163 3237 1235 3308 quod
1245 3255 1303 3288 rna·

260 3321 355 3383 citius‚
369 3329 512 3387 antequam
523 3321 579 3388 ejus
591 3333 758 3391 exspectetur
802 3322 842 3393 gis
860 3339 951 3372 verum
970 3331 1025 3382 est;
1045 3321 1108 3390 quia
1122 3317 1213 3369 Graece
1232 3312 1301 3369 cisiis

260 3396 407 3451 adventus:
423 3408 449 3447 et
463 3409 502 3448 est
515 3415 568 3450 una
585 3416 646 3469 pars
659 3402 758 3453 eratio-
801 3399 899 3452 dicitur
909 3398 1027 3460 cubitus,
1038 3398 1109 3450 unde
1122 3392 1303 3451 estssusoituts

258 3479 315 3536 nis;
328 3474 380 3527 boe
390 3487 444 3538 est,
458 3475 622 3526 adverbium.
634 3478 703 3530 Serv.
800 3476 847 3548 ips.
862 3479 930 3530 Sero.

295 3554 536 3624 349.Atnon,qua
545 3555 756 3628 Scytlioeqentes.
837 3556 897 3630 357.
922 3556 1052 3610 Pallentes
1077 3555 1148 3607 baud
1174 3575 1297 3628 unquam.

260 3629 397 3694 subaudi,
414 3629 472 3680 tatis
487 3643 523 3681 est
533 3633 624 3700 pastio.
640 3633 709 3685 Serv.
723 3664 758 3674 -
802 3637 944 3706 Nunquam
966 3635 1049 3687 nubes
1073 3634 1217 3688 dissolvit:
1236 3654 1299 3688 nam

258 3709 370 3783 Scythice
377 3718 470 3781 pentes.
482 3709 547 3775 Qun
555 3712 757 3783 gentesScytlta·
801 3713 1037 3786 pallentesumbroe
1047 3727 1122 3780 sunt,
1134 3733 1188 3767 non
1198 3734 1229 3768 cx
1238 3733 1301 3766 noc·

258 3811 316 3846 rum
327 3789 433 3842 nominc
443 3785 540 3850 hodie,
554 3801 635 3859 atque·
645 3789 706 3842 olim
714 3812 756 3846 ve·
801 3807 842 3858 te,
855 3793 901 3848 sed
915 3813 946 3846 ex
957 3793 1074 3845 nubibus
1084 3794 1169 3846 fsctae.
1182 3793 1251 3844 Serv.
1262 3822 1298 3832 —

258 3874 360 3938 nerins,
373 3867 470 3920 docent
479 3867 644 3934 Willichius,
655 3883 680 3922 et
688 3869 753 3924 Plin.
799 3875 876 3926 Hunc
888 3891 994 3925 sensum
1006 3871 1164 3924 confirmant
1179 3873 1295 3944 Hepnius

257 3956 304 4018 lv,
315 3969 353 4004 ra.
368 3949 448 4002 Taub.
456 3976 492 3986 —
501 3949 664 4020 Meotiaque.
674 3952 755 4002 Meo·
799 3965 826 4005 et
836 3951 874 4003 Cl.
888 3953 964 4003 Voss.

258 4035 291 4087 tis
303 4030 380 4103 palus
392 4039 432 4082 cst
441 4025 568 4099 Scythia,
581 4029 680 4100 frigore
689 4049 754 4083 con·
834 4029 893 4083 360.
909 4032 1077 4083 &remeunt
1087 4029 1175 4082 subite
1185 4030 1296 4084 consuti
