<?xml version="1.0" encoding="UTF-8"?>
<!DOCTYPE html PUBLIC "-//W3C//DTD XHTML 1.0 Transitional//EN"
    "http://www.w3.org/TR/xhtml1/DTD/xhtml1-transitional.dtd">
<html xmlns="http://www.w3.org/1999/xhtml" xml:lang="en" lang="en">
 <head>
  <title>
</title>
<meta http-equiv="Content-Type" content="text/html;charset=utf-8" />
  <meta name='ocr-system' content='tesseract 3.04.00' />
  <meta name='ocr-capabilities' content='ocr_page ocr_carea ocr_par ocr_line ocrx_word'/>
</head>
<body>
  <div class='ocr_page' id='page_1' title='image "./pvirgiliusmaroq04barbgoog_0077.png"; bbox 0 0 2970 4714; ppageno 0'>
   <div class='ocr_carea' id='block_1_1' title="bbox 344 293 1228 388">
    <p class='ocr_par' dir='ltr' id='par_1_1' title="bbox 344 293 1228 388">
     <span class='ocr_line' id='line_1_1' title="bbox 344 293 1228 388; baseline -0.023 -17"><span class='ocrx_word' id='word_1_1' title='bbox 344 293 1056 370; x_wconf 79' lang='lat' dir='ltr'>rnonanrnrrannnsrrrurns</span> <span class='ocrx_word' id='word_1_2' title='bbox 1183 315 1228 388; x_wconf 77' lang='lat'>„-</span> 
     </span>
    </p>
   </div>
   <div class='ocr_carea' id='block_1_2' title="bbox 218 418 1049 597">
    <p class='ocr_par' dir='ltr' id='par_1_2' title="bbox 218 418 1049 597">
     <span class='ocr_line' id='line_1_2' title="bbox 218 418 979 506; baseline -0.008 -20"><span class='ocrx_word' id='word_1_3' title='bbox 218 423 330 486; x_wconf 80' lang='lat' dir='ltr'>Pastor</span> <span class='ocrx_word' id='word_1_4' title='bbox 341 427 407 506; x_wconf 89' lang='lat' dir='ltr'>agit</span> <span class='ocrx_word' id='word_1_5' title='bbox 417 442 523 498; x_wconf 83' lang='lat' dir='ltr'>curas,</span> <span class='ocrx_word' id='word_1_6' title='bbox 535 435 567 482; x_wconf 90' lang='lat' dir='ltr'>et</span> <span class='ocrx_word' id='word_1_7' title='bbox 578 418 671 494; x_wconf 90' lang='lat' dir='ltr'>dum,</span> <span class='ocrx_word' id='word_1_8' title='bbox 683 437 749 479; x_wconf 92' lang='lat' dir='ltr'>non</span> <span class='ocrx_word' id='word_1_9' title='bbox 762 431 829 478; x_wconf 89' lang='lat' dir='ltr'>arte</span> <span class='ocrx_word' id='word_1_10' title='bbox 839 439 979 492; x_wconf 75' lang='lat' dir='ltr'>corrono,</span> 
     </span>
     <span class='ocr_line' id='line_1_3' title="bbox 218 505 1049 597; baseline -0.004 -23"><span class='ocrx_word' id='word_1_11' title='bbox 218 515 388 597; x_wconf 88' lang='lat' dir='ltr'>Compacta</span> <span class='ocrx_word' id='word_1_12' title='bbox 400 513 530 576; x_wconf 90' lang='lat' dir='ltr'>solitum</span> <span class='ocrx_word' id='word_1_13' title='bbox 544 509 726 571; x_wconf 75' lang='lat' dir='ltr'><strong>modulatur</strong></span> <span class='ocrx_word' id='word_1_14' title='bbox 737 505 891 568; x_wconf 86' lang='lat' dir='ltr'>arundine</span> <span class='ocrx_word' id='word_1_15' title='bbox 903 529 1049 571; x_wconf 90' lang='lat' dir='ltr'>carmen:</span> 
     </span>
    </p>
   </div>
   <div class='ocr_carea' id='block_1_3' title="bbox 216 595 1089 2369">
    <p class='ocr_par' dir='ltr' id='par_1_3' title="bbox 216 595 1089 2369">
     <span class='ocr_line' id='line_1_4' title="bbox 217 595 982 685; baseline -0.005 -23"><span class='ocrx_word' id='word_1_16' title='bbox 217 602 333 662; x_wconf 89' lang='lat' dir='ltr'>Tendit</span> <span class='ocrx_word' id='word_1_17' title='bbox 335 599 404 685; x_wconf 82' lang='lat' dir='ltr'>jum</span> <span class='ocrx_word' id='word_1_18' title='bbox 415 615 540 662; x_wconf 85' lang='lat' dir='ltr'>erectus</span> <span class='ocrx_word' id='word_1_19' title='bbox 552 596 659 660; x_wconf 91' lang='lat' dir='ltr'>radios</span> <span class='ocrx_word' id='word_1_20' title='bbox 671 597 860 679; x_wconf 81' lang='lat' dir='ltr'>Hyperionis</span> <span class='ocrx_word' id='word_1_21' title='bbox 873 595 982 672; x_wconf 86' lang='lat' dir='ltr'>ardor,</span> 
     </span>
     <span class='ocr_line' id='line_1_5' title="bbox 216 685 990 772; baseline -0.001 -24"><span class='ocrx_word' id='word_1_22' title='bbox 216 687 397 772; x_wconf 84' lang='lat' dir='ltr'>Lucidaque</span> <span class='ocrx_word' id='word_1_23' title='bbox 409 686 545 750; x_wconf 72' lang='lat' dir='ltr'>aethereo</span> <span class='ocrx_word' id='word_1_24' title='bbox 557 689 649 770; x_wconf 90' lang='lat' dir='ltr'>ponit</span> <span class='ocrx_word' id='word_1_25' title='bbox 660 685 843 746; x_wconf 86' lang='lat' dir='ltr'>discrimina</span> <span class='ocrx_word' id='word_1_26' title='bbox 856 685 990 762; x_wconf 89' lang='lat' dir='ltr'>mundo;</span> 
     </span>
     <span class='ocr_line' id='line_1_6' title="bbox 218 775 1089 856; baseline 0 -20"><span class='ocrx_word' id='word_1_27' title='bbox 218 775 288 852; x_wconf 89' lang='lat' dir='ltr'>Qua</span> <span class='ocrx_word' id='word_1_28' title='bbox 298 776 378 856; x_wconf 91' lang='lat' dir='ltr'>jacit</span> <span class='ocrx_word' id='word_1_29' title='bbox 390 779 551 837; x_wconf 85' lang='lat' dir='ltr'>Oceanum</span> <span class='ocrx_word' id='word_1_30' title='bbox 565 775 706 836; x_wconf 79' lang='lat' dir='ltr'>flammas</span> <span class='ocrx_word' id='word_1_31' title='bbox 719 775 753 834; x_wconf 91' lang='lat' dir='ltr'>in</span> <span class='ocrx_word' id='word_1_32' title='bbox 766 789 936 856; x_wconf 87' lang='lat' dir='ltr'>utrumque</span> <span class='ocrx_word' id='word_1_33' title='bbox 947 795 1089 838; x_wconf 71' lang='lat' dir='ltr'>conates.</span> 
     </span>
     <span class='ocr_line' id='line_1_7' title="bbox 257 861 972 948; baseline 0 -24"><span class='ocrx_word' id='word_1_34' title='bbox 257 866 297 924; x_wconf 91' lang='lat' dir='ltr'>Et</span> <span class='ocrx_word' id='word_1_35' title='bbox 305 865 373 945; x_wconf 85' lang='lat' dir='ltr'>jam</span> <span class='ocrx_word' id='word_1_36' title='bbox 385 863 595 948; x_wconf 82' lang='lat' dir='ltr'>compellente</span> <span class='ocrx_word' id='word_1_37' title='bbox 607 883 694 946; x_wconf 84' lang='lat' dir='ltr'>vagoe</span> <span class='ocrx_word' id='word_1_38' title='bbox 706 873 832 946; x_wconf 77' lang='lat' dir='ltr'>pastore</span> <span class='ocrx_word' id='word_1_39' title='bbox 844 861 972 944; x_wconf 85' lang='lat' dir='ltr'>capellae</span> 
     </span>
     <span class='ocr_line' id='line_1_8' title="bbox 217 949 969 1036; baseline -0.003 -24"><span class='ocrx_word' id='word_1_40' title='bbox 217 953 294 1012; x_wconf 76' lang='lat' dir='ltr'>lene</span> <span class='ocrx_word' id='word_1_41' title='bbox 306 955 497 1014; x_wconf 87' lang='lat' dir='ltr'>susurrantis</span> <span class='ocrx_word' id='word_1_42' title='bbox 510 953 660 1036; x_wconf 77' lang='lat' dir='ltr'>repebant</span> <span class='ocrx_word' id='word_1_43' title='bbox 671 951 710 1012; x_wconf 89' lang='lat' dir='ltr'>ad</span> <span class='ocrx_word' id='word_1_44' title='bbox 723 949 803 1010; x_wconf 83' lang='lat' dir='ltr'>vada</span> <span class='ocrx_word' id='word_1_45' title='bbox 816 949 969 1032; x_wconf 70' lang='lat' dir='ltr'>lymphae,</span> 
     </span>
     <span class='ocr_line' id='line_1_9' title="bbox 217 1037 1030 1122; baseline -0.002 -20"><span class='ocrx_word' id='word_1_46' title='bbox 217 1041 295 1118; x_wconf 75' lang='lat' dir='ltr'>Quas</span> <span class='ocrx_word' id='word_1_47' title='bbox 307 1044 416 1104; x_wconf 84' lang='lat' dir='ltr'>subter</span> <span class='ocrx_word' id='word_1_48' title='bbox 426 1042 561 1104; x_wconf 81' lang='lat' dir='ltr'>viridem</span> <span class='ocrx_word' id='word_1_49' title='bbox 573 1040 724 1104; x_wconf 81' lang='lat' dir='ltr'>resonabat</span> <span class='ocrx_word' id='word_1_50' title='bbox 735 1037 856 1122; x_wconf 76' lang='lat' dir='ltr'>portula</span> <span class='ocrx_word' id='word_1_51' title='bbox 867 1061 1009 1100; x_wconf 87' lang='lat' dir='ltr'>muscum</span> <span class='ocrx_word' id='word_1_52' title='bbox 1022 1063 1030 1099; x_wconf 91' lang='lat'><strong>:</strong></span> 
     </span>
     <span class='ocr_line' id='line_1_10' title="bbox 216 1127 983 1213; baseline -0.001 -26"><span class='ocrx_word' id='word_1_53' title='bbox 216 1129 287 1188; x_wconf 67' lang='lat' dir='ltr'>,lam</span> <span class='ocrx_word' id='word_1_54' title='bbox 300 1131 420 1192; x_wconf 86' lang='lat' dir='ltr'>medias</span> <span class='ocrx_word' id='word_1_55' title='bbox 433 1151 564 1213; x_wconf 84' lang='lat' dir='ltr'>operum</span> <span class='ocrx_word' id='word_1_56' title='bbox 577 1145 682 1211; x_wconf 88' lang='lat' dir='ltr'>partes</span> <span class='ocrx_word' id='word_1_57' title='bbox 695 1143 822 1190; x_wconf 85' lang='lat' dir='ltr'>erectus</span> <span class='ocrx_word' id='word_1_58' title='bbox 835 1141 902 1188; x_wconf 89' lang='lat' dir='ltr'>erat</span> <span class='ocrx_word' id='word_1_59' title='bbox 912 1127 964 1188; x_wconf 86' lang='lat' dir='ltr'>Sol</span> <span class='ocrx_word' id='word_1_60' title='bbox 977 1151 983 1187; x_wconf 91' lang='lat'>:</span> 
     </span>
     <span class='ocr_line' id='line_1_11' title="bbox 217 1216 1061 1302; baseline 0 -23"><span class='ocrx_word' id='word_1_61' title='bbox 217 1217 324 1294; x_wconf 88' lang='lat' dir='ltr'>Quum</span> <span class='ocrx_word' id='word_1_62' title='bbox 336 1218 449 1280; x_wconf 82' lang='lat' dir='ltr'>deneas</span> <span class='ocrx_word' id='word_1_63' title='bbox 461 1235 572 1301; x_wconf 82' lang='lat' dir='ltr'>pastor</span> <span class='ocrx_word' id='word_1_64' title='bbox 583 1218 718 1302; x_wconf 85' lang='lat' dir='ltr'>pecudes</span> <span class='ocrx_word' id='word_1_65' title='bbox 727 1216 860 1298; x_wconf 84' lang='lat' dir='ltr'>cogebat</span> <span class='ocrx_word' id='word_1_66' title='bbox 871 1218 904 1277; x_wconf 90' lang='lat' dir='ltr'>in</span> <span class='ocrx_word' id='word_1_67' title='bbox 917 1218 1061 1295; x_wconf 81' lang='lat' dir='ltr'>umbras,</span> 
     </span>
     <span class='ocr_line' id='line_1_12' title="bbox 218 1306 915 1390; baseline -0.001 -24"><span class='ocrx_word' id='word_1_68' title='bbox 218 1308 257 1367; x_wconf 85' lang='lat' dir='ltr'>Et</span> <span class='ocrx_word' id='word_1_69' title='bbox 270 1308 382 1390; x_wconf 88' lang='lat' dir='ltr'>procul</span> <span class='ocrx_word' id='word_1_70' title='bbox 395 1307 541 1390; x_wconf 80' lang='lat' dir='ltr'>adspexit</span> <span class='ocrx_word' id='word_1_71' title='bbox 552 1307 626 1368; x_wconf 91' lang='lat' dir='ltr'>luco</span> <span class='ocrx_word' id='word_1_72' title='bbox 639 1306 774 1368; x_wconf 77' lang='lat' dir='ltr'>recubare</span> <span class='ocrx_word' id='word_1_73' title='bbox 785 1307 915 1382; x_wconf 87' lang='lat' dir='ltr'>virenti,</span> 
     </span>
     <span class='ocr_line' id='line_1_13' title="bbox 217 1393 960 1480; baseline 0 -24"><span class='ocrx_word' id='word_1_74' title='bbox 217 1395 308 1456; x_wconf 89' lang='lat' dir='ltr'>Delia</span> <span class='ocrx_word' id='word_1_75' title='bbox 320 1397 408 1472; x_wconf 86' lang='lat' dir='ltr'>diva,</span> <span class='ocrx_word' id='word_1_76' title='bbox 421 1412 477 1458; x_wconf 92' lang='lat' dir='ltr'>tuo</span> <span class='ocrx_word' id='word_1_77' title='bbox 489 1421 496 1458; x_wconf 76' lang='grc'><strong>1</strong></span> <span class='ocrx_word' id='word_1_78' title='bbox 510 1413 574 1480; x_wconf 87' lang='lat' dir='ltr'>quo</span> <span class='ocrx_word' id='word_1_79' title='bbox 587 1395 749 1479; x_wconf 82' lang='lat' dir='ltr'>quondam</span> <span class='ocrx_word' id='word_1_80' title='bbox 761 1397 842 1456; x_wconf 86' lang='lat' dir='ltr'>victa</span> <span class='ocrx_word' id='word_1_81' title='bbox 853 1393 960 1456; x_wconf 81' lang='lat' dir='ltr'>furore</span> 
     </span>
     <span class='ocr_line' id='line_1_14' title="bbox 217 1483 913 1568; baseline 0.003 -26"><span class='ocrx_word' id='word_1_82' title='bbox 217 1484 312 1544; x_wconf 88' lang='lat' dir='ltr'>Venit</span> <span class='ocrx_word' id='word_1_83' title='bbox 323 1483 502 1568; x_wconf 82' lang='lat' dir='ltr'>Nyctelium</span> <span class='ocrx_word' id='word_1_84' title='bbox 514 1484 639 1566; x_wconf 84' lang='lat' dir='ltr'>fugiens</span> <span class='ocrx_word' id='word_1_85' title='bbox 651 1484 797 1546; x_wconf 84' lang='lat' dir='ltr'>Cadmeis</span> <span class='ocrx_word' id='word_1_86' title='bbox 807 1485 913 1566; x_wconf 84' lang='lat' dir='ltr'>Agave</span> 
     </span>
     <span class='ocr_line' id='line_1_15' title="bbox 216 1569 937 1649; baseline 0.006 -19"><span class='ocrx_word' id='word_1_87' title='bbox 216 1569 365 1633; x_wconf 73' lang='lat' dir='ltr'>Infandos</span> <span class='ocrx_word' id='word_1_88' title='bbox 378 1573 525 1636; x_wconf 87' lang='lat' dir='ltr'>scelerata</span> <span class='ocrx_word' id='word_1_89' title='bbox 537 1595 650 1636; x_wconf 85' lang='lat' dir='ltr'>manus</span> <span class='ocrx_word' id='word_1_90' title='bbox 662 1593 679 1636; x_wconf 89' lang='lat' dir='ltr'>e</span> <span class='ocrx_word' id='word_1_91' title='bbox 691 1573 777 1636; x_wconf 74' lang='lat' dir='ltr'>carde</span> <span class='ocrx_word' id='word_1_92' title='bbox 789 1587 937 1649; x_wconf 64' lang='lat' dir='ltr'>cruenta,</span> 
     </span>
     <span class='ocr_line' id='line_1_16' title="bbox 217 1661 976 1746; baseline 0.005 -26"><span class='ocrx_word' id='word_1_93' title='bbox 217 1662 260 1721; x_wconf 84' lang='lat' dir='ltr'>Et</span> <span class='ocrx_word' id='word_1_94' title='bbox 269 1661 380 1744; x_wconf 76' lang='lat' dir='ltr'>gelidis</span> <span class='ocrx_word' id='word_1_95' title='bbox 392 1662 545 1726; x_wconf 83' lang='lat' dir='ltr'>bacchata</span> <span class='ocrx_word' id='word_1_96' title='bbox 555 1665 642 1745; x_wconf 82' lang='lat' dir='ltr'>jugis</span> <span class='ocrx_word' id='word_1_97' title='bbox 655 1664 809 1746; x_wconf 85' lang='lat' dir='ltr'>requievit</span> <span class='ocrx_word' id='word_1_98' title='bbox 821 1665 856 1724; x_wconf 91' lang='lat' dir='ltr'>in</span> <span class='ocrx_word' id='word_1_99' title='bbox 868 1679 976 1740; x_wconf 89' lang='lat' dir='ltr'>antro,</span> 
     </span>
     <span class='ocr_line' id='line_1_17' title="bbox 217 1751 902 1838; baseline 0.007 -29"><span class='ocrx_word' id='word_1_100' title='bbox 217 1751 376 1814; x_wconf 80' lang='lat' dir='ltr'>Posterius</span> <span class='ocrx_word' id='word_1_101' title='bbox 384 1774 515 1838; x_wconf 65' lang='lat' dir='ltr'>prauam</span> <span class='ocrx_word' id='word_1_102' title='bbox 529 1755 614 1835; x_wconf 86' lang='lat' dir='ltr'>gnati</span> <span class='ocrx_word' id='word_1_103' title='bbox 627 1751 662 1814; x_wconf 84' lang='lat' dir='ltr'>de</span> <span class='ocrx_word' id='word_1_104' title='bbox 673 1768 776 1814; x_wconf 89' lang='lat' dir='ltr'>morte</span> <span class='ocrx_word' id='word_1_105' title='bbox 787 1753 902 1814; x_wconf 79' lang='lat' dir='ltr'>dotum·</span> 
     </span>
     <span class='ocr_line' id='line_1_18' title="bbox 218 1837 923 1904; baseline 0.01 -9"><span class='ocrx_word' id='word_1_106' title='bbox 218 1837 278 1897; x_wconf 88' lang='lat' dir='ltr'>Hic</span> <span class='ocrx_word' id='word_1_107' title='bbox 291 1842 387 1902; x_wconf 85' lang='lat' dir='ltr'>etiam</span> <span class='ocrx_word' id='word_1_108' title='bbox 399 1842 492 1902; x_wconf 86' lang='lat' dir='ltr'>viridi</span> <span class='ocrx_word' id='word_1_109' title='bbox 505 1841 650 1902; x_wconf 86' lang='lat' dir='ltr'>ludentes</span> <span class='ocrx_word' id='word_1_110' title='bbox 662 1843 764 1902; x_wconf 85' lang='lat' dir='ltr'>Panes</span> <span class='ocrx_word' id='word_1_111' title='bbox 776 1843 809 1904; x_wconf 91' lang='lat' dir='ltr'>in</span> <span class='ocrx_word' id='word_1_112' title='bbox 822 1841 923 1902; x_wconf 89' lang='lat' dir='ltr'>herba</span> 
     </span>
     <span class='ocr_line' id='line_1_19' title="bbox 218 1923 945 2012; baseline 0.015 -31"><span class='ocrx_word' id='word_1_113' title='bbox 218 1923 259 1983; x_wconf 88' lang='lat' dir='ltr'>Et</span> <span class='ocrx_word' id='word_1_114' title='bbox 269 1927 368 2008; x_wconf 78' lang='lat' dir='ltr'>Satyri</span> <span class='ocrx_word' id='word_1_115' title='bbox 382 1929 586 2012; x_wconf 77' lang='lat' dir='ltr'>Dryadesque</span> <span class='ocrx_word' id='word_1_116' title='bbox 598 1929 714 1990; x_wconf 88' lang='lat' dir='ltr'>choros</span> <span class='ocrx_word' id='word_1_117' title='bbox 726 1947 817 2011; x_wconf 86' lang='lat' dir='ltr'>egere</span> <span class='ocrx_word' id='word_1_118' title='bbox 830 1929 945 2012; x_wconf 80' lang='lat' dir='ltr'>pnellae</span> 
     </span>
     <span class='ocr_line' id='line_1_20' title="bbox 216 2011 1059 2101; baseline 0.012 -29"><span class='ocrx_word' id='word_1_119' title='bbox 216 2012 374 2076; x_wconf 81' lang='lat' dir='ltr'>Naiadum</span> <span class='ocrx_word' id='word_1_120' title='bbox 386 2031 415 2078; x_wconf 85' lang='lat' dir='ltr'>et</span> <span class='ocrx_word' id='word_1_121' title='bbox 423 2032 519 2080; x_wconf 84' lang='lat' dir='ltr'>coetus.</span> <span class='ocrx_word' id='word_1_122' title='bbox 532 2020 670 2080; x_wconf 87' lang='lat' dir='ltr'>Tantum</span> <span class='ocrx_word' id='word_1_123' title='bbox 683 2011 748 2078; x_wconf 84' lang='lat' dir='ltr'>don</span> <span class='ocrx_word' id='word_1_124' title='bbox 760 2017 905 2101; x_wconf 81' lang='lat' dir='ltr'>Orpbeus</span> <span class='ocrx_word' id='word_1_125' title='bbox 917 2017 1059 2082; x_wconf 87' lang='lat' dir='ltr'>Hebrum</span> 
     </span>
     <span class='ocr_line' id='line_1_21' title="bbox 218 2103 945 2190; baseline 0.006 -26"><span class='ocrx_word' id='word_1_126' title='bbox 218 2103 399 2165; x_wconf 86' lang='lat' dir='ltr'>Restantem</span> <span class='ocrx_word' id='word_1_127' title='bbox 411 2109 514 2169; x_wconf 88' lang='lat' dir='ltr'>tenuit</span> <span class='ocrx_word' id='word_1_128' title='bbox 525 2109 604 2190; x_wconf 87' lang='lat' dir='ltr'>ripis</span> <span class='ocrx_word' id='word_1_129' title='bbox 616 2105 773 2188; x_wconf 82' lang='lat' dir='ltr'>silvasque</span> <span class='ocrx_word' id='word_1_130' title='bbox 784 2107 945 2181; x_wconf 88' lang='lat' dir='ltr'>canendo;</span> 
     </span>
     <span class='ocr_line' id='line_1_22' title="bbox 216 2193 1026 2280; baseline 0.007 -27"><span class='ocrx_word' id='word_1_131' title='bbox 216 2193 380 2270; x_wconf 89' lang='lat' dir='ltr'>Quantum</span> <span class='ocrx_word' id='word_1_132' title='bbox 392 2209 422 2258; x_wconf 89' lang='lat' dir='ltr'>te</span> <span class='ocrx_word' id='word_1_133' title='bbox 433 2201 537 2280; x_wconf 76' lang='lat' dir='ltr'>pernix</span> <span class='ocrx_word' id='word_1_134' title='bbox 549 2211 777 2272; x_wconf 85' lang='lat' dir='ltr'>remorantem,</span> <span class='ocrx_word' id='word_1_135' title='bbox 789 2201 881 2272; x_wconf 85' lang='lat' dir='ltr'>Divo,</span> <span class='ocrx_word' id='word_1_136' title='bbox 894 2197 1026 2274; x_wconf 72' lang='lat' dir='ltr'>eborea,</span> 
     </span>
     <span class='ocr_line' id='line_1_23' title="bbox 217 2282 897 2369; baseline 0.015 -28"><span class='ocrx_word' id='word_1_137' title='bbox 217 2282 317 2344; x_wconf 90' lang='lat' dir='ltr'>Multa</span> <span class='ocrx_word' id='word_1_138' title='bbox 331 2285 390 2347; x_wconf 88' lang='lat' dir='ltr'>tibi</span> <span class='ocrx_word' id='word_1_139' title='bbox 402 2287 475 2348; x_wconf 83' lang='lat' dir='ltr'>laeto</span> <span class='ocrx_word' id='word_1_140' title='bbox 488 2286 658 2350; x_wconf 86' lang='lat' dir='ltr'>fundentes</span> <span class='ocrx_word' id='word_1_141' title='bbox 671 2286 784 2369; x_wconf 82' lang='lat' dir='ltr'>gaudia</span> <span class='ocrx_word' id='word_1_142' title='bbox 796 2289 897 2351; x_wconf 83' lang='lat' dir='ltr'>vultu.</span> 
     </span>
    </p>
   </div>
   <div class='ocr_carea' id='block_1_4' title="bbox 216 2370 1038 3885">
    <p class='ocr_par' dir='ltr' id='par_1_4' title="bbox 216 2370 1038 3704">
     <span class='ocr_line' id='line_1_24' title="bbox 217 2370 979 2452; baseline 0.013 -23"><span class='ocrx_word' id='word_1_143' title='bbox 217 2370 288 2452; x_wconf 90' lang='lat' dir='ltr'>lpsa</span> <span class='ocrx_word' id='word_1_144' title='bbox 302 2372 364 2434; x_wconf 90' lang='lat' dir='ltr'>loci</span> <span class='ocrx_word' id='word_1_145' title='bbox 377 2390 489 2437; x_wconf 86' lang='lat' dir='ltr'>natura</span> <span class='ocrx_word' id='word_1_146' title='bbox 502 2376 634 2438; x_wconf 89' lang='lat' dir='ltr'>domum</span> <span class='ocrx_word' id='word_1_147' title='bbox 646 2389 813 2438; x_wconf 86' lang='lat' dir='ltr'>resonante</span> <span class='ocrx_word' id='word_1_148' title='bbox 825 2397 954 2439; x_wconf 83' lang='lat' dir='ltr'>susurro</span> <span class='ocrx_word' id='word_1_149' title='bbox 976 2421 979 2428; x_wconf 63' lang='grc'><em>.</em></span> 
     </span>
     <span class='ocr_line' id='line_1_25' title="bbox 217 2460 1000 2539; baseline 0.009 -22"><span class='ocrx_word' id='word_1_150' title='bbox 217 2461 274 2518; x_wconf 86' lang='lat' dir='ltr'>His</span> <span class='ocrx_word' id='word_1_151' title='bbox 285 2460 396 2539; x_wconf 85' lang='lat' dir='ltr'>dabat,</span> <span class='ocrx_word' id='word_1_152' title='bbox 409 2479 440 2524; x_wconf 91' lang='lat' dir='ltr'>et</span> <span class='ocrx_word' id='word_1_153' title='bbox 451 2464 538 2525; x_wconf 88' lang='lat' dir='ltr'>dulci</span> <span class='ocrx_word' id='word_1_154' title='bbox 551 2463 647 2526; x_wconf 77' lang='lat' dir='ltr'>fessas</span> <span class='ocrx_word' id='word_1_155' title='bbox 658 2463 821 2526; x_wconf 78' lang='lat' dir='ltr'>refovebat</span> <span class='ocrx_word' id='word_1_156' title='bbox 832 2465 865 2522; x_wconf 89' lang='lat' dir='ltr'>in</span> <span class='ocrx_word' id='word_1_157' title='bbox 878 2461 1000 2524; x_wconf 81' lang='lat' dir='ltr'>umbra.</span> 
     </span>
     <span class='ocr_line' id='line_1_26' title="bbox 216 2547 997 2637; baseline 0.006 -29"><span class='ocrx_word' id='word_1_158' title='bbox 216 2547 297 2610; x_wconf 90' lang='lat' dir='ltr'>Nam</span> <span class='ocrx_word' id='word_1_159' title='bbox 310 2552 448 2634; x_wconf 88' lang='lat' dir='ltr'>primum</span> <span class='ocrx_word' id='word_1_160' title='bbox 462 2572 563 2636; x_wconf 88' lang='lat' dir='ltr'>prona</span> <span class='ocrx_word' id='word_1_161' title='bbox 576 2552 749 2637; x_wconf 76' lang='lat' dir='ltr'>surgebant</span> <span class='ocrx_word' id='word_1_162' title='bbox 760 2553 843 2614; x_wconf 83' lang='lat' dir='ltr'>valle</span> <span class='ocrx_word' id='word_1_163' title='bbox 853 2565 997 2635; x_wconf 85' lang='lat' dir='ltr'>patentes</span> 
     </span>
     <span class='ocr_line' id='line_1_27' title="bbox 218 2639 896 2727; baseline 0.007 -29"><span class='ocrx_word' id='word_1_164' title='bbox 218 2639 316 2702; x_wconf 79' lang='lat' dir='ltr'>Aerioe</span> <span class='ocrx_word' id='word_1_165' title='bbox 327 2641 489 2723; x_wconf 89' lang='lat' dir='ltr'>platanus;</span> <span class='ocrx_word' id='word_1_166' title='bbox 504 2646 584 2705; x_wconf 90' lang='lat' dir='ltr'>inter</span> <span class='ocrx_word' id='word_1_167' title='bbox 596 2665 675 2727; x_wconf 85' lang='lat' dir='ltr'>quas</span> <span class='ocrx_word' id='word_1_168' title='bbox 688 2645 787 2726; x_wconf 91' lang='lat' dir='ltr'>impia</span> <span class='ocrx_word' id='word_1_169' title='bbox 799 2643 896 2716; x_wconf 85' lang='lat' dir='ltr'>lotos,</span> 
     </span>
     <span class='ocr_line' id='line_1_28' title="bbox 218 2725 949 2813; baseline 0.01 -28"><span class='ocrx_word' id='word_1_170' title='bbox 218 2725 333 2809; x_wconf 83' lang='lat' dir='ltr'>Impia,</span> <span class='ocrx_word' id='word_1_171' title='bbox 346 2751 416 2810; x_wconf 75' lang='lat' dir='ltr'>quse</span> <span class='ocrx_word' id='word_1_172' title='bbox 428 2735 530 2794; x_wconf 87' lang='lat' dir='ltr'>socios</span> <span class='ocrx_word' id='word_1_173' title='bbox 543 2731 642 2795; x_wconf 92' lang='lat' dir='ltr'>lthaci</span> <span class='ocrx_word' id='word_1_174' title='bbox 656 2734 816 2794; x_wconf 84' lang='lat' dir='ltr'>nroerentis</span> <span class='ocrx_word' id='word_1_175' title='bbox 829 2729 949 2813; x_wconf 77' lang='lat' dir='ltr'>abegit,</span> 
     </span>
     <span class='ocr_line' id='line_1_29' title="bbox 218 2816 987 2904; baseline 0.008 -28"><span class='ocrx_word' id='word_1_176' title='bbox 218 2816 350 2899; x_wconf 87' lang='lat' dir='ltr'>Hospita</span> <span class='ocrx_word' id='word_1_177' title='bbox 364 2819 440 2880; x_wconf 88' lang='lat' dir='ltr'>dum</span> <span class='ocrx_word' id='word_1_178' title='bbox 453 2825 551 2882; x_wconf 91' lang='lat' dir='ltr'>nimia</span> <span class='ocrx_word' id='word_1_179' title='bbox 566 2823 669 2884; x_wconf 91' lang='lat' dir='ltr'>tenuit</span> <span class='ocrx_word' id='word_1_180' title='bbox 680 2820 850 2883; x_wconf 90' lang='lat' dir='ltr'>dulcedine</span> <span class='ocrx_word' id='word_1_181' title='bbox 862 2837 987 2904; x_wconf 89' lang='lat' dir='ltr'>captos;</span> 
     </span>
     <span class='ocr_line' id='line_1_30' title="bbox 217 2906 984 2995; baseline 0.01 -31"><span class='ocrx_word' id='word_1_182' title='bbox 217 2906 278 2981; x_wconf 84' lang='lat' dir='ltr'>Ac,</span> <span class='ocrx_word' id='word_1_183' title='bbox 291 2907 407 2989; x_wconf 89' lang='lat' dir='ltr'>quibus</span> <span class='ocrx_word' id='word_1_184' title='bbox 421 2913 537 2994; x_wconf 78' lang='lat' dir='ltr'>insigni</span> <span class='ocrx_word' id='word_1_185' title='bbox 549 2934 644 2974; x_wconf 91' lang='lat' dir='ltr'>curru</span> <span class='ocrx_word' id='word_1_186' title='bbox 655 2912 817 2995; x_wconf 85' lang='lat' dir='ltr'>projectus</span> <span class='ocrx_word' id='word_1_187' title='bbox 829 2931 984 2994; x_wconf 86' lang='lat' dir='ltr'>equorum</span> 
     </span>
     <span class='ocr_line' id='line_1_31' title="bbox 216 2997 966 3078; baseline 0.013 -25"><span class='ocrx_word' id='word_1_188' title='bbox 216 2997 388 3060; x_wconf 84' lang='lat' dir='ltr'>Ambustus</span> <span class='ocrx_word' id='word_1_189' title='bbox 401 2999 565 3064; x_wconf 86' lang='lat' dir='ltr'>Phaethon</span> <span class='ocrx_word' id='word_1_190' title='bbox 578 3004 666 3064; x_wconf 90' lang='lat' dir='ltr'>luctu</span> <span class='ocrx_word' id='word_1_191' title='bbox 678 3016 854 3064; x_wconf 85' lang='lat' dir='ltr'>mutaverat</span> <span class='ocrx_word' id='word_1_192' title='bbox 864 3017 966 3078; x_wconf 87' lang='lat' dir='ltr'>artus,</span> 
     </span>
     <span class='ocr_line' id='line_1_32' title="bbox 220 3083 928 3174; baseline 0.011 -32"><span class='ocrx_word' id='word_1_193' title='bbox 220 3083 366 3148; x_wconf 85' lang='lat' dir='ltr'>Heliades</span> <span class='ocrx_word' id='word_1_194' title='bbox 381 3093 494 3152; x_wconf 86' lang='lat' dir='ltr'>teneris</span> <span class='ocrx_word' id='word_1_195' title='bbox 507 3091 640 3174; x_wconf 68' lang='lat' dir='ltr'>implexae</span> <span class='ocrx_word' id='word_1_196' title='bbox 650 3091 780 3152; x_wconf 86' lang='lat' dir='ltr'>brachia</span> <span class='ocrx_word' id='word_1_197' title='bbox 793 3094 928 3164; x_wconf 88' lang='lat' dir='ltr'>truncis,</span> 
     </span>
     <span class='ocr_line' id='line_1_33' title="bbox 220 3172 922 3257; baseline 0.01 -27"><span class='ocrx_word' id='word_1_198' title='bbox 220 3172 362 3233; x_wconf 88' lang='lat' dir='ltr'>Candida</span> <span class='ocrx_word' id='word_1_199' title='bbox 373 3177 542 3257; x_wconf 75' lang='lat' dir='ltr'>posidebunt</span> <span class='ocrx_word' id='word_1_200' title='bbox 553 3178 636 3242; x_wconf 82' lang='lat' dir='ltr'>lentis</span> <span class='ocrx_word' id='word_1_201' title='bbox 649 3181 803 3241; x_wconf 84' lang='lat' dir='ltr'>velamina</span> <span class='ocrx_word' id='word_1_202' title='bbox 816 3180 922 3238; x_wconf 85' lang='lat' dir='ltr'>ramis.</span> 
     </span>
     <span class='ocr_line' id='line_1_34' title="bbox 218 3261 947 3348; baseline 0.007 -29"><span class='ocrx_word' id='word_1_203' title='bbox 218 3261 394 3338; x_wconf 85' lang='lat' dir='ltr'>Posterius,</span> <span class='ocrx_word' id='word_1_204' title='bbox 406 3266 456 3324; x_wconf 89' lang='lat' dir='ltr'>cui</span> <span class='ocrx_word' id='word_1_205' title='bbox 468 3266 677 3348; x_wconf 87' lang='lat' dir='ltr'>Demophoon</span> <span class='ocrx_word' id='word_1_206' title='bbox 690 3283 806 3330; x_wconf 75' lang='lat' dir='ltr'>aeterna</span> <span class='ocrx_word' id='word_1_207' title='bbox 818 3265 947 3346; x_wconf 89' lang='lat' dir='ltr'>reliquit</span> 
     </span>
     <span class='ocr_line' id='line_1_35' title="bbox 218 3349 915 3431; baseline 0.004 -21"><span class='ocrx_word' id='word_1_208' title='bbox 218 3349 352 3431; x_wconf 78' lang='lat' dir='ltr'>Pepldt&#39;oe</span> <span class='ocrx_word' id='word_1_209' title='bbox 366 3350 508 3428; x_wconf 83' lang='lat' dir='ltr'>lamento,</span> <span class='ocrx_word' id='word_1_210' title='bbox 520 3353 620 3414; x_wconf 74' lang='lat' dir='ltr'>*dolis</span> <span class='ocrx_word' id='word_1_211' title='bbox 630 3356 699 3417; x_wconf 74' lang='lat' dir='ltr'>dion</span> <span class='ocrx_word' id='word_1_212' title='bbox 714 3354 783 3416; x_wconf 84' lang='lat' dir='ltr'>lusit</span> <span class='ocrx_word' id='word_1_213' title='bbox 793 3352 915 3416; x_wconf 81' lang='lat' dir='ltr'>inultis*</span> 
     </span>
     <span class='ocr_line' id='line_1_36' title="bbox 219 3442 1008 3525; baseline 0.008 -26"><span class='ocrx_word' id='word_1_214' title='bbox 219 3442 323 3517; x_wconf 87' lang='lat' dir='ltr'>Quam</span> <span class='ocrx_word' id='word_1_215' title='bbox 335 3442 571 3504; x_wconf 87' lang='lat' dir='ltr'>comitabantur</span> <span class='ocrx_word' id='word_1_216' title='bbox 581 3443 692 3507; x_wconf 85' lang='lat' dir='ltr'>fatalia</span> <span class='ocrx_word' id='word_1_217' title='bbox 703 3445 845 3506; x_wconf 87' lang='lat' dir='ltr'>carmina</span> <span class='ocrx_word' id='word_1_218' title='bbox 858 3463 1008 3525; x_wconf 85' lang='lat' dir='ltr'>quereus,</span> 
     </span>
     <span class='ocr_line' id='line_1_37' title="bbox 219 3529 1038 3616; baseline 0.007 -27"><span class='ocrx_word' id='word_1_219' title='bbox 219 3529 360 3605; x_wconf 88' lang='lat' dir='ltr'>Quercus</span> <span class='ocrx_word' id='word_1_220' title='bbox 373 3546 446 3592; x_wconf 90' lang='lat' dir='ltr'>ante</span> <span class='ocrx_word' id='word_1_221' title='bbox 459 3531 553 3608; x_wconf 76' lang='lat' dir='ltr'>datae,</span> <span class='ocrx_word' id='word_1_222' title='bbox 565 3535 685 3594; x_wconf 84' lang='lat' dir='ltr'>Cereris</span> <span class='ocrx_word' id='word_1_223' title='bbox 697 3555 793 3616; x_wconf 85' lang='lat' dir='ltr'>quam</span> <span class='ocrx_word' id='word_1_224' title='bbox 806 3535 941 3610; x_wconf 78' lang='lat' dir='ltr'>semina,</span> <span class='ocrx_word' id='word_1_225' title='bbox 953 3535 1038 3608; x_wconf 76' lang='lat' dir='ltr'>vitae3</span> 
     </span>
     <span class='ocr_line' id='line_1_38' title="bbox 219 3617 879 3704; baseline 0.008 -26"><span class='ocrx_word' id='word_1_226' title='bbox 219 3617 291 3678; x_wconf 87' lang='lat' dir='ltr'>lllas</span> <span class='ocrx_word' id='word_1_227' title='bbox 301 3621 486 3704; x_wconf 85' lang='lat' dir='ltr'>Triptolemi</span> <span class='ocrx_word' id='word_1_228' title='bbox 501 3626 637 3685; x_wconf 87' lang='lat' dir='ltr'>mutavit</span> <span class='ocrx_word' id='word_1_229' title='bbox 648 3623 752 3684; x_wconf 87' lang='lat' dir='ltr'>sulcus</span> <span class='ocrx_word' id='word_1_230' title='bbox 764 3626 879 3684; x_wconf 86' lang='lat' dir='ltr'>aristis.</span> 
     </span>
    </p>

    <p class='ocr_par' dir='ltr' id='par_1_5' title="bbox 219 3709 990 3885">
     <span class='ocr_line' id='line_1_39' title="bbox 220 3709 990 3796; baseline 0.008 -28"><span class='ocrx_word' id='word_1_231' title='bbox 220 3709 296 3784; x_wconf 84' lang='lat' dir='ltr'>llic,</span> <span class='ocrx_word' id='word_1_232' title='bbox 307 3731 458 3792; x_wconf 87' lang='lat' dir='ltr'>magnum</span> <span class='ocrx_word' id='word_1_233' title='bbox 471 3715 579 3794; x_wconf 82' lang='lat' dir='ltr'>Argoae</span> <span class='ocrx_word' id='word_1_234' title='bbox 592 3715 665 3772; x_wconf 88' lang='lat' dir='ltr'>navi</span> <span class='ocrx_word' id='word_1_235' title='bbox 678 3713 788 3788; x_wconf 87' lang='lat' dir='ltr'>decus,</span> <span class='ocrx_word' id='word_1_236' title='bbox 800 3712 885 3773; x_wconf 88' lang='lat' dir='ltr'>edita</span> <span class='ocrx_word' id='word_1_237' title='bbox 897 3715 990 3796; x_wconf 86' lang='lat' dir='ltr'>pinus</span> 
     </span>
     <span class='ocr_line' id='line_1_40' title="bbox 219 3797 930 3885; baseline 0.008 -29"><span class='ocrx_word' id='word_1_238' title='bbox 219 3797 369 3860; x_wconf 88' lang='lat' dir='ltr'>Proceras</span> <span class='ocrx_word' id='word_1_239' title='bbox 381 3800 510 3862; x_wconf 89' lang='lat' dir='ltr'>decorat</span> <span class='ocrx_word' id='word_1_240' title='bbox 522 3803 616 3864; x_wconf 82' lang='lat' dir='ltr'>silvas</span> <span class='ocrx_word' id='word_1_241' title='bbox 630 3801 750 3864; x_wconf 86' lang='lat' dir='ltr'>hirsuta</span> <span class='ocrx_word' id='word_1_242' title='bbox 762 3815 930 3885; x_wconf 74' lang='lat' dir='ltr'>peractus,</span> 
     </span>
    </p>
   </div>
   <div class='ocr_carea' id='block_1_5' title="bbox 179 3961 1226 4099">
    <p class='ocr_par' dir='ltr' id='par_1_6' title="bbox 179 3961 1226 4099">
     <span class='ocr_line' id='line_1_41' title="bbox 212 3961 1226 4028; baseline 0.001 -20"><span class='ocrx_word' id='word_1_243' title='bbox 212 3962 407 4026; x_wconf 82' lang='lat' dir='ltr'>luterpolatioues</span> <span class='ocrx_word' id='word_1_244' title='bbox 422 3965 538 4012; x_wconf 85' lang='lat' dir='ltr'>rariorum</span> <span class='ocrx_word' id='word_1_245' title='bbox 550 3963 605 4011; x_wconf 83' lang='lat' dir='ltr'>inde</span> <span class='ocrx_word' id='word_1_246' title='bbox 615 3979 629 4012; x_wconf 84' lang='lat' dir='ltr'>a</span> <span class='ocrx_word' id='word_1_247' title='bbox 640 3981 662 4010; x_wconf 82' lang='lat' dir='ltr'>v.</span> <span class='ocrx_word' id='word_1_248' title='bbox 681 3963 736 4022; x_wconf 78' lang='grc'><strong>1116,</strong></span> <span class='ocrx_word' id='word_1_249' title='bbox 755 3961 804 4012; x_wconf 73' lang='lat' dir='ltr'>alit</span> <span class='ocrx_word' id='word_1_250' title='bbox 812 3962 943 4028; x_wconf 66' lang='lat' dir='ltr'>preclara,</span> <span class='ocrx_word' id='word_1_251' title='bbox 954 3975 980 4010; x_wconf 90' lang='lat' dir='ltr'>ut</span> <span class='ocrx_word' id='word_1_252' title='bbox 993 3979 1015 4010; x_wconf 81' lang='lat' dir='ltr'>v.</span> <span class='ocrx_word' id='word_1_253' title='bbox 1031 3961 1088 4020; x_wconf 69' lang='grc'><strong>114,</strong></span> <span class='ocrx_word' id='word_1_254' title='bbox 1107 3961 1162 4020; x_wconf 82' lang='grc'><strong>115,</strong></span> <span class='ocrx_word' id='word_1_255' title='bbox 1184 3977 1226 4009; x_wconf 79' lang='lat' dir='ltr'>ran</span> 
     </span>
     <span class='ocr_line' id='line_1_42' title="bbox 179 4034 1050 4099; baseline -0.005 -16"><span class='ocrx_word' id='word_1_256' title='bbox 179 4049 213 4098; x_wconf 81' lang='lat' dir='ltr'>aq.</span> <span class='ocrx_word' id='word_1_257' title='bbox 232 4034 1050 4099; x_wconf 69' lang='grc' dir='ltr'><strong>131η,,1111111111110111,1111.111,113,116....119,13ο,131.</strong></span> 
     </span>
    </p>
   </div>
   <div class='ocr_carea' id='block_1_6' title="bbox 0 0 1492 4714">
    <p class='ocr_par' dir='ltr' id='par_1_7' title="bbox 0 0 1492 4714">
     <span class='ocr_line' id='line_1_43' title="bbox 0 0 1492 4714; baseline 0 0"><span class='ocrx_word' id='word_1_258' title='bbox 0 0 1492 4714; x_wconf 95' lang='lat' dir='ltr'> </span> 
     </span>
    </p>
   </div>
  </div>
 </body>
</html>
