2986 4694
634 353 781 420 ClllIS.

182 484 295 568 Qualis
308 481 501 549 Erechtheis
514 479 594 545 olim
606 495 757 570 portatur
767 477 919 559 Athenis,

185 590 305 655 Debita
317 613 420 679 quum
434 603 530 655 castae
543 587 717 652 solvuntur
729 603 804 651 vota
816 586 989 666 Minerva,

184 696 361 786 Tardaque
374 697 526 761 confecto
539 693 681 760 redeunt
692 693 910 781 Quinquatria
922 691 1041 775 lustro,

184 805 296 887 Quum
308 805 389 869 levis
401 803 529 869 alterno
542 800 713 892 Zephyrus
726 799 920 866 concrehult
932 802 1037 882 Euro,
1205 827 1233 871 2⁵

183 911 227 976 Et
237 934 345 1000 prono
358 908 530 1000 gravidum
542 909 693 998 provexit
704 904 853 996 pondere
865 927 1011 971 currum.
1312 901 1314 904 ’

215 1107 252 1154 23.
265 1108 324 1154 dona
333 1120 389 1156 vett.
405 1108 459 1154 edd.
471 1119 526 1154 ante
537 1105 590 1154 bld¹
599 1119 652 1152 cum
659 1119 701 1150 ma.
709 1101 859 1159 hasil-al.
875 1104 1064 1168 Tardaquebcod
1072 1106 1144 1157 dnhie
1153 1110 1236 1177 legen.

184 1177 250 1234 dum,
261 1190 288 1224 ut
298 1181 346 1241 jam
357 1195 369 1225 a
380 1179 534 1224 Taubmanno
547 1177 635 1222 editum
649 1175 730 1223 rideo:
739 1189 866 1219 nonve-
875 1175 1025 1237 Qumquotrtlr
1033 1188 1088 1222 vett.
1098 1179 1162 1237 edd,
1170 1187 1236 1246 quod

183 1247 277 1295 ductim
285 1264 333 1295 cue
341 1246 481 1294 vocabulum
489 1247 563 1294 rideri
572 1257 661 1309 potest,
675 1255 698 1290 et
708 1247 836 1308 improprie
847 1244 877 1289 de
885 1242 1044 1291 Panathenaeit
1052 1247 1147 1295 dictum.
1162 1254 1237 1311 Quin-

179 1324 279 1384 quennis
287 1320 369 1367 Aldina
377 1332 401 1366 ct
409 1321 552 1366 Atceatiane
560 1315 778 1365 intulerunt-26.
788 1316 932 1378 legebatur:
940 1317 972 1362 Et
981 1321 1175 1381 pmnoymldum
1184 1341 1236 1386 pm.

179 1393 452 1455 oexltponderecursum.
459 1394 571 1453 superior
582 1404 661 1436 venua
672 1391 699 1435 ²5
708 1389 738 1434 ad
746 1389 912 1435 declarandum
923 1402 1015 1451 tempas
1027 1391 1234 1444 Panathenaeorum

181 1463 345 1510 habendorum
356 1463 486 1525 spectabat.
500 1463 577 1522 Quum
583 1477 632 1508 non
641 1464 835 1524 apparentesque
847 1463 881 1507 rel
892 1475 972 1508 curtus
980 1461 1079 1524 intelligi
1095 1469 1177 1526 possit,
1190 1482 1235 1516 nee

182 1535 214 1582 ad
226 1538 398 1598 navigationem
408 1535 438 1582 ad
449 1549 520 1599 qanta
531 1534 655 1580 Turnebus
668 1533 776 1589 xxvm,
788 1535 815 1580 25
828 1549 920 1582 vertum
931 1533 1015 1591 celem,
1029 1537 1156 1599 quicquam
1169 1540 1235 1588 aliud

183 1693 310 1746 Minerva
328 1693 471 1765 templum
491 1695 615 1768 peplum,
634 1710 685 1766 pro
730 1693 808 1746 hrum
819 1696 967 1766 inscripsit,
983 1711 1062 1766 quem
1075 1695 1109 1748 de
1121 1696 1234 1753 heroum

181 1774 243 1826 velo
259 1791 431 1846 suspensum,
451 1795 512 1827 mox
530 1787 618 1827 utrum
635 1794 685 1846 pro
730 1775 839 1826 tumulis
851 1775 1018 1842 confecerat,
1031 1777 1080 1826 viri
1091 1775 1234 1833 doctihinc

112 1911 118 1922 ,
181 1868 254 1906 veste
266 1855 391 1907 Minervae
404 1857 480 1928 signo
493 1857 633 1926 injectum,
651 1875 686 1908 an
730 1853 873 1907 illustrant.
887 1855 979 1906 Nostri
991 1867 1077 1928 poeta
1089 1855 1164 1910 locus
1178 1879 1234 1912 rem

182 1933 298 1986 sedentis
319 1937 421 2007 gremio
443 1937 609 2007 appositum,
631 1953 684 2002 an,
730 1953 785 1986 non
801 1935 883 2006 magis
897 1933 1004 2004 probat.
1018 1935 1052 1986 cl.
1068 1936 1115 1986 inf.
1130 1935 1163 1988 ad
1177 1957 1235 1991 ver·

183 2013 256 2085 quod
283 2014 424 2086 probabile
445 2017 494 2082 lit,
524 2034 574 2087 pro
599 2015 684 2068 aulaeo
731 2011 1234 2084 sam3li.-—ar.Sisasestdiceremon

181 2106 339 2165 prelatum
359 2096 409 2160 sit,
427 2095 503 2148 nulla
524 2097 683 2148 auctoritate
730 2106 784 2146 taur
796 2093 831 2144 ad
839 2093 995 2164 religionem
1006 2096 1102 2160 refero,
1111 2113 1191 2165 quam
1198 2099 1236 2151 ad

182 2192 307 2246 expressa
317 2173 409 2227 doceri
421 2193 502 2246 posse
510 2175 598 2226 video.
610 2173 685 2227 Cete-
730 2173 870 2226 audaciam
880 2175 974 2244 erepti:
986 2185 1013 2226 et
1022 2171 1157 2244 olim,pro
1169 2187 1233 2244 tum,

181 2255 260 2326 requi
284 2253 375 2306 balea
394 2256 476 2326 signis
498 2254 610 2306 deorum
633 2254 685 2304 ob·
730 2263 858 2324 aequente
873 2255 952 2304 etiarn
968 2265 1060 2325 quum.
1082 2253 1139 2306 AEn.
1159 2257 1234 2324 Vlll‚

181 2331 264 2385 dueta
278 2335 305 2384 in
319 2333 398 2406 adyto
411 2335 510 2405 passim
525 2335 606 2386 fuisse
620 2335 684 2386 satis
729 2335 792 2404 391,
806 2333 866 2384 Non
878 2341 1038 2402 senatorque
1052 2330 1116 2383 ollm
1132 2337 1234 2388 tonitru

181 2424 302 2464 constat:
321 2412 392 2465 unde
412 2413 491 2464 etiam
513 2413 540 2463 ln
562 2413 684 2464 ultimam
729 2427 812 2484 quum
827 2419 904 2483 rupta
917 2429 1036 2470 comem·
1049 2410 1077 2468 οἷς
1091 2411 1118 2460 θ’
1131 2411 1177 2466 lei.

183 2491 339 2561 opinionem
357 2492 497 2561 proniores
513 2507 603 2542 sumus
623 2509 684 2542 cum
765 2491 807 2544 25.
826 2492 868 2544 26.
886 2491 973 2561 Quum
990 2489 1053 2544 levis
1068 2491 1170 2546 altemo
1182 2495 1235 2548 Ze-

182 2567 290 2622 Stuarto
302 2569 432 2644 (Antipu.
450 2570 485 2640 of
491 2569 591 2623 Athens
600 2568 630 2622 T.
645 2573 683 2639 11,
731 2569 833 2643 plryrus
845 2571 997 2624 concrebuit
1014 2571 1104 2624 Euro:
1125 2573 1234 2629 alternis

183 2668 211 2722 p.
223 2651 391 2723 7.)Pollucis
402 2652 561 2716 auctoritas,
576 2653 688 2722 quivit,
733 2651 883 2724 Zephyrum
895 2671 955 2703 cum
972 2649 1043 2702 Euro
1062 2654 1164 2723 spirare
1182 2657 1235 2722 ait,

183 2731 229 2797 50,
238 2727 412 2784 xieaeretiam
421 2732 542 2797 ἐπίβλημα
550 2733 632 2784 fuisse
642 2733 687 2798 ait,
734 2751 821 2804 eoque
829 2745 933 2802 tempus
944 2730 1179 2785 Panathenaeorum
1189 2733 1237 2787 bn·

183 2811 267 2883 idque
279 2809 370 2883 colligi
382 2819 461 2884 posse
475 2813 499 2864 ln
509 2813 554 2864 cela
564 2813 604 2868 eie
613 2811 689 2862 Ἀθη·
734 2811 884 2863 bandorum
897 2807 1033 2864 declarat:
1047 2809 1120 2882 quod
1136 2813 1181 2865 bic
1199 2815 1235 2868 nd
1274 2827 1278 2836 “

182 2891 223 2946 ιῖἰς
241 2887 353 2955 emtor,
373 2889 406 2943 de
425 2889 540 2944 amiculo
556 2889 689 2944 reliudu·
733 2893 848 2964 primum
867 2909 914 2943 ver
933 2891 1166 2945 retraberevideri
1184 2913 1235 2965 po·
1280 2895 1282 2909 '

184 2985 275 3022 mento
284 2984 323 3023 est
335 2971 493 3042 accipienda
504 2994 509 3022 :
520 2969 547 3022 id
558 2973 628 3023 enim
636 2971 688 3041 ipsi
734 2984 793 3023 test.
803 2971 895 3023 Mense
904 2981 991 3022 tamen
1000 2968 1234 3041 llecatombaeone‚

184 3060 225 3100 est
244 3047 374 3114 lclstnspa.
395 3050 477 3122 Peplo
497 3051 600 3102 intextae
617 3069 659 3102 res
673 3069 689 3101 a
733 3061 758 3103 et
772 3051 879 3121 quidem
893 3049 937 3101 die
947 3049 1045 3115 xxlrt,
1059 3051 1137 3102 tertio
1147 3053 1235 3120 cujus·

184 3127 294 3180 Pallade
302 3143 392 3200 gestae,
401 3131 521 3200 inprimis
529 3148 617 3203 pugna
626 3147 686 3182 cum
733 3147 785 3200 que
793 3127 960 3201 Olympiadis
969 3147 1053 3186 anno,
1063 3147 1094 3180 ea
1102 3127 1235 3182 celebrata

183 3205 325 3258 Titanibus
336 3221 362 3260 et
370 3209 528 3280 Gigantibus
537 3231 542 3258 ι
552 3228 612 3260 mox
623 3227 689 3280 quo·
733 3226 790 3260 esse
801 3208 863 3260 satis
877 3219 994 3266 constan
1013 3219 1052 3258 est
1068 3205 1113 3258 ille
1132 3209 1234 3278 primus

185 3303 238 3358 que
262 3299 431 3339 strenuorum
455 3286 553 3340 ducum
576 3287 688 3342 Athenis
733 3288 831 3339 mensis
845 3288 907 3338 anni
920 3287 1014 3348 Attici,
1029 3289 1233 3358 qnemaprimo

184 3387 292 3440 egregia
315 3369 400 3431 facta,
425 3368 500 3419 aiunt
526 3369 575 3418 viri
599 3367 687 3440 docti,
733 3365 881 3437 plenilunio
893 3375 954 3434 post
964 3363 1105 3415 solstitium
1114 3369 1234 3420 nativum

183 3447 301 3520 Scaliger
314 3445 432 3502 adhunc
447 3445 464 3504 l.
478 3459 503 3501 et
517 3446 613 3500 Meurs.
632 3447 649 3500 l.
664 3469 687 3501 c.
734 3447 896 3517 processisse
911 3445 971 3514 quis
988 3445 1093 3515 ignorat
1103 3443 1115 3492 Ρ
1126 3447 1233 3501 AEstatis

182 3527 284 3580 Volunt
293 3527 320 3580 id
328 3525 426 3580 docere
434 3547 466 3580 ex
474 3523 609 3600 Aristoph.
619 3527 686 3600 Equ.
733 3525 815 3597 igitur
835 3527 957 3596 ingresse
978 3535 1083 3596 tempus
1102 3523 1235 3582 declarari

184 3607 251 3675 563,
262 3607 309 3660 ubi
317 3609 432 3678 majores
441 3606 620 3678 predicantur
630 3605 689 3682 digss
733 3600 785 3656 lroc
798 3622 876 3657 versu
887 3601 1031 3656 dicendum
1041 3616 1095 3656 eat:
1110 3606 1183 3678 quod
1196 3621 1235 3662 ta-

183 3707 212 3741 nt
229 3709 261 3740 ea
278 3687 344 3740 urhe
356 3684 398 3738 ael
409 3687 452 3738 eorl
462 3683 563 3739 cinaeo.
577 3687 635 3740 lloc
649 3703 688 3742 ta·
732 3703 793 3737 men
806 3703 886 3756 quam
899 3684 1039 3736 commode
1052 3705 1100 3756 per
1114 3705 1234 3760 pugnam

184 3767 685 3822 menolarioremlocumnllerriaelim:
732 3765 845 3840 Zephyri
874 3781 934 3817 cum
964 3765 1035 3815 Euro
1059 3763 1232 3839 designetur,

184 3867 248 3902 nam
262 3847 399 3900 Comitum
413 3867 540 3922 pompam
555 3848 687 3902 Panathe·
730 3863 785 3896 non
807 3845 903 3898 dicam.
925 3846 980 3896 Etsi
1001 3841 1118 3920 Zephyri
1138 3843 1232 3902 flantes

183 3929 290 3981 naicam
303 3929 435 4001 respicere
447 3929 536 4001 potius
551 3927 685 3995 arbitror,
730 3945 786 3978 non
810 3924 891 3978 modo
912 3945 972 3994 ver,
996 3923 1043 3978 sed
1065 3939 1091 3978 et
1113 3941 1232 3980 testatem

184 4027 239 4082 qua
249 4009 343 4060 armati
355 4005 516 4062 incedebant
525 4009 584 4060 viri.
598 4009 684 4061 Etiam
730 4007 865 4059 ineuntem
885 4006 950 4059 alibi
969 4023 1077 4078 quoque
1096 4005 1232 4078 indicant,

182 4086 258 4160 Pepli
275 4106 388 4156 nomen,
405 4105 459 4159 qno
478 4088 635 4143 Aristoteles
655 4087 686 4141 li·
730 4087 765 4140 cl.
778 4085 826 4140 Ga.
843 4085 893 4154 111,
911 4085 971 4140 322.
989 4085 1124 4140 Hactenus
1139 4089 1230 4162 itaque

271 4175 297 4229 ὅ·
1034 4188 1050 4242 7
