3000 4674
463 395 516 460 ιιι
539 393 786 460 nctoortr
811 395 895 458 ιιι.
1133 399 1196 486 307

160 520 221 583 buc
237 529 439 594 crescentem,
462 529 752 598 resurgentemque,
777 529 814 576 ut
836 515 940 578 Codro
962 518 1017 580 ilia
1036 540 1098 601 prae
1119 524 1197 583 invi·

160 607 212 669 dia
230 619 433 690 usurpantur:
451 603 501 666 vel
515 608 540 666 si
555 605 706 687 maligne,
724 619 756 665 et
770 621 879 665 contra
894 609 991 668 animi
1011 613 1197 672 sententiam

159 696 249 760 illum
261 695 447 770 laudaverit,
466 707 614 755 comuste
627 713 693 756 non
708 689 838 767 hedera,
850 692 901 753 sed
913 693 1054 773 baccare,
1068 698 1197 782 nequid

159 783 206 844 illi
220 783 326 846 futuro
340 798 371 844 et
381 785 531 845 crescenti
544 795 656 844 noceat
668 781 774 862 lingua
787 779 881 841 Codri
893 781 1059 846 fascinans.

199 895 247 954 ²9·
260 874 288 935 Ο
299 875 415 950 Diana,
426 873 539 954 Myron
548 888 664 954 parvus
673 869 854 951 (credibile,
864 869 949 932 bunc
958 891 1092 955 puerum
1101 875 1199 935 luisse

159 960 318 1046 Corydoni
332 965 366 1022 in
378 960 512 1039 deliciis,
524 975 560 1022 ut
569 963 665 1022 etiarn
678 959 803 1039 Alexin)
814 959 980 1042 suspendit
991 961 1024 1020 in
1037 965 1082 1022 tui
1098 961 1199 1024 bono·

159 1069 224 1112 rem
238 1049 299 1112 boc
311 1065 407 1135 caput
416 1052 500 1134 apri,
518 1049 585 1112 bore
595 1051 676 1111 cervi
690 1069 823 1124 corruas
842 1046 926 1130 quod
942 1064 972 1110 te
983 1052 1120 1133 propitia
1135 1050 1201 1110 feli·

159 1141 374 1202 oitersenatus
388 1141 499 1201 fuerit:
512 1142 539 1201 si
552 1137 613 1200 boc
625 1141 806 1222 proprium,
818 1136 851 1197 id
863 1150 923 1212 est,
935 1151 1123 1221 perpetuum
1134 1135 1201 1199 fue·

158 1229 213 1304 rit,
226 1226 321 1290 faciet
332 1243 364 1290 te
375 1230 491 1311 Myron
503 1249 539 1288 ex
552 1245 722 1300 marmore,
742 1227 901 1308 stabisque
914 1227 1036 1287 evincta
1051 1221 1201 1306 usquead

156 1335 245 1376 suras
257 1313 429 1392 cothurno,
440 1316 493 1397 qui
506 1313 633 1376 babitus
645 1314 825 1374 venatorius
839 1327 893 1374 est.

199 1403 246 1464 33.
259 1402 437 1484 Respondet
448 1401 629 1464 alternatis
642 1417 704 1478 est,
717 1421 737 1462 o
751 1401 878 1483 Priape,
892 1413 1048 1484 exspectes
1063 1417 1080 1459 a
1093 1417 1144 1460 me
1157 1399 1199 1459 si·

158 1510 234 1550 num
250 1489 354 1568 laetis,
368 1505 399 1552 et
409 1489 473 1552 liba
484 1490 567 1568 buc,
582 1511 655 1576 quar
668 1490 770 1552 vides:
788 1492 882 1567 ratio,
896 1511 953 1550 cur
964 1502 1031 1550 tam
1044 1507 1138 1572 parra
1153 1485 1201 1548 of·

157 1575 271 1654 leram,
287 1581 362 1662 quis
371 1579 508 1642 ctutodis
519 1578 646 1642 bortum
658 1595 826 1665 pauperem
838 1601 846 1638 :
860 1579 951 1662 quasi
965 1577 1065 1638 dicat:
1083 1595 1202 1660 pauper

157 1785 300 1841 Horatiuss
317 1787 353 1842 Ut
363 1789 432 1844 maie
442 1791 512 1846 sanis
522 1791 660 1868 adscripsit
702 1806 790 1846 aetum
808 1795 944 1866 priorem
962 1787 1010 1846 diu
1025 1791 1097 1844 enim
1113 1787 1202 1842 risere

155 1866 657 1946 SatyrisFauns'spuePostas.)velquod
701 1870 917 1927 dicuntur.Serv.

156 1961 262 2017 semper
275 1948 361 2001 vitent
376 1948 496 2018 hederae,
513 1953 582 2005 sicut
599 1971 657 2005 car·
736 1953 814 2006 test
820 1954 955 2028 proprium
965 1943 1203 2024 tasonis-Quod

155 2026 228 2078 mina
238 2029 411 2084 staminum
426 2043 570 2084 merentur.
582 2033 653 2086 Sero.
700 2047 781 2105 snpra
788 2035 902 2104 petierat
912 2029 1026 2096 seilicet,
1036 2041 1066 2080 ut
1075 2027 1139 2080 talia
1148 2043 1204 2078 car·

192 2105 234 2157 ab.
243 2105 446 2179 liumpaaturut
456 2108 504 2162 itta
511 2111 657 2164 cadmus·
699 2113 773 2164 mina
784 2111 900 2172 faceret,
917 2109 1008 2181 qualia
1022 2106 1126 2159 Codrus
1138 2103 1204 2158 effe·
1299 2114 1306 2130 ⁹

155 2193 244 2236 treme
254 2185 444 2259 indignationis
453 2207 557 2256 caussa,
569 2191 658 2264 rumpi
701 2204 782 2244 cerat.
797 2193 937 2264 Proprium
949 2207 1013 2242 sane
1029 2201 1129 2240 veteres
1141 2204 1202 2258 per-

155 2261 280 2316 dicuntur
292 2266 347 2320 iliu.
360 2267 415 2321 Cic.
434 2270 462 2321 in
474 2271 563 2323 Vatiu.
580 2289 604 2322 e.
622 2272 656 2338 ds
701 2283 829 2341 petuam,
844 2269 956 2334 stabile,
975 2267 1088 2320 demum.
1103 2267 1203 2318 Teren·

158 2345 195 2398 Ut
208 2343 353 2418 aliquando
370 2347 417 2400 ista
435 2347 504 2414 itia,
521 2366 581 2422 quc
597 2363 661 2404 susat
702 2349 771 2400 tius:
785 2350 842 2420 Epo
855 2348 960 2402 deorum
970 2347 1050 2400 viram
1062 2355 1205 2416 eapropter·

155 2421 272 2499 inflata,
298 2436 464 2497 rumpantur.
485 2429 657 2482 Facetissima
700 2429 880 2499 sempitemam
892 2445 941 2478 esse
949 2427 1070 2491 arbitror,
1082 2423 1153 2498 quod
1161 2442 1203 2475 eo·

154 2516 196 2554 est
222 2508 388 2574 comparatio
419 2505 492 2577 aputl
517 2507 656 2559 Horatium
701 2523 760 2557 rum
772 2505 1113 2578 uoluptatesproprr‘oesurtt,
1125 2501 1202 2554 idest

153 2579 495 2648 steinenbrunnen
509 2585 599 2659 Epigr.
614 2587 655 2654 X,
700 2581 781 2636 firme
797 2597 824 2637 et
841 2597 986 2656 perpetue.
1002 2583 1030 2637 st
1046 2583 1200 2657 proprium,

152 2660 203 2730 693
216 2662 290 2716 stulti
299 2663 423 2729 Otacilii,
435 2683 586 2734 enarrans,
597 2683 656 2738 que
700 2665 746 2718 slii
759 2663 831 2718 bunc
843 2667 984 2738 bipennem
997 2665 1078 2718 alieni
1095 2663 1200 2736 pecoris

154 2755 237 2810 quum
260 2742 324 2796 bovi
344 2741 477 2798 invideret
496 2744 656 2819 meguitudi·
700 2745 954 2812 custodemrolunt,
966 2743 1203 2808 etsicdicerepin·

151 2836 226 2887 uem,
236 2823 416 2897 rumpebatur.
425 2825 467 2878 Sic
475 2823 579 2878 Codrus
587 2827 656 2880 insi·
700 2829 777 2882 terint
789 2826 841 2880 boc
851 2827 900 2880 tibi
910 2825 1075 2900 eaputDelia
1087 2823 1184 2878 dedico
1194 2847 1199 2874 :

152 2897 197 2954 dia
207 2900 334 2957 laborans
353 2905 401 2958 ilia
420 2905 518 2958 dicitur
537 2905 655 2974 ducere,
700 2910 874 2981 siproprium
887 2907 940 2960 boc
951 2925 1040 2959 meum
1048 2923 1131 2978 pecus
1141 2907 1202 2957 ine-

153 2996 236 3050 quum
244 2985 352 3054 spiritus
361 2985 655 3058 anhelante-eteuspi·
699 2991 749 3058 rit,
756 2989 816 3060 plus
827 2987 914 3054 dabo,
925 2987 954 3041 id
964 3001 1003 3040 est
1012 2985 1201 3040 simulachrum

153 3073 257 3113 rante·
268 3061 366 3116 deficit.
698 3069 805 3121 faciem.
818 3069 888 3121 Serv.

188 3137 231 3190 30.
244 3139 353 3193 Ramosa
362 3161 467 3195 cornua.
477 3145 526 3210 Ut,
538 3146 655 3197 comibus
733 3147 776 3201 3³.
789 3147 882 3201 unum
899 3145 979 3200 iactis.
994 3147 1102 3214 Sinum,
1119 3161 1202 3218 genus

152 3215 266 3270 arbonis.
277 3219 343 3271 Plin.
358 3219 412 3286 ut,
424 3219 466 3291 37.
481 3221 586 3295 Spnrys't
597 3239 654 3276 eor·
698 3241 738 3280 est
744 3229 828 3288 resin
840 3225 913 3298 qnod
923 3243 1005 3298 quum
1015 3223 1203 3298 significamus,

153 3311 207 3347 rua
218 3297 246 3348 ist
257 3313 355 3363 notas,
368 3310 399 3351 ιιι
408 3315 550 3354 uranum.
564 3299 651 3354 l'lrud.
699 3305 729 3358 st
736 3303 908 3377 producitur;
917 3305 1203 3376 quamveropremiuur

153 3372 181 3438 l,
197 3377 228 3427 13
238 3397 246 3426 ι
257 3376 298 3428 1tt
308 3377 371 3430 dum
382 3395 482 3434 mmosa
492 3380 656 3452 ιιιίιιιιιιιίιιιι-Ι
700 3383 896 3456 significamus,
911 3383 940 3436 di
955 3384 1122 3456 corripimus.
1139 3381 1203 3436 Sino

153 3451 200 3505 dat
214 3469 319 3508 comm.
328 3457 493 3529 Superbiunt
510 3461 581 3513 eain
596 3477 657 3512 cur·
701 3479 752 3536 pro
764 3479 827 3516 vete
839 3463 924 3514 utitur
937 3476 964 3516 et
975 3463 1084 3516 Plautus
1095 3465 1124 3521 iu
1137 3461 1204 3514 Cur-

151 3532 656 3612 nibus,quibusanissis,inriapetunt,
701 3542 825 3607 sulione,
843 3553 895 3594 act.
912 3543 941 3605 l;
955 3559 993 3595 sc.
1009 3561 1039 3607 a,
1057 3557 1096 3594 ra.
1112 3541 1204 3594 Inver-

154 3628 180 3669 et
189 3615 368 3684 latent,relut
379 3619 501 3673 inermes.
511 3648 544 3660 -
553 3619 657 3676 Wmu
699 3625 792 3697 pereira
799 3621 957 3696 meliquores
964 3633 1019 3676 tuos
1026 3613 1202 3675 Sinoductim.

152 3697 227 3749 serui.
242 3697 278 3749 Ut
289 3699 360 3750 eninr
372 3697 472 3751 Plinius
487 3695 553 3752 elicit
567 3701 596 3752 iu
607 3717 657 3754 ua·
700 3717 735 3742 ²-
745 3701 847 3754 Sinum.
861 3703 922 3754 nisu
938 3701 1055 3767 Graecis,
1072 3715 1174 3754 mutato
1186 3699 1205 3751 d

153 3775 232 3830 rurali
243 3776 363 3832 bistoria.
380 3777 448 3832 Cum
465 3795 494 3832 se
511 3783 582 3833 cerri
595 3795 656 3854 gre·
700 3785 727 3834 in
741 3799 760 3835 s.
773 3779 854 3848 Quod
869 3798 923 3833 non
940 3781 1008 3833 adeo
1024 3779 1157 3843 insolens,
1174 3793 1204 3832 ut

151 3868 227 3908 ratos
239 3868 316 3911 etate
326 3859 501 3931 cognoverint
513 3875 587 3925 esse,
598 3877 652 3914 ser·
694 3861 779 3915 Turn.
791 3861 821 3928 l,
842 3861 873 3915 16
884 3883 891 3914 2
907 3863 1101 3914 excusatiorem
1116 3863 1203 3914 sinum

151 3949 245 4006 pentes
261 3941 415 4011 requirunt,
431 3951 459 3995 et
474 3953 521 3994 ees
534 3941 600 3994 flaru
616 3941 651 3995 ad
695 3941 797 4004 baba,
815 3959 895 4014 quam
912 3941 1056 4018 poculum
1076 3939 1150 3992 Varr.
1169 3937 1203 3993 de

153 4032 181 4068 se
189 4026 297 4085 tractos,
306 4035 388 4090 quum
395 4019 569 4086 comederint,
576 4024 652 4093 inve·
696 4021 725 4074 b.
740 4023 866 4074 t..1v.-
878 4023 980 4095 Priqre.
995 4019 1067 4074 Deus
1075 4021 1201 4094 Lampsa·

151 4108 265 4148 uescunt
282 4110 309 4152 et
327 4111 501 4154 revertamur
516 4117 609 4154 rursus
625 4102 654 4153 in
699 4117 781 4156 cenas
799 4115 839 4157 est
855 4101 1038 4175 Hellesponti5
1062 4100 1202 4154 bortomrn

984 4205 1025 4242 20.
