2970 4714
228 355 274 436 ‘ld
596 349 905 418 raooautuut

225 501 302 542 rum
315 474 408 541 illum
420 471 584 552 codicem,
601 473 777 562 quitatum
790 475 963 563 Virgilium
975 479 1270 568 complectebatur,

227 582 378 650 codicem
393 575 625 671 perantiquum
641 579 807 662 adhibuit,
826 597 1107 650 truncumtamen
1124 589 1272 652 etmuti-

225 688 345 768 latum,
362 689 486 777 quippe
501 686 569 780 cui,
586 704 704 774 prator
710 687 865 774 juvenilis
877 685 949 754 uadi
959 689 1108 757 libellum
1118 709 1156 758 at
1169 695 1273 760 Ruco·

225 795 290 860 lica
307 817 346 859 ac
365 794 601 881 Georgicorum
614 792 720 880 ¹primi
740 791 816 856 libri
835 810 976 881 partem,
994 796 1082 862 nibil
1101 815 1272 888 supererat

217 901 333 985 (coni.
350 898 391 964 de
407 898 532 986 Virgilii
545 897 642 964 codd.
657 901 735 964 Mes.
746 919 776 964 s.
792 899 900 986 Vnt).
918 901 1140 970 biberautetn
1155 904 1210 969 ille
1220 905 1273 994 ju·

225 1008 345 1072 senilis
358 1003 437 1070 dudi
449 1005 646 1070 continebat
667 1001 832 1079 Culicem,
852 1004 975 1082 Diras,
991 1005 1141 1094 'Copam,
1160 1009 1224 1074 Est
1240 1028 1275 1076 et

225 1112 325 1186 Noa,
340 1109 457 1178 'Virtmt
469 1108 607 1186 bouum
620 1111 805 1186 Moratum,
818 1109 935 1178 Rotas.
948 1115 1116 1203 Haecipae
1126 1114 1272 1180 bembus

219 1220 379 1310 exposuit
396 1219 430 1284 in
447 1221 585 1308 Dialogo
601 1216 644 1284 de
662 1217 821 1286 Culiceet
838 1218 1138 1308 Terentiiyirbulis,
1149 1222 1273 1312 inquo

229 1351 269 1393 ex
284 1327 399 1393 codice
416 1327 472 1392 illo
483 1326 637 1391 Culicem
655 1326 830 1390 recensuit.
845 1327 935 1392 Exiit
952 1327 1008 1392 iile
1026 1327 1112 1394 liber
1127 1330 1273 1418 primum

227 1457 281 1500 an.
294 1436 376 1500 1530
386 1430 476 1522 apud
488 1429 749 1496 iratresb‘ebbios
759 1432 926 1497 Venetiie:
941 1453 1047 1522 quum
1055 1455 1099 1500 ex
1107 1456 1151 1500 eo
1157 1432 1273 1499 codice

225 1542 377 1608 recensio
396 1539 563 1603 minorum
576 1538 765 1602 carminum
786 1537 914 1625 Virgilii
932 1537 1062 1606 dudum
1075 1541 1166 1606 raca
1187 1554 1273 1605 esset

226 1649 269 1716 ab
285 1648 440 1714 Aruleno.
461 1643 561 1708 Aldus
578 1644 681 1723 enim,
702 1644 737 1708 in
748 1644 952 1733 ›epistolaad
970 1650 1005 1710 P.
1021 1647 1186 1712 diombam
1203 1647 1271 1712 edi·

224 1754 310 1818 sioni
337 1753 419 1831 1514
443 1750 597 1837 Naugerii
619 1749 740 1814 anulio
762 1749 948 1816 eurendutae
966 1751 1118 1840 praefixa,
1144 1751 1276 1842 Virgilii

222 1860 430 1948 Inrumpunt
445 1853 587 1920 Bombos
602 1858 847 1921 ommotbsinos
863 1855 1006 1933 mear,
1019 1873 1099 1923 autc
1115 1879 1151 1923 se
1164 1856 1273 1922 edrar-

227 1985 300 2030 rum
312 1963 571 2048 essepromittit,
591 1960 746 2053 quumab
759 1966 992 2050 concrepent,
1009 1962 1103 2053 quod
1124 1966 1273 2029 futurum

221 2069 486 2159 putabatbrevi3
501 2089 619 2132 uerum
635 2084 742 2132 morte
759 2084 947 2156 preventus
965 2066 1066 2132 fidem
1082 2091 1150 2134 non
1168 2069 1273 2134 exsol-

225 2177 274 2241 vit
288 2176 406 2255 Aldus;
420 2174 559 2263 perfecit
573 2191 684 2238 umen
698 2173 875 2254 Arulenus,
891 2174 949 2264 qui
968 2174 1048 2262 1517
1058 2174 1274 2242 ,Duri-sona»

223 2299 395 2369 poetarum
409 2285 443 2346 iu
456 2279 614 2367 Ρηὴρυηι
623 2281 735 2356 duta,
749 2278 787 2344 P.
803 2278 845 2346 V.
857 2281 909 2346 M.
920 2279 1115 2356 Catalecta,
1129 2281 1273 2367 Coponi,

226 2382 1016 2466 Boset,Calicem,‹Dt'ras,Moretum‚*Oisia-etc.
1031 2385 1149 2466 edidit,
1163 2409 1273 2451 emen-

127 2507 133 2522 ·
227 2494 303 2560 data
321 2517 340 2560 a
357 2517 408 2573 se,
423 2509 466 2561 ut
483 2493 542 2572 ait,
564 2491 690 2558 collatis
709 2491 860 2580 pluribus
878 2472 1131 2580 exemplaribus.
1152 2495 1190 2557 in
1211 2490 1273 2557 hae

228 2600 350 2664 Culicis
371 2598 564 2663 recensione
582 2595 733 2661 Bembini
753 2595 875 2662 codicis
894 2598 992 2663 lectio
1011 2598 1046 2662 in
1064 2598 1175 2662 multis
1192 2598 1272 2664 iocis

227 2721 359 2791 recepta
374 2719 437 2781 est,
452 2723 517 2767 nec
533 2719 644 2767 temen
661 2703 697 2766 in
711 2702 880 2781 omnibus,
899 2725 972 2792 quae
985 2702 1129 2768 &nibus
1142 2723 1219 2767 mox
1235 2726 1274 2768 ex

228 2809 343 2876 codice
362 2830 423 2872 suo
442 2808 650 2872 constituisse
669 2807 773 2873 videri
794 2809 908 2874 voluit.
929 2810 1079 2898 Repetite
1098 2806 1152 2872 illa
1171 2809 1272 2874 estin

228 2917 354 2984 aedibus
365 2915 540 2982 hairedum
555 2915 628 2980 aldi
643 2934 677 2981 et
689 2916 831 2982 Andreae
843 2918 951 2982 soceri
971 2918 1067 2998 1534,
1081 2916 1216 2996 mutatis
1229 2933 1274 2980 ta·

224 3047 306 3090 'men
319 3024 442 3113 passim
453 3023 667 3103 iectionibus,
686 3024 836 3112 inprimis
853 3025 887 3088 in
901 3024 967 3088 Ciri
978 3047 986 3104 ;
999 3022 1139 3088 utadeo
1154 3021 1272 3111 triplex

226 3134 270 3198 sit
289 3129 408 3196 Aldina
423 3131 593 3210 recensio,
616 3131 723 3218 primo
746 3131 914 3219 antiquior
936 3153 997 3196 nec
1021 3127 1193 3196 emendata
1218 3126 1271 3193 ed.
1359 3133 1362 3138 ’

226 3236 301 3304 Ald.
323 3238 426 3316 15053
448 3236 549 3300 altere
572 3239 668 3324 ¹v5¹73
686 3237 829 3302 attactis
854 3238 945 3320 1534.
960 3239 1041 3320 Qua
1059 3237 1271 3326 passimame

227 3345 388 3410 excitetur
407 3359 562 3432 tanquam
581 3343 730 3408 melioris
754 3343 903 3410 lectionis
925 3343 1064 3423 fundus,
1089 3342 1199 3408 media
1222 3357 1272 3406 est

224 3451 306 3514 anni
331 3451 423 3536 ¹⁵¹7·
446 3448 597 3514 Aldinam
617 3473 684 3518 non
708 3449 778 3515 ridi
801 3451 858 3541 apri
881 3469 956 3516 ante
981 3450 1094 3516 oculos
1118 3446 1270 3526 baberet,

228 3555 413 3643 praeterGe.
427 3553 620 3636 Fabricium,
637 3559 693 3646 qui
707 3558 768 3622 alia
777 3575 813 3622 et
826 3559 896 3646 ipse
909 3553 1112 3633 emendasse,
1124 3568 1181 3617 aut
1192 3552 1270 3616 alio·

226 3683 304 3726 rum
320 3659 586 3726 emendationem
602 3661 771 3728 admisisse
789 3663 929 3728 videtur.
950 3659 1104 3724 Heinsius
1122 3659 1271 3724 tractavit

228 3768 368 3832 tertiam.
379 3765 443 3830 Sed
457 3765 614 3831 Bembina
624 3768 790 3855 castigatio
800 3792 817 3832 a
828 3767 940 3832 multis
951 3783 1081 3853 recepta
1092 3781 1153 3844 est,
1170 3765 1269 3852 inpri-

229 3873 291 3938 mis
302 3872 438 3936 Venetis
452 3888 485 3936 et
499 3873 810 3960 Antwerpiensibus.
822 3871 1114 3961 Comperavitmox
1123 3888 1268 3935 veterem

228 3977 467 4058 membranam,
484 4000 542 4042 seu
558 3997 709 4068 excerpta
725 3981 758 4042 P.
773 3979 904 4057 Pitboei,
922 3995 954 4043 et
965 3978 1061 4044 aliam
1073 3981 1146 4042 Ant.
1160 3976 1269 4041 Contii

226 4083 451 4172 jurisconsulti
468 4084 707 4171 membranam,
726 4087 824 4152 etiam
841 4083 1002 4154 editiones
1016 4103 1157 4166 veteres,
1175 4084 1269 4148 Jose-
