2986 4694
525 373 822 440 CATALECTA.

199 497 373 590 Cynthius,
387 515 420 566 et
430 500 551 580 Musae,
564 497 727 578 Bacchus,
742 515 775 562 et
786 496 909 586 Aglaie.

153 605 185 670 si
197 605 504 696 laudesadspirem,
518 605 635 671 humili
648 603 707 670 scd
718 601 811 669 adire
824 605 984 686 Camena,

199 711 232 776 Si
243 711 351 800 patrio
362 713 478 778 Graios
490 712 636 777 carmine
647 709 739 775 adiro
751 709 835 776 salos
1029 783 1032 790 ,

155 817 352 885 Possumus:
365 820 485 909 optatis
497 819 573 908 plus
580 818 650 909 jam
661 814 874 906 procedimus
887 815 976 904 ipsis.

201 923 275 990 Hoc
285 925 362 991 satis
375 942 438 1007 est,
450 926 567 1015 pingui
578 924 625 990 nil
636 924 719 988 mihi
730 945 807 990 cum
819 921 957 1011 populo.

632 1077 720 1142 XII.

211 1235 252 1284 in
271 1238 479 1288 rouraruu
498 1239 683 1301 unsrun,
703 1237 777 1298 var.
797 1236 836 1282 tu
856 1199 1144 1286 urrunrnircu.

154 1355 309 1446 Adspice,
324 1381 424 1448 wem
436 1359 546 1424 valido
558 1359 735 1426 subnixum
747 1357 850 1447 gloria
863 1373 967 1446 regno

155 1549 250 1585 sanare
273 1535 385 1586 annixus
411 1547 451 1587 est
478 1535 653 1590 Burmannus.
701 1537 807 1606 assequi
818 1533 896 1598 licet,
909 1549 963 1603 quo
975 1531 1053 1584 modo
1069 1543 1148 1584 tantu
1159 1551 1201 1585 re-

153 1611 286 1682 Equidcm
302 1630 326 1667 v.
343 1614 386 1666 60.
406 1614 437 1666 61
460 1615 586 1684 ejiciam:
607 1617 656 1668 etsi
700 1634 760 1666 rum
771 1615 966 1679 conversionis,
976 1631 1033 1683 quar
1043 1611 1095 1664 hoc
1108 1615 1202 1665 carmi-

155 1693 236 1744 etiam
247 1693 274 1743 in
287 1693 320 1746 62
333 1694 450 1747 insoleus
463 1707 502 1747 est
514 1695 587 1748 adire
598 1693 656 1746 lau-
701 1714 735 1746 ne
745 1705 884 1752 narratur,
897 1704 991 1744 auctor
1000 1693 1129 1744 obscurus
1143 1711 1201 1746 esse

154 1771 196 1822 des
206 1769 324 1837 alterius,
333 1790 470 1846 assurgere
480 1772 547 1827 velle
557 1773 592 1827 ad
602 1791 656 1840 eas,
702 1775 795 1846 possit.
805 1773 832 1826 si
842 1791 874 1825 ea
886 1771 1012 1844 colligas,
1020 1789 1078 1842 quae
1086 1771 1119 1824 de
1130 1790 1202 1846 mag-

153 1849 279 1902 oemulari.
296 1851 372 1904 Graii
382 1851 446 1906 sales
462 1851 586 1906 videntur
597 1871 655 1906 csse
702 1871 737 1903 no
754 1851 806 1904 hoc
822 1853 896 1916 viro,
915 1850 948 1903 de
966 1851 1079 1902 lortunae
1094 1851 1201 1925 fastigio

153 1927 187 1981 de
199 1931 322 2001 Cecropio
335 1930 389 1985 sule
400 1950 439 1986 vs·
461 1933 501 1999 14,
514 1933 603 1985 Attico
614 1931 655 1984 le·
700 1932 814 2003 dejecto,
823 1941 1005 1984 memorantur
1014 1952 1019 1981 :
1029 1949 1107 1982 nemo
1115 1933 1142 1983 in
1150 1929 1204 1983 his·

153 2027 220 2080 purc
232 2011 397 2081 accipiendi,
411 2013 457 2086 qui
469 2012 589 2068 Messala
598 2031 656 2066 vor·
699 2006 911 2075 toriallomaaa,
924 2012 979 2062 sive
989 2021 1065 2076 anta,
1075 2012 1130 2064 sive
1139 2023 1203 2084 post

152 2089 226 2142 sibus
238 2090 327 2142 latinis
340 2094 435 2144 inerat.
446 2091 500 2146 Sed
510 2094 567 2146 sine
579 2093 654 2145 libris
698 2091 838 2164 Virgilium
860 2092 994 2152 occurrit,
1013 2090 1057 2141 cui
1080 2093 1143 2142 satis
1169 2109 1202 2144 ca

150 2170 252 2224 frustra
265 2169 367 2242 aliquid
379 2183 459 2224 certas
471 2185 498 2224 et
511 2171 654 2244 explorate
700 2175 867 2224 conveniant.
876 2170 1017 2241 Pompeius
1027 2169 1142 2243 Magnus
1151 2184 1206 2224 sta⁴

152 2251 212 2321 opis
222 2263 385 2322 expectatur.
395 2252 538 2323 Apponam
551 2264 654 2304 tautum
699 2257 747 2306 tim
758 2253 866 2306 lectoris
874 2253 962 2304 animo
971 2253 1101 2302 occurrit:
1111 2253 1137 2303 in
1149 2270 1204 2323 quo

152 2325 308 2382 radentem
316 2330 439 2384 lectionis
451 2349 483 2384 cx
492 2331 552 2382 Ald.
565 2350 607 2402 pr.
617 2331 656 2400 (et
700 2336 814 2386 fortune
824 2329 978 2384 vicissitudo
989 2342 1016 2382 et
1024 2333 1206 2386 inconstantia

154 2406 213 2459 aliis
225 2420 307 2478 vett,
319 2421 350 2462 ut
362 2409 428 2464 Vsu.
445 2411 535 2482 1486).
553 2411 582 2464 Si
596 2408 657 2460 luu-
702 2415 782 2467 etiam
795 2431 812 2466 a
826 2413 913 2484 poetis
931 2411 1018 2464 notari
1033 2408 1119 2477 solet,
1134 2429 1159 2462 v.
1177 2431 1202 2466 c.

154 2487 213 2538 dem
228 2487 358 2558 adspiciam
367 2525 377 2554 ,
394 2487 507 2542 ltumilm
521 2489 566 2542 sed
584 2488 658 2542 adire
704 2494 810 2547 Petrou.
833 2492 898 2558 123,
917 2501 944 2544 et
961 2489 1051 2545 multis
1069 2492 1205 2562 epigram-

152 2566 266 2621 Simas.
272 2569 351 2622 Varie
358 2567 412 2622 hoc
420 2570 580 2624 tcutantriri
587 2569 660 2622 docti
704 2571 820 2634 mutibus
830 2572 859 2624 in
869 2568 978 2632 Anthol
991 2570 1048 2625 Lat.
1061 2568 1108 2624 lib.
1121 2569 1204 2636 11,25

155 2645 229 2717 apud
242 2647 332 2700 Banu.
349 2647 451 2714 Docto,
463 2651 513 2724 atsi
524 2651 568 2702 rix
578 2667 660 2712 rere,
705 2669 764 2724 sqq.
776 2689 784 2718 ,
801 2651 849 2714 sad
867 2651 895 2702 in
906 2667 968 2705 eum
983 2667 1078 2720 parum
1095 2653 1204 2722 proprio

119 2739 133 2750 ·
155 2724 260 2779 refinxit
272 2727 407 2800 Scaliger:
420 2725 563 2782 citandam
572 2729 658 2786 Ascroe
702 2731 756 2786 diui
766 2744 855 2805 potest
862 2729 939 2796 illud,
950 2729 1044 2801 quode
1049 2730 1139 2802 patria
1143 2729 1207 2803 pul·

157 2805 284 2875 humilis,
303 2810 326 2861 si
342 2810 455 2864 Donilus
474 2809 612 2876 laminas,
628 2809 656 2864 h.
701 2829 743 2874 sus
755 2812 783 2864 in
799 2809 913 2877 erilium
929 2822 978 2862 est.
993 2807 1143 2872 Dicendum
1155 2812 1204 2883 igi-

155 2885 302 2938 Hesiodum
321 2901 348 2940 ct
362 2885 473 2956 mim
492 2890 563 2946 totu.
583 2889 658 2948 adira
701 2892 896 2963 tur,scriptum
905 2907 962 2944 esse
970 2907 1078 2956 carmen
1087 2888 1134 2942 illo
1142 2902 1206 2942 tem·

155 2983 206 3035 pro
217 2968 347 3038 attingere
363 2969 393 3020 lu
405 2987 453 3020 ms.
466 2969 577 3021 llelmst.
588 2969 658 3042 lego-
701 2974 775 3042 poris
801 2969 963 3033 intervallo,
990 2985 1044 3038 quo
1068 2967 1206 3022 Pharsalia

155 3042 249 3094 batur:
262 3045 292 3096 Si
304 3043 408 3096 laudem
421 3037 581 3118 adspiramm
588 3085 598 3113 ,
609 3047 659 3100 lut-
702 3051 809 3122 fugatus
830 3047 1122 3119 AEgpptumpctierat,
1141 3065 1206 3098 uec-

155 3119 226 3172 milis
243 3123 287 3174 sad
306 3123 399 3176 audire
414 3143 531 3194 cyrenas.
550 3128 660 3180 Werns·
704 3127 769 3183 dum
778 3127 812 3180 dc
822 3129 878 3196 ejus
888 3125 959 3180 cade
969 3122 1126 3177 adnatabat:
1141 3123 1205 3176 aliu-

156 3197 221 3250 dori
234 3201 263 3252 in
279 3200 386 3252 Excurs.
405 3203 439 3254 ad
455 3203 482 3254 h.
502 3221 528 3254 v.
547 3205 660 3260 multum
704 3211 751 3278 qui
770 3206 853 3260 multo
870 3207 953 3276 magis
974 3203 1030 3256 hec
1046 3221 1208 3254 commemo·

156 3295 244 3350 opere
256 3281 347 3350 posuit
356 3283 385 3332 in
397 3281 485 3354 aliqua
496 3281 549 3334 loci
561 3288 661 3338 consti-
704 3285 789 3340 reuda
801 3284 934 3338 veniebat.
946 3281 1026 3350 Quod
1041 3278 1128 3334 valido
1142 3283 1205 3334 sut-

155 3358 247 3412 tuendi
256 3363 359 3412 ratione
367 3361 535 3431 exputanda,
546 3376 573 3416 et
582 3363 658 3436 legit:
704 3366 782 3417 nim
791 3362 883 3436 Ινιεφιο,
891 3361 965 3432 quod
976 3360 1109 3414 servitium
1116 3361 1205 3414 Romoe

155 3439 185 3494 Si
201 3438 308 3493 laudm
321 3441 489 3512 adspirante,
504 3441 604 3496 tumlti
617 3445 662 3498 sed
702 3463 812 3515 parasse
828 3441 943 3507 dicitur,
960 3459 1014 3492 non
1033 3441 1119 3494 minus
1136 3443 1204 3496 male

155 3520 229 3574 adire
244 3523 360 3574 &neno
371 3523 520 3576 Postumio.
701 3519 865 3584 molebant.
882 3520 974 3586 Alter,
990 3521 1018 3574 in
1035 3538 1113 3591 qnam
1126 3521 1205 3576 facile

701 3597 1204 3753 llutttttttllllt

189 3759 323 3814 Discrturn
335 3779 459 3828 oman,
469 3773 592 3833 apertam
599 3761 658 3832 plaz
702 3763 792 3814 omnia
803 3763 908 3834 egregia
920 3762 1095 3826 conveniunt,
1108 3775 1204 3834 preter

156 3857 289 3910 numque,
302 3842 440 3894 sententiis
450 3841 591 3911 verbisque
599 3860 659 3912 gra·
701 3841 927 3913 illud:.apatria;
940 3840 1058 3894 debebat
1072 3843 1142 3894 enirn
1153 3860 1203 3913 po-
1303 3853 1308 3862 ¹

156 3919 243 3971 vibus.
255 3921 364 3973 Authol.
374 3923 433 3975 Lat.
443 3922 490 3974 lib.
498 3922 538 3987 ll,
555 3922 656 3993 123,p.
703 3923 864 3992 tiusmpuo
876 3919 969 3992 pulsus
981 3923 1009 3975 in
1021 3919 1128 3974 exilium
1138 3921 1200 3974 dici.
1229 3933 1235 3948 '

156 3997 217 4050 301.
230 3997 297 4065 Sed,
310 4003 337 4052 in
350 4019 429 4072 quem
446 4005 576 4074 scriptum
591 3999 658 4054 illud
701 4001 802 4054 Debuit
813 4017 876 4073 erpo
888 4001 1092 4055 Romanomore
1102 4000 1205 4054 dictum

156 4079 207 4142 sit,
223 4078 326 4150 liquido
344 4099 401 4134 non
415 4093 520 4135 constat
531 4104 538 4134 r
550 4084 600 4134 etsi
615 4082 660 4134 rix
703 4099 761 4134 esse
772 4080 885 4151 epatris
897 4099 947 4150 pro
957 4098 989 4134 ex
1000 4097 1092 4152 regno.
1104 4082 1144 4134 De
1155 4081 1205 4132 Mi·

228 4165 253 4218 5.
659 4199 663 4206 -
994 4181 1024 4216 ru
