2986 4694
258 351 320 420 136
505 346 541 413 P.
564 345 796 412 VIRGILll
818 345 1049 413 MARONIS

254 479 329 542 Non
344 474 451 540 minus
464 474 517 539 illa
531 493 638 542 tamen
651 475 779 557 revehi,
793 473 883 566 quod
896 475 1016 540 moenia
1028 487 1188 553 crescant,

256 580 424 647 Gaudeat:
438 597 471 646 et
482 583 698 673 cineripat'ria
712 599 761 648 est
768 581 915 672 jucunda
928 581 1067 672 sepulto.
1252 589 1303 638 3⁸5

300 691 387 776 Ergo
400 706 490 753 metu
503 691 600 778 capiti
612 689 716 780 Scylla
729 707 778 754 est
790 689 919 755 inimica
932 705 1079 778 paterno.

255 796 344 859 Tum
357 818 449 860 coma
462 794 597 861 Sidonio
609 795 731 860 florens
743 794 923 862 succiditur
934 811 1041 860 ostro:

255 902 344 964 Tum
357 902 485 990 capitur
495 903 642 990 Megara,
656 918 689 966 et
702 901 816 966 divum
828 923 983 991 responsa
996 900 1197 991 probantur:

256 1008 345 1071 'l'um
357 1030 514 1098 suspensa
526 1030 615 1074 novo
627 1009 692 1074 ritu
705 1007 746 1074 dc
759 1008 897 1074 navibus
909 1009 995 1089 altio,

256 1187 341 1232 mirum
352 1203 358 1231 :
371 1185 527 1242 adhaeserant,
539 1200 610 1249 puto,
620 1203 699 1235 versus
709 1190 732 1234 in
743 1191 846 1250 margine
856 1186 951 1247 alicujus
961 1186 1049 1234 cefficis
1058 1201 1071 1230 a
1080 1182 1153 1229 sciolo
1162 1180 1305 1228 scholastico

256 1257 317 1304 male
330 1257 396 1304 alliti.
412 1257 542 1320 Scaligerin
555 1261 673 1321 antiquata
686 1259 754 1306 verba
764 1259 873 1322 proclivis
882 1262 915 1305 sic
924 1254 1137 1320 comprehendebat
1147 1253 1303 1300 sententiam:

260 1331 318 1374 Tum
332 1328 396 1393 lonqn
405 1331 467 1393 quod
476 1333 526 1392 jam
539 1338 615 1388 captet
627 1345 759 1376 sucurrere
770 1334 853 1386 umori,
866 1333 918 1376 Nost
931 1333 1004 1374 minus
1016 1326 1056 1373 illa
1068 1335 1148 1372 mmm.
1159 1326 1190 1369 Ut
1200 1323 1262 1388 quod
1272 1325 1304 1368 sis

253 1415 313 1464 pro,
330 1402 442 1462 quamvis.
464 1401 548 1445 lenior
563 1400 623 1446 forte
640 1400 773 1445 medicina:
792 1397 849 1445 Tem
864 1399 928 1463 liupo
941 1399 1003 1462 quod
1013 1400 1063 1461 jam
1078 1403 1154 1458 captet
1171 1405 1305 1440 succurrere

256 1473 336 1516 umori.
348 1471 434 1517 Versus
443 1481 520 1516 tamen
530 1469 568 1515 val
576 1472 609 1515 sic
619 1473 722 1524 enervis,
733 1473 776 1516 etsi
786 1472 854 1518 facile
865 1484 914 1517 erat
923 1469 1043 1517 meliorem
1053 1468 1200 1515 substituere.
1210 1467 1236 1510 ln
1245 1467 1306 1510 lun·

257 1543 306 1588 tina
319 1541 412 1588 editur:
426 1541 501 1598 Quum
513 1539 577 1604 lonqo
586 1543 703 1604 quonium,
717 1543 822 1598 Ferrem,
833 1545 852 1588 si
863 1541 929 1588 daret
940 1541 1013 1587 codex
1024 1556 1030 1585 :
1045 1540 1132 1598 Quum,
1144 1535 1208 1602 lottqo
1219 1549 1306 1600 quom·

256 1625 327 1676 quma
335 1620 411 1672 captat
423 1612 455 1669 (l.
469 1615 532 1674 cupit
542 1611 587 1669 alt)
599 1625 729 1658 succurrere
740 1615 822 1669 amoti,
833 1615 886 1658 Non
896 1617 969 1658 minus
982 1611 1138 1658 illuuiem...
1149 1608 1265 1661 German
1276 1619 1305 1653 ut

256 1687 385 1748 jungatur:
399 1683 473 1741 Quum
487 1683 591 1746 pendeat.
601 1707 633 1719 -
642 1683 695 1740 384.
703 1687 756 1730 Non
764 1688 838 1730 minus
849 1684 887 1730 illa
900 1695 973 1730 tomen
985 1683 1061 1730 revehi
1064 1720 1071 1741 ,
1081 1684 1143 1748 quod
1153 1697 1233 1727 moenta
1243 1693 1308 1725 cres·

258 1767 325 1811 coiit,
340 1757 457 1810 δικάσαις
475 1755 727 1818 catecuminum
744 1753 819 1802 mett
834 1759 857 1802 in
870 1769 925 1805 vett.
944 1757 1011 1814 edd,
1030 1760 1097 1804 etiam
1115 1754 1179 1810 Ala,
1194 1753 1269 1806 muci,
1281 1761 1307 1796 θ*

257 1839 344 1877 crescet
356 1845 398 1874 ma.
414 1827 481 1874 Basil.
496 1841 518 1874 et
531 1826 670 1885 llelmstad.,
683 1830 800 1892 adscripto
808 1839 893 1876 cantat.
905 1831 931 1876 ln
941 1839 1044 1877 crescant
1054 1844 1140 1875 nomen
1149 1829 1223 1874 Cretae
1232 1824 1306 1870 latere

258 1897 329 1946 facile
342 1914 481 1961 assequare:
496 1899 578 1944 Carme
588 1899 618 1944 ad
627 1901 730 1958 Cretam,
745 1903 827 1964 inqua
841 1915 906 1958 nata,
921 1900 1001 1948 saltem
1017 1901 1126 1956 educata,
1139 1909 1200 1954 erat,
1214 1895 1256 1943 sibi
1266 1910 1306 1940 re·

259 1969 334 2014 ditum
345 1968 394 2014 dari
409 1983 456 2014 non
471 1970 520 2015 sine
532 1969 618 2030 gaudio
629 1972 776 2032 agnoscebat.
790 1972 892 2034 Scaliger
903 1973 1012 2018 refinxit:
1030 1973 1083 2017 Non
1095 1973 1168 2016 mutus
1180 1967 1218 2014 illu
1233 1975 1308 2011 umen

257 2037 335 2086 revehi
344 2055 433 2104 quoque
448 2041 530 2085 maenia
547 2041 623 2086 Cretes
637 2043 732 2087 Gaudet.
748 2041 794 2088 Sed
809 2043 866 2088 dura
883 2057 937 2089 sunt
949 2045 1031 2088 moenio
1047 2042 1129 2087 Cretes.
1142 2037 1238 2084 Malim:
1253 2037 1308 2081 Non

257 2111 333 2154 meiius
347 2108 385 2154 illa
400 2119 473 2154 temen
485 2109 561 2156 reueln'
570 2127 595 2157 se
608 2113 640 2158 od
652 2116 733 2159 numm
745 2115 829 2160 Gnossi
838 2113 950 2160 Gaudeat.
966 2113 1045 2159 lleint.
1056 2111 1173 2174 malique
1184 2109 1216 2154 ed
1225 2108 1308 2152 mente

260 2181 340 2244 meta.
353 2181 390 2227 lo.
403 2181 525 2230 Schrader.
539 2188 620 2230 moent'u
635 2185 767 2231 cressu-
778 2185 831 2232 385.
843 2195 867 2231 et
876 2189 947 2232 cineri
957 2189 1038 2248 potrioe
1050 2193 1084 2229 est
1093 2182 1196 2247 jucunda
1209 2177 1305 2241 sepulto.

256 2251 320 2298 vett.
332 2253 387 2298 edd.
398 2258 478 2314 petrice
488 2265 522 2311 et,
536 2254 573 2303 sel
582 2259 664 2303 eniteris
672 2261 753 2318 petrice
761 2267 802 2304 est.
818 2259 891 2304 Vetus
904 2257 960 2303 edit.
973 2256 1036 2320 apud
1048 2257 1160 2302 loensem
1174 2252 1190 2298 l.
1206 2268 1227 2296 c.
1240 2251 1307 2296 Gau-

257 2323 310 2368 dere
319 2328 429 2371 etcinert's
438 2326 579 2391 potrioe'lteto
588 2343 637 2373 esse
647 2327 765 2392 sepulcro,
777 2345 829 2392 qum
844 2326 1049 2390 interpolationem
1061 2325 1183 2371 manifeste
1195 2320 1306 2385 produnt,

258 2394 367 2458 scaligeri
378 2399 524 2444 correctione
531 2405 563 2446 ite
574 2403 616 2461 ipai
627 2401 722 2464 quidem
733 2399 842 2447 monachi
852 2413 942 2447 veteres
952 2397 1091 2444 scabriorem
1101 2394 1207 2464 prolerre
1216 2391 1308 2455 potuis-

258 2478 317 2512 sent.
330 2467 435 2513 Getides:
449 2477 474 2514 nt
486 2471 572 2514 eiciaris
584 2473 817 2531 est'petrt'oejucundn
828 2469 940 2530 scpulloe:
952 2481 976 2513 ut
990 2479 1049 2514 esset
1062 2482 1068 2511 t
1087 2463 1142 2510 ltuic
1154 2462 1230 2526 placet
1239 2461 1308 2506 ruina

257 2541 339 2600 patrie
350 2553 405 2585 suae.
419 2541 517 2602 Utrique
529 2552 607 2585 cattasa
621 2549 667 2594 ett,
678 2539 743 2601 quod
752 2538 885 2602 gaudeant:
899 2537 945 2593 illi,
959 2539 1023 2602 quod
1034 2541 1119 2584 iterum
1132 2539 1155 2582 in
1167 2535 1258 2581 Cretam
1269 2547 1308 2577 re-

257 2611 317 2655 verti
329 2621 423 2670 sperat:
435 2610 491 2655 huic
505 2627 572 2666 vero,
585 2611 649 2673 quod
660 2610 690 2656 de
700 2626 755 2656 casu
765 2613 846 2672 patrire
856 2621 918 2656 certa
931 2613 967 2656 sit.
978 2611 1028 2657 lloc
1038 2627 1094 2658 vero
1106 2607 1179 2672 Scylla
1192 2621 1239 2652 non
1249 2619 1308 2666 gatr-

259 2675 337 2721 debtt.
348 2678 429 2739 ltaque
439 2694 483 2724 nec
496 2680 574 2724 Heins.
587 2680 663 2726 bene:
676 2687 698 2725 et
706 2683 762 2725 cinis
772 2689 807 2726 cst
815 2683 897 2742 patrita
903 2681 1004 2743 jucunda
1014 2679 1114 2742 scpultoe.
1125 2677 1243 2724 Bartlrium
1253 2687 1309 2720 sen-

258 2761 309 2792 sum
321 2761 401 2792 verum
414 2751 516 2795 tenuisse
529 2750 612 2805 video,‘
630 2751 671 2812 qui
682 2763 759 2797 tamen
771 2749 850 2812 legere
862 2749 960 2798 maluit:
977 2753 1098 2798 Gaudeat:
1116 2760 1139 2796 et
1151 2751 1221 2795 cineri
1233 2745 1309 2808 panio

257 2823 294 2862 est
298 2817 403 2878 jucunda
414 2818 530 2880 sepulcro,
546 2817 569 2862 lt.
584 2823 639 2865 anui
654 2819 690 2865 illi
701 2820 833 2882 jucundum
844 2833 878 2868 est
889 2823 914 2866 in
926 2825 1000 2883 patria
1012 2837 1052 2868 sua
1064 2823 1137 2867 cineri
1149 2835 1191 2868 stro
1203 2817 1309 2863 invenire

258 2885 401 2948 sepulcrum.
415 2886 460 2932 Sed
473 2904 549 2933 verani
563 2889 687 2956 lectiopem
701 2891 806 2936 invenire
818 2893 843 2936 in
853 2903 947 2953 promtu
957 2905 1004 2948 est,
1014 2907 1113 2954 eamque
1125 2905 1177 2935 mor
1189 2891 1213 2934 in
1224 2885 1308 2932 Aldina

259 2957 348 3003 dudum
362 2954 476 3016 vulgatam
490 2956 538 3002 vidi
549 2973 555 3001 :
568 2966 591 3003 ct
599 2961 670 3002 ciuem
680 2963 755 3020 potnit
766 2969 800 3005 est
808 2961 912 3023 jucundo
923 2961 1018 3024 sepulto.
1031 2961 1063 3007 lta
1076 2973 1099 3006 et
1111 2975 1152 3005 ms.
1163 2957 1259 3004 llelmst.
1271 2952 1310 3001 le·

258 3028 336 3090 gebat.
348 3028 421 3072 Etiam
435 3029 510 3073 cineri
522 3027 615 3090 sepulto
627 3031 701 3090 patria
713 3028 799 3076 humus
808 3043 872 3092 grata
885 3043 927 3077 est.
939 3034 1020 3078 Sinon
1033 3033 1110 3078 viiere
1122 3029 1177 3075 lieet
1187 3030 1211 3073 in
1221 3026 1309 3088 patria,

257 3097 354 3154 saltem,
366 3099 390 3142 in
403 3114 429 3144 ea
442 3096 533 3144 humari
547 3111 572 3144 ut
586 3100 720 3162 contingat,
731 3101 757 3144 in
768 3102 829 3146 votis
842 3099 962 3150 habemns.
979 3123 1011 3136 —
1027 3099 1080 3146 386.
1097 3100 1158 3163 Erqo
1168 3105 1229 3142 motu
1240 3094 1311 3157 copiti

256 3166 334 3228 Scylla
345 3177 379 3214 est
395 3170 485 3214 inimica
496 3178 598 3230 paterno.
615 3170 701 3216 lterum
716 3172 791 3231 inepti
808 3169 916 3218 monachi
930 3186 1028 3218 acumen
1043 3187 1072 3216 cx
1087 3171 1190 3231 margine
1204 3165 1309 3219 illatum,

256 3240 299 3286 aed
311 3238 377 3286 valde
390 3239 507 3286 obtusum.
521 3241 598 3286 Metus
609 3238 689 3286 saltem
706 3239 815 3287 disertius
826 3254 874 3288 erat
886 3242 1046 3305 exponendus
1067 3239 1173 3286 Barthius
1187 3252 1235 3284 non
1247 3232 1308 3280 male

255 3312 383 3357 emendat:
397 3313 459 3376 Erqo
470 3320 515 3356 tum
525 3315 600 3373 capiti.
612 3313 671 3359 Puto
684 3325 760 3358 tamen
773 3313 964 3376 interpolatorem
974 3315 1092 3378 scripsisse
1103 3329 1109 3358 :
1122 3313 1182 3376 Erpo
1194 3313 1275 3355 iterum
1286 3307 1316 3352 ci

256 3381 307 3426 Hoc
319 3382 382 3429 idem
395 3383 475 3430 licina.
487 3386 592 3447 conjicit.
605 3411 636 3420 -
647 3383 700 3442 387.
717 3387 761 3432 Per
775 3398 822 3432 tres
836 3402 915 3432 versut
929 3385 1018 3432 diversa
1033 3386 1172 3432 narrationis
1184 3381 1259 3442 capita
1270 3379 1310 3440 je-

250 3452 310 3510 june
320 3455 374 3497 satis
386 3469 428 3515 per
440 3455 497 3498 Tum
506 3455 646 3518 junguntur.
658 3453 744 3501 Saltem
759 3459 829 3502 tertio
841 3473 847 3502 ε
862 3459 1021 3514 Atsuspettsa.
1033 3456 1135 3501 Omnino
1146 3451 1185 3498 hic
1198 3461 1247 3496 erat
1256 3461 1310 3493 car-

256 3520 327 3564 minti
341 3519 419 3576 locus,
438 3525 478 3584 qui
491 3523 642 3570 disertissime
655 3527 748 3570 tractari
760 3524 868 3572 debebat.
885 3526 915 3571 cl.
931 3524 999 3571 Ovid.
1013 3525 1070 3571 Met.
1083 3524 1148 3578 vlu,
1169 3521 1197 3568 81
1213 3535 1248 3582 sq.
1262 3515 1309 3561 Pro

256 3589 382 3634 suentium
398 3603 453 3636 vett.
471 3591 525 3638 edd.
542 3607 596 3639 ante
613 3593 721 3641 Aldinam
738 3595 798 3644 male
811 3599 961 3662 succinqitur,·
978 3597 1002 3640 in
1018 3608 1100 3659 quaet
1114 3597 1184 3639 Tunc.

256 3750 410 3801 succurrat,
421 3742 516 3808 partim
525 3741 599 3810 quod
610 3743 637 3792 in
645 3744 760 3812 patriam
805 3746 973 3818 pitaltantum
984 3747 1067 3799 verbo
1077 3743 1181 3814 attingit
1190 3761 1196 3791 ι
1204 3738 1266 3792 vide
1274 3732 1310 3788 ad

255 3819 294 3876 sic
306 3833 334 3868 se
349 3815 512 3883 redituram,
525 3831 551 3870 et
568 3819 662 3871 saltem
677 3832 761 3873 tumu·
805 3827 965 3896 principium
976 3823 1057 3894 liujus
1070 3823 1204 3875 carminis.

248 3897 308 3952 lum
320 3897 348 3948 in
359 3895 416 3947 solo
430 3897 519 3968 patrio
529 3897 682 3951 habituram
694 3917 752 3953 esse
834 3905 894 3971 389.
910 3904 994 3960 ,Mira
1022 3903 1121 3954 Minois
1145 3897 1308 3960 crudelitas,

251 3975 333 4032 videt.
799 3982 872 4055 quod
888 3982 1007 4054 puellam
1023 3984 1086 4035 nasi
1102 3980 1207 4052 alligat3
1224 3977 1259 4030 cf.
1275 3993 1303 4026 v.

288 4056 338 4127 387
351 4075 410 4129 sqq.
422 4059 698 4114 Potioranarrationis
706 4079 753 4116 ca·
797 4065 860 4130 416.
885 4063 952 4133 4¹7³
973 4081 1028 4116 non
1050 4063 1190 4132 adjicitur,
1214 4077 1246 4110 an
1270 4056 1301 4112 itt
