2918 4682
276 351 337 418 508
503 417 506 424 ,
539 346 931 429 COMMENTARIA,
959 367 1039 416 arc.

273 483 435 554 coeperunt
453 470 535 530 vesci
550 471 693 552 juvencis
715 470 845 551 aliisque
866 470 1098 532 animantibus:
1121 492 1201 533 nam
1227 473 1365 555 plane

270 559 328 618 sub
342 559 473 618 Saturno
488 557 635 619 mortales
655 559 859 619 vescebantur
877 561 978 640 pomis
996 573 1121 620 tantum
1138 561 1361 642 agrestibus

271 660 303 707 et
313 659 402 708 terrae
415 647 585 708 fructibus:
600 647 674 708 felix
688 650 782 708 etiam
796 645 858 708 fuit
870 649 1008 709 seculum
1025 651 1149 710 Saturni
1162 664 1360 732 perpetua

270 755 363 816 pace,
386 757 448 816 qua
462 735 582 796 floruit:
605 736 700 798 nullae
718 739 803 796 enim
819 737 960 798 buccina
973 739 1101 798 fuerunt
1117 741 1355 814 necessariae,

270 843 340 904 quae
352 825 482 886 militem
496 828 700 900 concitarent3
715 825 795 886 nulli
807 847 913 901 enses,
931 830 986 909 qui
1002 826 1125 890 hostem
1139 827 1307 888 ferirent.

311 911 378 988 541.
398 915 536 976 Absolvit
549 915 666 976 librum
679 913 779 991 hunc,
799 931 834 976 ut
845 917 912 996 jam
931 920 1071 998 primum
1088 915 1350 990 concludebat,

272 1002 456 1062 continuata
476 1001 658 1084 metaphora
682 1024 699 1061 a
720 1002 878 1084 quadrigis
899 1024 1067 1084 equorum,
1088 1004 1228 1084 quibus,
1260 1015 1351 1084 post

270 1087 401 1169 longum
412 1091 588 1152 confectum
602 1113 741 1165 cursum,
755 1092 920 1152 solvuntur
929 1091 1010 1154 eolla
1019 1094 1134 1154 sudore
1144 1091 1344 1165 fumantia,

271 1188 301 1234 et
312 1176 478 1260 defatigata
491 1203 557 1262 prae
567 1180 675 1240 labore
686 1182 797 1242 nimio.

272 1337 318 1408 qui
333 1350 372 1391 est
384 1341 412 1390 in
428 1341 528 1393 Dictaeo
544 1352 633 1393 monte
647 1339 766 1393 Cretensi
813 1340 939 1406 classico,
951 1359 1052 1408 cornu,
1068 1341 1110 1394 vel
1121 1341 1190 1392 lituo
1201 1338 1344 1405 debant,

271 1419 394 1468 nutritus.
407 1420 477 1471 Serv.
607 1435 614 1446 ·
813 1420 885 1491 quod
900 1422 1036 1472 inventum
1051 1421 1143 1471 ferreae
1161 1421 1260 1470 aetatis
1276 1431 1340 1484 est,

311 1496 369 1566 537.
385 1498 471 1570 Impia
487 1517 565 1570 quam
581 1500 648 1552 coesis
658 1516 720 1571 qens
733 1509 769 1551 est
812 1499 858 1551 Ge.
870 1499 922 1564 llI,
941 1499 998 1550 183.
1014 1499 1123 1550 Homeri
1138 1495 1263 1562 heroes,
1284 1499 1339 1569 qui

271 1575 376 1648 epulata
391 1580 518 1650 juvencis.
538 1579 613 1631 Arati
631 1591 671 1631 est
695 1579 767 1648 hoc,
813 1579 896 1628 aetatis
912 1596 996 1628 aurete
1013 1577 1062 1628 sub
1080 1576 1159 1628 finem
1176 1579 1338 1642 vixerunt,

272 1658 317 1727 qui
325 1655 405 1722 dicit,
417 1657 507 1710 Phoen.
521 1676 568 1728 ¹²9
579 1676 585 1708 :
596 1661 710 1728 majores
720 1659 768 1711 bo·
812 1659 1036 1728 voceirnperitare
1045 1655 1260 1708 solebanttinde
1269 1651 1335 1717 fierit

270 1753 330 1788 rem
350 1755 467 1790 comesse
489 1739 564 1791 nefas
585 1739 725 1810 putabant.
740 1739 766 1792 S.
813 1733 912 1802 a'yaeiir.
926 1736 1025 1787 Confer
1040 1734 1130 1788 Ovidii
1144 1733 1333 1805 splendidum
1438 1731 1439 1750 ¹

270 1844 306 1854 —
314 1817 386 1868 casis
389 1818 515 1888 juvencis.
527 1817 639 1889 Attingit
649 1819 693 1870 hic
705 1820 769 1870 Poe·
812 1815 915 1881 locum,
929 1817 955 1866 in
966 1815 1030 1865 Met.
1043 1815 1068 1878 1,
1079 1813 1122 1882 96.
1135 1814 1167 1866 V.
1181 1815 1213 1864 G.

270 1905 299 1946 ta
315 1897 466 1948 cautionem
481 1894 554 1948 illam
570 1909 705 1960 veterum,
723 1898 770 1966 qni
849 1893 908 1962 540.
924 1895 973 1947 Hic.
989 1910 1080 1945 versus
1092 1893 1212 1943 imitatur
1223 1893 1331 1963 pulsa-

271 1973 441 2026 ahstinebant
466 1994 482 2026 a
505 1974 636 2026 caedendis
661 1975 748 2027 bobus
761 1963 776 2039 ς’
813 1977 912 2032 tiones.
922 1973 1010 2026 mallei
1034 1972 1069 2024 ad
1093 1972 1326 2027 fabrefaciendos

271 2051 325 2102 imo
337 2052 507 2122 reprehendit
517 2054 651 2120 mortales,
663 2056 707 2124 qui
716 2054 768 2106 hoc
813 2072 906 2120 enses,
927 2064 982 2104 tum
1000 2064 1074 2103 motu
1095 2069 1163 2117 suo,
1183 2063 1244 2102 turn
1267 2055 1325 2106 fre·

272 2132 338 2182 ausi.
351 2133 468 2184 Narrant
477 2131 599 2186 Valerius
613 2146 640 2186 et
652 2133 767 2200 Plinius,
814 2134 922 2206 quentia
933 2131 1070 2184 literarum
1082 2143 1131 2182 ret
1141 2149 1167 2202 p.
1184 2131 1217 2185 V.
1231 2133 1267 2182 G.

270 2211 345 2282 prior
355 2214 592 2282 cap-I,posterior
607 2232 666 2284 cap.
680 2211 729 2280 45;
742 2225 769 2266 et
849 2213 908 2280 542.
925 2214 961 2264 Et
965 2214 1024 2283 jam
1041 2222 1140 2282 tempus
1154 2229 1251 2282 equum
1264 2212 1322 2284 fn-

270 2301 382 2362 uterque
396 2291 442 2343 lib.
460 2291 534 2358 Vlll,
550 2291 769 2364 patremfamilias
813 2294 913 2344 matitia
932 2291 1028 2344 solvere
1046 2289 1123 2342 colla,
1147 2290 1320 2362 Allegorici's

272 2367 427 2422 damnatum
438 2371 520 2422 fuisse
532 2390 548 2424 a
561 2371 663 2443 populo
674 2373 771 2424 Roma·
814 2372 866 2424 hoc
878 2371 943 2423 dicit
956 2393 962 2420 :
977 2371 1101 2422 Debemus
1112 2370 1228 2442 fatigato
1243 2371 1319 2444 inqe-

270 2465 326 2515 no,
347 2449 421 2522 quod
437 2449 533 2503 bovem
549 2464 682 2503 aratorem
700 2452 771 2502 occi·
814 2453 858 2504 nio
870 2469 985 2523 parcere,
1000 2461 1025 2501 et
1032 2447 1212 2522 facercfinem
1224 2453 1320 2502 canni-

202 2535 204 2542 '
272 2527 373 2596 disset,
397 2532 498 2584 socium
522 2531 623 2584 laboris
650 2532 769 2584 humani.
815 2532 852 2582 ni.
863 2531 930 2584 Sane
942 2549 997 2582 non
1013 2543 1052 2582 est
1066 2533 1248 2600 comparatio,
1268 2531 1316 2584 sed

270 2607 381 2660 Athenis
401 2610 481 2660 etiam
497 2609 552 2679 lege
570 2623 676 2664 cautum
698 2623 770 2676 erat,
815 2610 970 2673 translatio;
988 2611 1056 2661 sicut
1074 2621 1101 2662 et
1119 2611 1147 2661 in
1166 2612 1245 2680 primi
1263 2609 1315 2664 fine

272 2688 375 2756 nequis
386 2686 482 2739 horem
494 2688 659 2754 immolaret,
672 2687 705 2740 de
716 2706 769 2758 quo
816 2688 936 2742 diximus.
945 2690 1229 2742 -Fumantia.Feriat
1239 2703 1314 2742 tuum

272 2761 413 2816 dicebant:
426 2764 526 2834 γεωργός
542 2767 616 2828 irco,
632 2765 672 2817 acl
685 2767 730 2820 etr
739 2768 768 2826 ¹ir
815 2770 931 2821 animum
941 2768 1084 2840 praeclarus
1093 2769 1201 2821 dicendi
1209 2769 1309 2823 modus.

272 2837 397 2911 niripiunt
412 2842 525 2910 κιμῶτον
538 2841 655 2902 ιοινωιᾶςι
672 2846 769 2918 αφ’ἰεο-
813 2847 853 2900 lta
862 2848 975 2899 AEn.X11
987 2869 992 2897 :
1002 2848 1240 2920 fumantessudore
1250 2869 1311 2923 quo·

271 2919 299 2972 la
312 2931 348 2972 est
353 2959 362 2986 ‚
373 2933 399 2973 et
405 2923 486 2976 socius
497 2922 606 2976 humani
618 2924 716 2976 laboris.
813 2927 844 2978 tit
857 2945 956 2997 equos;
974 2939 1000 2979 et
1016 2926 1049 2980 de
1066 2929 1141 2998 equis
1155 2927 1272 2980 Castoris
1286 2943 1310 2982 et

311 2999 371 3072 539.
396 3003 510 3056 Classica.
532 3003 647 3057 Militnre
668 3007 768 3057 instru-
812 3004 927 3059 Pollucis
951 3008 1103 3058 Minatius:
1136 3010 1313 3080 spumntlbttt

272 3094 404 3149 mentum,
422 3103 475 3158 quo
492 3083 647 3158 signumad
665 3102 768 3158 pugnas
813 3087 896 3160 cquis,
908 3088 1163 3162 atquefiimantibus.
