2986 4694
286 443 346 531 ¹94
645 429 956 500 rnoosurnnt

245 629 247 638 ,
278 580 337 629 aut
354 559 548 627 successisse
568 557 665 647 plura
685 555 810 646 idyllia,
834 577 909 649 quae
929 569 1056 620 ceteras
1076 555 1190 620 rustici
1211 557 1324 646 operis

278 685 389 759 partes
399 680 666 755 exsequerentur.
679 660 808 727 Sufficit
819 659 970 750 idylliurn
981 657 1047 725 hoc
1059 681 1131 726 esse
1143 683 1185 726 ex
1195 661 1324 750 elegan-

278 775 426 855 tissimis,
442 771 533 864 quod
545 770 662 862 majori
674 769 864 857 eclogarum
877 765 1131 856 Virgilianarunr
1143 769 1228 858 parti
1241 791 1326 858 prae·

278 881 397 960 feram,
417 881 452 944 in
471 877 592 969 quibus
608 875 779 942 senteutiae
794 898 834 939 ex
851 871 1032 940 Theocrito
1046 891 1203 940 mutuatae
1218 897 1326 938 annu-

278 1002 457 1052 merantur.
468 985 538 1052 Nisi
548 983 633 1049 forte
643 981 742 1074 hujus
752 979 909 1070 poematii
918 995 1034 1046 auctor
1046 997 1080 1044 et
1090 980 1325 1070 ipseeGraecis

279 1114 338 1157 sua
353 1091 490 1180 accepit.
506 1091 602 1155 Certe
619 1089 755 1153 Vossius
772 1088 806 1150 in
820 1085 878 1152 lib.
898 1085 941 1151 de
959 1087 1067 1175 poeu's
1085 1085 1142 1151 Gr.
1159 1085 1323 1174 prodidit,

279 1195 314 1262 in
337 1195 412 1262 cod.
437 1195 587 1261 Ambros.
610 1197 742 1260 Moreto
762 1191 890 1282 Virgilii
918 1213 989 1257 esse
1012 1191 1176 1281 adscripta
1196 1190 1324 1257 rerba:

278 1301 476 1370 Partltem'us
495 1301 660 1367 Moretum
681 1301 809 1386 scripsit
829 1301 864 1362 in
885 1293 1024 1374 Grceco,
1046 1321 1141 1388 quem
1168 1296 1326 1388 Vergilius

280 1412 427 1476 imitatus
439 1423 496 1473 est.
504 1407 586 1488 Quae
594 1428 647 1470 res
655 1427 723 1471 non
731 1402 957 1494 improbabilis
972 1402 1077 1468 videri
1090 1401 1205 1484 dehet,
1221 1425 1327 1494 quum

279 1529 388 1602 poetae
408 1528 485 1578 ante
506 1525 540 1574 et
556 1509 618 1575 sub
636 1512 805 1598 Augusteo
823 1509 944 1574 saeculo
963 1509 998 1573 in
1016 1509 1139 1574 Graecis
1157 1504 1326 1575 vertendis

280 1635 409 1685 tantum
423 1615 570 1682 studium
585 1615 837 1680 consumserint.
849 1613 883 1679 si
895 1615 1007 1704 itaque
1019 1637 1037 1678 a
1049 1615 1241 1680 Mureniana
1253 1637 1325 1680 ora-

280 1725 386 1803 tione,
404 1743 504 1813 quam
518 1721 553 1784 in
564 1719 726 1785 Bucolicis
738 1735 904 1800 tenemus,
922 1719 1028 1786 aliena
1045 1738 1094 1786 est
1110 1717 1238 1787 indoles
1253 1723 1327 1787 Mo-

280 1832 357 1913 reti‚
370 1830 435 1896 hue
447 1853 509 1920 per
522 1851 559 1895 se
571 1828 780 1894 mirationem
789 1851 858 1895 non
869 1829 962 1911 facit,
975 1829 1003 1895 si
1014 1828 1151 1919 quidem
1161 1853 1200 1895 ex
1210 1830 1326 1896 Graeco

280 1953 409 2004 tantum
429 1957 588 2002 conversa
607 1934 678 2001 haec
699 1951 786 2001 sunt.
807 1937 966 2001 Versatur
984 1953 1097 2001 autem
1115 1953 1213 2025 poeta
1232 1937 1267 2001 in
1286 1957 1327 2002 eo

281 2042 429 2132 poetices
441 2056 577 2130 genere,
591 2040 696 2132 quod,
713 2040 811 2107 rebus
827 2064 846 2106 e
864 2043 931 2107 vita
946 2040 1064 2108 humili
1080 2059 1112 2108 et
1124 2041 1257 2109 sordida
1270 2065 1329 2133 pe·

281 2149 359 2227 titis,
368 2147 411 2212 ad
418 2147 545 2213 animos
555 2146 719 2214 tenendos
731 2149 881 2213 omnium
892 2149 1028 2214 minime
1038 2147 1326 2215 accommodatum

283 2275 369 2335 esse,
385 2253 481 2320 multi
489 2255 551 2319 viri
563 2253 654 2321 docti
663 2252 917 2320 contenderunt.
928 2254 993 2319 Alii
1002 2252 1067 2320 hoc
1076 2253 1149 2343 ipso
1159 2275 1194 2320 se
1205 2273 1327 2343 genere

281 2359 378 2426 facile
391 2360 559 2426 Homerici
571 2361 725 2427 carminis
739 2359 854 2426 laudes
865 2361 1026 2450 attingere
1043 2382 1141 2449 posse
1157 2375 1326 2450 putarunt.

282 2467 376 2532 Prius
395 2465 477 2531 illud
491 2463 660 2557 judicium
672 2483 761 2531 recte
776 2489 811 2532 se
827 2465 953 2532 habere
967 2465 1078 2531 nullus
1095 2465 1227 2548 dubito,
1247 2468 1275 2533 si
1293 2469 1329 2532 in

284 2573 364 2641 orbe
384 2581 497 2640 rerum
516 2575 644 2664 rVulgari
661 2590 719 2639 aut
737 2576 771 2640 in
794 2575 947 2641 sordibus
959 2575 1061 2656 'vitae,
1084 2575 1192 2664 iisque
1211 2573 1327 2654 rebus,

285 2701 425 2768 quarum
438 2678 614 2770 adspectus
626 2703 784 2748 nauseam
796 2681 887 2763 facit,
903 2679 1083 2770 descriptio
1094 2697 1258 2762 versetur3
1272 2695 1331 2745 aut

285 2787 313 2850 si
329 2787 571 2873 exspectatione
586 2787 671 2878 ejus,
694 2785 776 2877 quid
795 2809 834 2852 ex
853 2786 1018 2875 sigillatim
1037 2786 1211 2875 descriptis
1228 2783 1329 2850 rebus

284 2907 524 2980 proventurum
539 2894 594 2974 sit,
610 2895 739 2959 animus
753 2915 822 2958 non
838 2893 995 2980 erigatur,
1007 2909 1065 2957 aut
1077 2894 1104 2958 si
1114 2893 1251 2958 omnino
1260 2907 1331 2956 arte

286 3012 320 3062 et
332 2997 465 3085 ingenio
479 3016 596 3064 careat.
610 3003 751 3066 Possunt
762 3017 872 3066 tumen
886 3021 924 3062 ex
937 3021 974 3063 ea
987 3022 1123 3089 quoque
1136 3001 1217 3080 vita,
1230 3019 1330 3086 quam

284 3101 394 3168 lubitu
403 3125 465 3168 suo
477 3127 575 3169 nemo
584 3106 696 3170 rivere
707 3104 813 3183 malit,
827 3127 903 3170 curn
914 3103 1051 3186 dilectu,
1065 3105 1200 3170 remotis
1212 3102 1331 3169 moles·
1395 3169 1398 3176 ,

245 3199 249 3218 ’
286 3210 340 3276 tiis
351 3227 383 3276 et
395 3208 677 3291 sordibus‚multa
689 3213 818 3300 poetice
829 3210 925 3277 reddi
935 3228 967 3277 et
979 3211 1153 3291 ornari,ut
1164 3211 1330 3300 placeant3

286 3315 389 3384 modo
403 3340 446 3383 ne
458 3317 515 3382 tali
527 3317 663 3382 carmini
675 3318 742 3381 vim
755 3339 793 3381 ac
808 3315 1001 3405 dignitatem
1013 3317 1166 3383 carminis
1180 3315 1266 3406 epici
1280 3313 1334 3378 tri·

285 3421 390 3488 huere
402 3423 503 3502 ausis,
518 3444 538 3486 a
552 3446 617 3512 qua
629 3422 711 3487 illud
723 3421 914 3511 longissime
927 3423 1041 3489 abesse
1057 3445 1191 3489 necesse
1206 3438 1265 3488 est.
1281 3423 1332 3485 De

287 3529 406 3618 quovis
420 3529 565 3594 carmine
578 3528 789 3594 statuendum
805 3547 854 3594 est
866 3553 906 3594 ex
920 3531 990 3620 ejus
1003 3552 1124 3619 genere
1136 3528 1333 3617 generisque

287 3651 404 3699 natura
419 3649 452 3698 et
466 3632 594 3714 indole3
611 3651 801 3724 potestque,
821 3653 912 3701 recto
928 3659 1005 3701 curn
1020 3635 1162 3727 judicio,
1182 3656 1222 3698 ex
1239 3633 1331 3696 omni

287 3760 410 3828 genere
422 3738 548 3804 fructus
564 3739 682 3829 aliquis
697 3763 756 3804 seu
769 3741 894 3831 ingenii
909 3759 942 3806 et
953 3745 1031 3808 artis
1045 3764 1104 3806 seu
1117 3740 1266 3804 honestae
1274 3759 1332 3803 vo-

287 3845 422 3933 luptatis
437 3845 515 3933 peti.
531 3845 670 3934 Virgilio
682 3869 814 3914 carmen
828 3849 893 3913 hoc
907 3847 1068 3913 tributum
1083 3867 1154 3910 esse
1163 3845 1233 3935 jam
1247 3843 1332 3908 anti-

288 3951 415 4042 quitus,
434 3974 473 4015 ex
490 3974 530 4017 eo
544 3969 685 4033 constat,
703 3953 844 4045 quadiu
861 3955 937 4018 Vita
947 3953 1076 4041 Virgilii
1091 3950 1172 4016 illud
1187 3971 1331 4017 comme·

288 4075 457 4128 moretur:
479 4060 559 4145 etsi,
583 4083 690 4154 quum
710 4077 760 4130 tot
778 4060 940 4145 seriorum
957 4058 1133 4127 hominum
1151 4057 1249 4148 nugis
1275 4055 1332 4122 illa
