2998 4670
408 351 478 437 ·Ρ.
510 344 810 437 VIRGILII
842 343 1157 442 MARONIS

508 637 1085 781 GEORGICON
1228 775 1233 781 .

469 965 706 1069 LIBER
741 845 1123 1099 QUARTUs.

414 1268 511 1349 (Vide
522 1271 748 1350 Argumentum
760 1269 916 1350 generale,
927 1272 991 1334 vol.
1002 1274 1031 1350 l,
1045 1294 1076 1356 p.
1092 1273 1179 1354 503.)

278 1535 1320 1566 mmmmm

691 1741 909 1806 ANALYSlS.

280 1951 412 2038 Emonia·
419 1993 602 2053 argumentum
608 1979 886 2051 hujuslibri3dedieat
894 1981 966 2038 huuc
973 1983 1125 2048 bleranam
1137 1997 1228 2057 captat
1237 1997 1320 2038 atten-

278 2068 379 2118 tionem
392 2082 408 2116 a
425 2063 504 2116 rebus
516 2063 632 2133 magnis,
650 2073 740 2133 sperat
751 2060 864 2133 gloriam
876 2081 890 2116 a
905 2081 934 2115 re
946 2062 1054 2128 humili,
1076 2081 1157 2136 1-7.
1175 2067 1320 2135 Exequitur

278 2144 351 2198 bunc
361 2146 448 2214 ipsum
458 2141 555 2196 librum
564 2159 660 2196 norem
672 2139 802 2212 partibus.
811 2143 831 2194 l.
848 2143 937 2214 Apum
946 2141 1095 2210 domicilia,
1105 2143 1208 2197 8-50.
1220 2144 1319 2208 Docet,

281 2242 340 2296 qna
349 2222 464 2277 debeant
474 2222 567 2276 abesse
580 2222 614 2276 ab
624 2222 735 2295 apibus,
747 2235 777 2274 ut
788 2241 890 2290 nocua,
903 2224 1007 2295 8-17-
1020 2224 1085 2292 Quae
1096 2224 1203 2290 adesse,
1214 2237 1245 2276 ut
1258 2242 1321 2295 pro-

280 2305 411 2367 ficientia,
424 2303 554 2369 debeant,
573 2302 691 2356 18-32.
706 2302 746 2356 De
760 2304 872 2356 materia
884 2302 1037 2356 alveorum:
1050 2303 1083 2372 de
1098 2304 1186 2356 studio
1200 2322 1281 2376 apum
1294 2304 1322 2356 in

282 2383 440 2437 obturandis
449 2386 522 2436 rimis
533 2383 670 2450 omnibus,
683 2395 709 2437 et
722 2382 852 2451 aditibus,
862 2402 894 2436 ac
904 2384 981 2438 mella
994 2384 1154 2438 occultando
1165 2405 1171 2436 ι
1185 2383 1219 2438 de
1230 2401 1322 2438 earum

281 2462 426 2516 munditie:
437 2462 470 2514 de
481 2462 547 2514 locis
555 2463 640 2525 cavis,
651 2480 709 2533 qua
719 2460 771 2515 illis
780 2464 902 2528 inimica,
910 2463 983 2518 33-
990 2462 1032 2517 50.
1051 2465 1083 2516 ll.
1092 2463 1131 2516 De
1139 2481 1229 2517 earnm
1236 2463 1323 2535 pabu-

281 2541 396 2606 latione,
407 2541 570 2594 examinibus
581 2554 606 2594 et
616 2543 725 2613 pugnis,
736 2540 856 2611 51-95.
868 2542 971 2594 Exeunt
982 2559 1045 2612 apes
1055 2541 1089 2594 ad
1102 2553 1180 2613 prata
1188 2554 1215 2594 et
1225 2557 1323 2612 aquas,

282 2633 417 2674 transacta
424 2621 531 2693 hyeme;
542 2619 604 2673 inde
613 2623 763 2673 necessaria
774 2620 902 2693 colligunt
911 2622 946 2673 ad
953 2623 1046 2688 fretus,
1056 2640 1145 2687 ceras,
1154 2621 1246 2682 mella;
1260 2636 1323 2671 con·

284 2701 369 2771 ceptis
377 2699 486 2751 foetibus
496 2699 643 2766 decedunt,
653 2699 700 2752 sed
712 2698 855 2751 retinendae
864 2701 1005 2771 saporibus
1017 2699 1174 2765 herbarum,
1184 2697 1322 2751 tinnitibus

283 2776 473 2850 cymbalorum,
482 2777 593 2830 51-66.
600 2778 701 2848 Regum
707 2777 932 2850 discordia,signa
940 2779 999 2830 irati
1006 2779 1126 2848 agminis,
1132 2775 1232 2828 bellum
1238 2788 1324 2840 atrox,

257 2881 260 2888 ·
283 2855 377 2921 cades,
389 2856 511 2921 victoria,
525 2857 599 2926 quies
612 2854 646 2906 ab
656 2854 709 2907 boc
718 2854 800 2923 bello,
810 2856 923 2926 67-87.
933 2855 1089 2908 Remedium
1100 2866 1194 2907 contra
1203 2855 1304 2907 bellum
1315 2876 1321 2906 :

282 2936 338 2987 Rex
347 2934 459 3006 duplex,
470 2947 540 2986 notre
551 2935 703 3005 utriusque,
716 2933 829 3005 88-95.
846 2937 890 2987 Ill.
904 2935 942 2986 De
953 2933 1057 2988 duabus
1069 2953 1159 2988 earum
1168 2935 1322 3005 speciebus,

283 3014 415 3086 96-148.
429 3013 499 3085 Apes
508 3015 570 3067 item
580 3013 714 3084 duplicet,
726 3025 752 3064 ct
764 3026 832 3065 notae
843 3013 1250 3082 earum,96-1ou.lletinentur
1258 3033 1323 3086 apes

284 3111 301 3146 a
312 3093 389 3166 fuga,
406 3093 531 3146 detractis
543 3094 599 3166 regi
611 3091 673 3158 alia,
690 3093 794 3144 consito
808 3091 887 3145 horto
904 3095 976 3146 circa
989 3092 1147 3158 alvearium,
1167 3091 1321 3145 103-115.

284 3174 363 3224 Horti
374 3175 559 3226 tractationem
571 3170 696 3243 relinquit
709 3172 782 3238 aliis,
803 3171 946 3244 impeditus
957 3185 1014 3224 tum
1027 3191 1114 3225 rerum
1129 3172 1213 3237 mole,
1230 3175 1256 3224 in
1270 3190 1324 3244 qua

285 3263 419 3314 versatum
440 3264 496 3302 tum
506 3248 651 3322 cupiditate
665 3250 738 3316 linis,
758 3252 801 3303 cui
812 3253 924 3304 insistit:
944 3264 1047 3304 tanturn
1058 3254 1167 3324 attingit
1183 3251 1339 3308 utilitatemx

277 3328 434 3396 hortorum,
442 3327 572 3382 advocato
580 3329 615 3381 ad
624 3330 773 3402 exemplum
783 3349 846 3384 aena
856 3330 974 3402 quodam
980 3331 1135 3395 Tarentino,
1142 3332 1186 3382 cni
1193 3332 1245 3383 vitu
1252 3331 1324 3384 mille

287 3410 367 3465 bonis
378 3410 514 3463 etdeliciis
525 3410 619 3482 plena,
637 3411 711 3483 quod
723 3415 751 3464 in
762 3413 833 3464 horti
848 3413 964 3465 studium
977 3412 1156 3478 incumberet,
1171 3413 1259 3465 116-
1268 3413 1324 3478 148.

287 3493 331 3542 tv.
345 3491 384 3543 De
396 3509 477 3562 apum
487 3490 640 3562 republica,
652 3505 679 3544 et
691 3494 768 3563 quasi
780 3493 851 3544 civili
860 3491 1016 3564 prudentia,
1032 3492 1117 3562 149·-
1125 3508 1185 3564 ²²7·
1198 3493 1326 3565 Aggredi-

288 3582 332 3621 tur
343 3570 534 3641 rempublicam
546 3583 573 3621 et
584 3587 670 3622 mores
681 3589 776 3643 apum,
790 3590 856 3642 quos
866 3586 896 3624 nt
905 3583 1058 3644 praestantes
1068 3573 1095 3623 in
1104 3573 1197 3626 lovem
1206 3575 1324 3624 confert:

289 3647 389 3701 habent
400 3648 451 3700 itte
463 3668 631 3702 communem
642 3650 776 3718 sobolem,
786 3655 914 3725 patriam,
925 3653 1029 3718 cibum,
1043 3652 1196 3723 149-157.
1205 3651 1327 3704 Absolvi-

290 3740 334 3778 tur
345 3724 389 3779 hic
401 3727 475 3780 locus
483 3729 511 3779 in
519 3728 676 3801 explicanda
688 3748 767 3801 apum
780 3729 935 3793 sedulitate,
949 3729 1056 3782 additur
1068 3731 1231 3802 comparatio
1241 3729 1328 3800 cyclo·

290 3825 369 3879 pum,
377 3805 440 3859 huic
452 3807 586 3861 sedulitati
598 3807 774 3876 illustranda,
790 3811 943 3881 158-177.
958 3810 988 3863 ln
1000 3809 1137 3882 republica
1147 3827 1225 3880 apum
1237 3809 1326 3860 senio-

291 3904 333 3939 res
345 3889 429 3953 intus,
442 3885 561 3958 juniores
577 3888 642 3940 loris
660 3902 819 3960 operantur:
838 3893 985 3944 communis
999 3903 1039 3943 est
1051 3891 1138 3960 quies,
1155 3901 1181 3940 et
1192 3887 1283 3947 labor;
1301 3902 1327 3941 et

291 3968 429 4038 utriusque
443 3969 546 4039 signum
558 3967 638 4020 datur
649 3971 737 4021 sonitu
748 3969 855 4037 bombi,
867 3989 921 4042 quo
933 3972 1094 4034 excitantur,
1109 3984 1162 4037 quo
1175 3966 1324 4020 dormiunt:

292 4065 347 4099 non
361 4045 488 4100 recedunt
502 4048 581 4120 longe
594 4048 628 4102 ab
641 4047 737 4116 alveis,
751 4050 921 4123 impendente
933 4049 1039 4123 pluvia:
1052 4059 1163 4100 onerant
1176 4065 1205 4101 se
1217 4046 1327 4119 lapillis,
