2986 4694
572 393 847 462 MORETUM.
1171 416 1231 462 nor

189 515 347 584 cruribus
360 515 465 596 exilis,
479 517 621 606 spatiosa
632 516 770 608 prodiga
783 519 911 608 planta;
1204 529 1234 578 35

190 619 363 688 Continuis
374 623 465 686 rimis
478 621 628 688 calcanea
641 623 739 690 scissa
752 622 913 712 rigebant.

191 731 285 797 Hanc
296 749 404 812 vocat,
417 748 518 821 etque
529 753 642 796 arsura
653 732 737 798 focis
750 733 911 820 inponere
924 729 1012 818 ligna

191 837 349 926 Imperat,
364 853 396 903 et
407 837 538 902 flamma
550 835 677 926 gelidos
689 836 823 903 adolere
836 837 993 927 liquores.

234 945 411 1034 Postquam
422 941 560 1032 inplevit
572 965 656 1032 opus
664 944 793 1036 justum
805 941 957 1008 versatile
971 941 1090 1024 finem,

188 1043 361 1114 Transfert
372 1048 451 1114 inde
463 1072 563 1114 manu
576 1050 665 1114 fusas
677 1049 711 1113 in
725 1048 832 1114 cribra
844 1048 981 1128 furium,
1204 1061 1238 1120 to

189 1151 232 1218 Et
243 1155 365 1244 quatit:
377 1171 411 1220 at
423 1171 596 1220 remanent
607 1167 739 1220 summo
750 1151 946 1243 purgamina
959 1147 1075 1234 dors03

188 1258 336 1325 Subsidit
347 1261 473 1326 sincera
487 1258 772 1348 foraminibusque
784 1258 931 1347 liquatur

189 1365 376 1432 Emundata
388 1367 498 1431 Ceres.
512 1365 603 1430 Laeri
613 1379 685 1428 tum
697 1364 850 1462 protinus
863 1362 953 1428 illam

189 1549 272 1598 Aldina
288 1563 311 1598 et
322 1565 365 1597 ιιιι.
377 1547 473 1597 ΚοιΙιι.
485 1547 608 1608 dedimus¹
620 1565 664 1614 pro
675 1549 765 1614 vulgari
777 1567 784 1597 ι
798 1552 893 1598 Pectora
904 1547 951 1596 lito
959 1551 1040 1614 jurent
1050 1551 1159 1596 ιιιιιιιιιιιίι.
1170 1547 1237 1595 Alie·

188 1637 245 1668 num
257 1634 331 1678 esset,
343 1620 409 1686 quod
420 1633 515 1670 anrett.
531 1621 586 1669 edd.
598 1621 700 1669 babeant
711 1623 809 1671 dubito:
822 1633 908 1669 tument
921 1625 1031 1668 nummis.
1040 1623 1122 1668 doeens
1133 1624 1236 1667 mammis

189 1706 237 1751 ιιι,
251 1693 341 1739 babens
354 1707 464 1740 mammas
474 1693 594 1756 jacentes,
605 1692 735 1757 pendulam
747 1693 812 1758 quod
823 1697 945 1757 proprium
956 1706 992 1742 est
1002 1693 1070 1740 ants.
1080 1693 1107 1738 lu
1118 1692 1165 1740 line
1174 1707 1236 1740 eom·

187 1765 287 1829 pressior
296 1761 361 1809 obsis
370 1765 463 1810 dacem.
473 1788 505 1799 -
514 1763 551 1810 35.
561 1767 682 1827 monerem
691 1765 786 1830 prodips
794 1763 898 1829 plantam
909 1764 955 1828 leq.
963 1789 995 1802 ·-
1004 1763 1043 1826 39.
1055 1764 1179 1827 Postquam
1192 1765 1235 1808 im-

187 1833 259 1898 plevit
266 1849 323 1898 optes
329 1836 419 1898 justum
429 1831 618 1897 usmoiefinem.
629 1836 663 1881 lta
673 1834 781 1884 dedimus
791 1853 818 1883 ιι
830 1835 915 1882 Aldina
924 1853 931 1893 ;
943 1851 1002 1899 opus
1010 1833 1118 1882 versatile
1128 1833 1237 1897 implesse

186 1904 354 1968 justumiinem
363 1904 526 1953 benedicitur.
536 1904 640 1968 Scaliger
648 1905 795 1953 membranas
806 1906 890 1954 uellus
897 1905 985 1954 babere
994 1905 1104 1968 putabat:
1115 1905 1237 1968 Postquam

188 1973 287 2036 inplevit
295 1990 352 2038 opus
359 1977 422 2038 justo
432 1974 537 2022 versatile
540 1975 599 2038 fine
614 1977 649 2023 lta
663 1977 713 2038 ipse
722 1977 824 2025 Simulus
833 1977 940 2040 implerit
951 1992 1017 2040 opus.
1026 1975 1054 2020 lu
1066 1974 1238 2039 antiquioribus

189 2043 244 2094 edd.
256 2057 376 2091 nuncatus
384 2057 407 2092 et
416 2043 570 2108 interpolatus
580 2057 629 2092 erat
641 2060 734 2092 sersus:
745 2046 790 2092 Sed
799 2055 920 2111 postqum
931 2045 1030 2110 implevit
1035 2047 1126 2108 justum
1135 2041 1238 2090 versatile

183 2117 264 2180 finem.
274 2113 353 2176 -do,
367 2117 486 2181 massari
496 2118 548 2163 inde
560 2133 636 2164 monn.
648 2119 681 2162 Ea
693 2119 767 2164 veteri
778 2117 929 2164 membrana:
946 2115 1065 2180 rmmfert
1074 2114 1112 2162 iilo
1123 2131 1191 2161 monn
1201 2113 1248 2160 le·⁴

187 2204 241 2252 pere
254 2189 322 2250 jubet
332 2186 449 2252 Scaliger:
461 2187 529 2236 aliter
542 2191 605 2236 enim
617 2190 696 2236 nescio
707 2188 765 2252 quid
778 2185 931 2252 inoCipCapss
942 2188 1054 2252 relinqui.
1065 2189 1114 2234 lloc
1126 2186 1238 2252 equidem

187 2271 236 2306 non
245 2260 358 2322 expiscari
369 2273 472 2320 possum
485 2259 532 2306 Sed
543 2259 604 2306 illud
615 2259 701 2316 video,
714 2259 813 2323 Cybnlcs
827 2271 904 2322 partes
919 2261 945 2305 in
959 2257 1087 2322 subigenda
1099 2258 1173 2303 farina
1187 2271 1237 2304 esse

187 2327 277 2376 nullas:
289 2343 344 2374 nam
356 2327 396 2374 illa
412 2330 502 2376 interea
517 2345 601 2393 aquam
616 2328 737 2386 calciatis,
750 2345 803 2376 mox
814 2329 911 2376 furuum
922 2327 1020 2375 mundat
1032 2345 1055 2374 ι.
1069 2329 1113 2383 5ο,
1129 2326 1238 2390 adeoque

187 2397 228 2446 illa
239 2399 341 2452 ahenum
352 2411 386 2446 est
397 2413 482 2447 arcet
493 2399 561 2458 loco;
573 2416 616 2464 pro
619 2401 691 2464 fissos
703 2403 817 2465 suspicari
829 2400 883 2448 licet
894 2399 969 2464 ursos:
979 2402 1011 2448 sic
1027 2411 1050 2446 et
1057 2399 1149 2446 Jacobs.
1157 2422 1189 2434 -
1198 2398 1236 2456 4ι.

188 2471 291 2528 Detulit,
307 2470 349 2519 sed
366 2472 416 2518 sine
431 2471 507 2528 libro,
523 2474 618 2535 corrigit
632 2473 736 2535 Scaliger
747 2489 755 2529 ;
768 2488 805 2518 me
820 2475 902 2518 inrito.
920 2473 968 2519 Etsi
984 2473 1046 2518 enim
1063 2471 1162 2518 sarim
1175 2471 1238 2516 inter

188 2540 325 2588 molendum
336 2541 398 2588 bene
411 2542 487 2588 ᾰιιιιιι·
498 2543 546 2589 dici
559 2542 674 2589 arbitror:
686 2542 712 2590 id
723 2555 801 2590 tamsm
812 2545 838 2589 in
851 2555 917 2607 seqq.
933 2543 1026 2589 demum
1038 2541 1162 2588 scribitur:
1173 2551 1237 2585 nune

186 2615 213 2660 ln
225 2614 304 2659 cribro
318 2616 422 2676 quatitur
434 2625 522 2661 tantum
536 2628 586 2664 tusa
597 2615 681 2662 larius.
694 2615 750 2662 Mor
761 2614 798 2662 Ac
810 2624 927 2662 remanent
937 2626 993 2662 sets.
1009 2613 1062 2660 cdd.
1076 2613 1107 2658 Et
1121 2619 1238 2658 nmunent

187 2681 281 2730 Aldina.
297 2683 403 2747 Lauqnet
416 2687 505 2742 oratio,
518 2688 563 2734 nisi
577 2685 610 2731 At
622 2685 729 2748 relinqas.
740 2711 773 2724 -
781 2684 820 2742 is.
832 2683 1029 2748 foraminibusque
1040 2679 1140 2738 oolattn,
1153 2697 1197 2744 pro
1209 2679 1238 2726 li-

186 2763 283 2820 quatur,
293 2754 420 2804 nonnullos
428 2755 511 2820 legisse
522 2759 617 2806 Arcens.
628 2768 715 2804 monet.
723 2782 755 2794 —
763 2756 801 2814 43.
812 2757 939 2804 Entendsto
948 2756 1014 2802 Ceres
1025 2755 1120 2804 inem.
1130 2752 1236 2800 Norimb.

187 2911 321 2965 lnlmaun.
333 2913 363 2964 Τ.
377 2915 405 2980 1,
422 2933 449 2984 p.
467 2913 501 2968 65
517 2917 688 2970 Werusdorf.
770 2917 812 2971 36.
826 2918 913 2970 Etiam
922 2912 1089 2968 flssurasbas
1101 2921 1128 2964 et
1140 2909 1236 2962 scissu-

188 2990 223 3042 ad
235 2990 261 3042 b.
273 3011 297 3042 v.
311 3005 372 3044 sunt
382 3007 526 3065 congesta:
540 2995 588 3048 sod
601 3016 634 3049 ea
645 2996 689 3048 di·
734 3016 777 3050 ras
790 2997 859 3049 eutis
872 2997 899 3048 iu
912 2994 1027 3067 pedibus
1038 3009 1095 3044 csse
1105 2988 1237 3059 Ethiopi-

188 3069 312 3141 llgentius
325 3083 387 3123 sunt
398 3072 563 3142 exquirenda
577 3090 603 3126 et
621 3075 690 3128 inter
734 3077 784 3130 bus
797 3077 920 3148 proprias
938 3075 966 3124 in
980 3084 1054 3123 tauto
1070 3067 1133 3121 solis
1147 3066 1238 3119 calore

188 3148 427 3220 secotuparanda;
444 3169 506 3202 num
522 3150 689 3206 diversorum
734 3158 859 3226 aerisque
870 3155 991 3206 siccitate
1004 3163 1030 3202 et
1043 3147 1238 3210 eunomiane:
1273 3191 1277 3200 .

188 3237 323 3279 tractuum
332 3226 454 3279 homiues
466 3229 493 3279 in
506 3225 537 3280 iis
548 3248 689 3284 occurrere
736 3232 947 3287 lilumenbachio
960 3231 1094 3298 conjunct.
1109 3225 1191 3278 didici
1209 3225 1238 3275 in

189 3306 332 3360 videntur:
350 3306 418 3358 seire
429 3305 510 3359 velim
527 3325 562 3360 an
580 3325 612 3361 ex
625 3311 693 3363 inte·
737 3313 783 3366 lib.
803 3311 836 3366 de
855 3311 960 3383 generis
979 3308 1090 3361 humani
1107 3307 1238 3358 varietata

190 3385 308 3439 rioribus
324 3386 421 3438 Africa
438 3381 515 3438 locis.
529 3385 607 3440 Certe
624 3390 693 3440 iuter
737 3412 764 3464 p.
778 3391 826 3461 96,
837 3389 964 3443 ubillier.
982 3385 1150 3439 Mercurialis
1164 3385 1238 3436 testis

190 3469 375 3542 Egyptiornm
384 3485 500 3538 corpora
508 3469 535 3520 iu
545 3470 695 3522 monimen·
737 3471 867 3522 excitatur
879 3468 913 3521 dc
926 3467 1100 3520 decoratione
1110 3483 1133 3518 e.
1150 3481 1190 3534 ¹7·

182 3549 224 3600 'tis
237 3547 347 3600 vetustis
360 3563 502 3617 expressa,
514 3546 624 3600 diversos
636 3549 695 3600 atir-
773 3549 817 3620 39.
834 3565 898 3621 opus
916 3544 1035 3600 versatile
1050 3565 1058 3596 ι
1082 3543 1156 3617 quod
1178 3563 1238 3598 rer·

190 3628 232 3700 pis
254 3629 356 3680 formas
380 3623 567 3697 deprehendi,
591 3626 693 3680 dudum
737 3627 823 3681 sanda
841 3627 913 3679 mola
930 3625 1087 3680 absolvitur.
1106 3627 1169 3678 Mox
1185 3627 1240 3678 cri-

190 3706 441 3773 animadverteram‚
449 3718 578 3778 etpostea
589 3708 622 3760 nb
633 3708 692 3760 aliis
736 3709 859 3762 bratione
868 3725 935 3779 opus
943 3723 1001 3759 esse
1010 3704 1144 3758 ridemnsr
1158 3703 1240 3758 adeo·

191 3802 298 3863 qnoque
307 3787 519 3841 animadversum
527 3789 591 3842 ridi.
601 3789 692 3843 Habiti
736 3808 789 3861 qne
799 3788 914 3841 cilicium
924 3784 1072 3840 cribrandis
1081 3785 1174 3837 farine
1181 3785 1241 3837 idn·

192 3887 300 3941 quoque
313 3867 358 3921 alii
371 3870 397 3920 in
410 3867 528 3934 deliciis,
540 3868 585 3922 alii
598 3867 633 3922 ad
644 3871 692 3921 mi·
718 3915 721 3924 .
736 3887 817 3922 neum
829 3886 884 3920 non
896 3881 955 3922 erat
965 3867 1012 3938 bis
1031 3865 1109 3918 molis
1125 3883 1239 3918 manna·

191 3949 301 4001 nisteria
324 3947 446 4015 urbana,
469 3966 494 4001 r.
518 3948 560 4016 ll,
586 3951 620 4016 3,
647 3950 689 4020 55.
736 3951 783 4004 riis
797 3961 934 4002 attextum.
948 3949 1031 4000 Porro
1048 3945 1170 4018 liquatur
1185 3943 1239 3996 ele·

190 4024 325 4101 Theoplrr.
338 4028 463 4084 Charact.
482 4046 511 4084 st
530 4043 557 4086 st
573 4031 687 4086 Cesaub.
735 4043 831 4102 gauter
854 4030 1015 4081 transfertur
1038 4045 1052 4079 ι
1073 4023 1184 4095 liquidis
1203 4019 1238 4076 etl

191 4107 352 4162 nuncetiam
365 4111 391 4162 in
402 4129 476 4183 agro.
718 4181 720 4188 Ι
734 4103 1235 4182 ianuamquasiliqnaudotnnndatam.
