2970 4714
238 393 275 436 ιο
599 357 908 462 raccanrun

229 511 387 582 quantum
402 493 485 559 milri
495 508 597 561 restat
607 493 656 560 ad
670 493 836 562 Culicem?
850 497 915 564 boc
933 515 1057 581 autent,
1074 503 1164 592 quod
1182 527 1270 572 nunc

230 597 404 679 habemus,
414 600 566 690 splendet
577 602 691 692 utique
705 627 773 668 uno
782 621 816 670 et
828 604 931 674 altero
941 605 1030 686 loco,
1045 626 1078 673 et
1087 607 1187 675 babet
1200 610 1270 676 lau·

232 703 290 771 des
305 708 494 788 nonnullas;
507 708 608 773 sedet
624 725 692 774 tota
706 707 787 774 illud
801 733 928 777 summa
941 732 1070 801 peccat,
1087 715 1270 805 etplurima

230 809 344 892 habet,
367 836 440 902 quae
459 813 511 878 vel
529 837 644 902 parum
659 815 771 880 subtili
781 815 908 906 judicio
923 819 977 884 vix
990 820 1066 886 satis
1081 843 1116 886 se
1129 822 1272 911 probare

230 917 366 1005 possint.
389 920 469 1001 Quae
490 943 533 984 ne
552 937 676 985 temere
694 923 926 1010 pronuntiasse
946 922 1131 1007 videamur,
1151 950 1210 1016 age
1230 928 1274 993 de

231 1024 383 1088 carminis
398 1042 590 1114 argumento
605 1045 639 1092 et
657 1025 771 1094 habitu
786 1027 996 1118 dispiciamus
1012 1033 1123 1121 paullo
1139 1055 1272 1099 accura-
1292 1025 1296 1034 ’

230 1142 305 1193 trus.

275 1237 365 1300 Inter
380 1237 470 1302 lusus
486 1239 628 1303 refertur
646 1236 710 1302 hoc
730 1260 863 1302 cannen
883 1241 1002 1306 merito
1020 1243 1205 1330 argumenti
1222 1243 1274 1307 sui

228 1341 261 1405 vi
272 1357 305 1406 et
314 1359 438 1409 natura.
449 1345 561 1424 Culex,
573 1366 676 1432 quum
687 1349 861 1431 pastorem,
874 1345 974 1411 infixo
986 1347 1111 1428 aculeo,
1124 1371 1142 1412 e
1155 1368 1273 1412 somno

229 1449 402 1532 excitatum
420 1450 574 1538 praesenti
591 1465 698 1513 morte
716 1449 900 1530 liberasset,
923 1474 1023 1540 quam
1039 1452 1222 1542 subrepens
1242 1453 1274 1516 ei

228 1577 363 1645 serpens
383 1556 566 1622 inflicturus
582 1573 664 1634 erat,
688 1556 811 1621 inflicta
828 1581 928 1623 manu
942 1559 1096 1640 obtritus,
1112 1575 1274 1650 aequante

227 1677 324 1726 nocte
339 1661 463 1748 pastori
476 1683 537 1748 per
553 1682 706 1724 somnum
724 1661 866 1742 oblatus,
887 1663 930 1729 de
949 1664 1034 1730 male
1052 1664 1274 1752 relatatgratia

227 1766 451 1853 conqueritur,
461 1765 1012 1856 hominemqueadeomiseratione
1027 1787 1206 1850 meren-ut
1216 1787 1275 1835 tu·
1348 1775 1352 1784 '

227 1870 355 1934 mulum
370 1871 474 1936 Culici
491 1888 643 1936 exstruat.
658 1875 727 1940 Nec
742 1878 1005 1942 tamencmnino
1024 1895 1122 1962 poeta
1140 1897 1273 1940 catenen

227 1976 358 2064 epicum
368 1974 530 2064 joculare,
548 1975 733 2064 cujusmodi
748 1995 863 2044 nostra
873 1995 951 2044 aetas
964 1980 1061 2066 plura
1074 1979 1171 2060 vidit,
1184 2003 1273 2046 com-

228 2103 352 2169 ponere
373 2081 516 2148 voluisse
533 2081 700 2172 putandus
714 2100 775 2148 est.
784 2084 935 2148 Narratio
948 2101 997 2148 est
1012 2086 1098 2150 serio
1113 2086 1275 2164 instituta,

226 2211 288 2252 nec
305 2204 415 2252 tamen
433 2189 539 2278 spica,
563 2187 622 2254 sed
641 2187 983 2278 ad·pastoritiom.seu
1001 2188 1192 2256 bucolicum
1206 2213 1275 2256 car-

148 2353 150 2358 .
227 2315 306 2358 men
325 2295 476 2383 propior,
503 2313 543 2360 et
560 2294 725 2360 delectare
747 2295 893 2362 voluisse
913 2313 1012 2385 poeta
1033 2295 1274 2377 videri-debet,

227 2404 347 2489 partim
370 2425 480 2468 rerum
495 2404 687 2468 narratione
702 2420 735 2468 et
754 2403 990 2492 descriptione,
1010 2404 1282 2493 pattim·Culicis

228 2507 270 2574 de
284 2507 480 2599 injuriatsibi
495 2510 579 2574 faeta
592 2510 827 2598 conquerentis
842 2510 1063 2576 miseratione.

270 2615 567 2702 Argumentum-si
581 2615 763 2680 intentiore
775 2616 887 2680 animo
901 2615 1150 2703 contempleris,
1165 2636 1231 2701 per
1240 2637 1277 2682 se

227 2721 303 2786 satis
317 2736 417 2784 tenue
431 2743 471 2784 ac
479 2719 634 2809 jejunum
645 2741 731 2800 esse,
740 2722 870 2810 ,vixque
884 2743 1040 2809 magnum
1055 2737 1207 2786 ornatum
1221 2743 1276 2786 ca-

226 2849 307 2914 pere
321 2847 417 2914 posse
431 2824 574 2892 videtur.
588 2827 776 2892 Cumulavit
789 2843 900 2892 tamen
916 2841 1110 2890 ornamenta
1125 2825 1276 2913 quisquis

227 2933 298 2998 baec
312 2934 454 3022 scripsit,
471 2950 504 2997 et
518 2935 550 2999 in
567 2935 768 3000 ornamentis
783 2933 1009 3024 bis-majorem
1024 2955 1133 3020 operte
1147 2948 1277 3020 partem

226 3041 422 3120 consumsit,
440 3039 531 3128 qnod
549 3063 609 3129 per
625 3063 661 3106 se
677 3061 752 3106 non·
764 3057 833 3106 erat
840 3037 1119 3130 improbandum,
1137 3038 1276 3102 siorna-

227 3163 339 3211 menta
352 3147 509 3234 sagacitas
519 3147 633 3234 aliqua
646 3147 770 3235 ingenii
786 3169 827 3211 ex·
839 3147 910 3235 ipsa
920 3169 959 3210 re
972 3146 1143 3224 elicuerat;
1153 3161 1281 3210 ‘verum'

227 3251 394 3318 auctor-ad
406 3253 497 3318 locos
512 3253 663 3340 poeticos
674 3275 871 3318 communes
883 3253 954 3318 fere
968 3251 1275 3330 omniarevocavit,

229 3357 349 3446 quibus
368 3357 621 3426 itaimmoratus
636 3374 698 3437 est,
714 3375 752 3422 ut
763 3359 921 3426 orationis
938 3357 1091 3424 ordinem
1107 3373 1141 3422 et
1155 3357 1276 3422 seriem

227 3465 361 3551 penitus
374 3465 584 3553 interrumpi,
603 3481 637 3529 et
652 3482 835 3530 mentema·
844 3465 997 3530 carminis
1011 3485 1140 3530 summa
1152 3459 1276 3526 abduci

227 3591 364 3634 necesse
379 3586 479 3650 esset3
499 3569 589 3660 quod
603 3594 633 3634 v.
654 3594 681 3635 c.
699 3572 822 3637 facturn
838 3571 951 3636 videas
968 3572 1003 3632 in
1018 3569 1094 3631 loco
1110 3563 1152 3629 de
1169 3563 1273 3629 laudi·

228 3673 290 3740 bus
300 3675 375 3740 vitae
385 3676 528 3756 rusticae,
542 3675 584 3740 de
594 3677 765 3744 arboribus
775 3676 817 3741 ad
830 3678 957 3742 fontem
970 3673 1094 3737 natisv.
1112 3691 1170 3734 122
1184 3693 1273 3760 sqq„

229 3782 265 3846 iu
282 3780 362 3846 locis
383 3782 509 3862 inferis,
533 3785 567 3847 in
584 3785 735 3864 Tartaro,
754 3786 790 3848 in
810 3783 934 3872 Elysio,
956 3781 989 3844 in
1009 3777 1138 3844 tumulo
1155 3777 1274 3866 plantis

230 3885 445 3952 conserendo.
468 3889 612 3955 Nimium
625 3891 725 3978 igitur
743 3892 778 3954 in
796 3887 942 3979 parergis
959 3885 1062 3952 haeret
1078 3901 1191 3973 poeta;
1212 3905 1273 3948 nec

232 4015 366 4078 pravum
384 3991 448 4060 boc
466 3995 612 4064 studium
629 3996 780 4088 exemplo
800 4018 867 4060 non
889 3993 997 4058 minus
1016 4015 1118 4081 pravo
1139 3988 1271 4067 Catulli,
