2918 4682
275 342 342 428 444
466 417 469 422 ,
606 346 988 413 counanmars
1421 234 1424 398 l

319 490 366 529 aa.
383 469 455 529 Post
469 469 602 544 modos,
614 470 727 552 quibus
741 465 866 532 arbores
881 471 1078 548 naturaliter,
1100 493 1202 533 nunc
1218 463 1343 554 septem

278 554 420 632 adhibet,
434 560 547 638 quibus
561 557 699 620 humana
715 558 881 634 industria,
897 573 927 619 et
938 559 1105 620 artificiose
1117 561 1344 642 proveniunt.
1427 530 1429 608 l

278 645 369 718 Sunt,
389 647 506 726 inquit,
526 646 579 706 alii
595 648 695 721 modi,
715 669 794 730 quos
810 669 883 708 usus
895 647 1077 710 mortalium
1089 649 1173 723 sibi,
1197 649 1238 706 in
1254 665 1344 707 suam

279 730 448 794 utilitatem
462 738 588 816 reperit,
602 739 652 797 via
668 739 824 819 quaepiam
836 751 978 819 separata
992 758 1027 796 ac
1039 737 1171 796 diversa
1187 733 1235 793 ab
1253 748 1346 793 natu·
1429 751 1430 776 t

277 817 337 878 rali
349 843 355 878 :
369 843 442 884 sane
455 822 507 883 bic
519 839 612 907 poeta
625 825 766 886 studium
780 825 977 900 mortalium,
990 839 1022 886 et
1036 823 1264 895 industriam,
1280 819 1347 882 cul·
1430 816 1431 821 ἵ

277 918 349 968 tura
361 924 392 969 et
403 913 606 974 meditatione
617 914 800 989 formatam,
813 916 933 996 signate
944 929 1035 974 vocat
1046 916 1135 974 amm.

319 1000 367 1060 23.
382 1003 506 1064 Primus
520 1004 630 1065 modus
640 1021 687 1066 est
699 1003 821 1064 avulsio
835 1002 1005 1080 stolonum,
1018 1005 1083 1086 qui,
1097 1023 1168 1063 una
1184 1021 1266 1062 cum
1279 997 1346 1058 fim-

256 1109 260 1118 ·
278 1083 355 1146 briis
370 1105 400 1150 et
412 1091 559 1154 radiculis
572 1095 687 1155 avulsis
700 1115 737 1154 ex
748 1114 879 1176 corpore
892 1095 1028 1169 arboris,
1041 1093 1251 1154 mandantur
1264 1107 1345 1150 scru-

278 1171 388 1250 bibus;
402 1202 479 1261 quos
492 1181 612 1244 scrobes
623 1181 674 1244 hic
685 1197 774 1243 vocat
785 1181 888 1244 sulcos.

320 1265 368 1342 24.
382 1268 556 1344 Secundus,
572 1293 671 1354 quum
684 1273 786 1332 trunci
800 1273 873 1353 ipsi,
891 1291 945 1332 seu
957 1273 1067 1352 stirpes
1079 1290 1143 1330 una
1163 1287 1248 1329 cum
1262 1261 1344 1323 radi·
1430 1231 1432 1332 l

281 1352 384 1429 cibus,
400 1377 498 1437 quum
510 1359 600 1420 sudes
611 1359 702 1435 fissae,
717 1381 815 1440 quum
828 1358 903 1419 valli
914 1360 998 1419 acuti
1009 1356 1225 1417 infodiuntur
1238 1355 1273 1412 in
1289 1367 1346 1409 ter·

281 1463 358 1502 ram.
366 1442 466 1508 'Sudes
478 1463 627 1509 vocantur
636 1448 822 1532 quadrifidae,
836 1451 909 1530 quia
920 1449 953 1508 in
964 1447 1099 1508 formam
1110 1447 1225 1509 crucis
1239 1441 1343 1504 soleat

281 1529 377 1610 findi,
391 1558 490 1618 quum
503 1537 711 1602 infodiuntur.

321 1625 369 1684 26.
384 1625 507 1686 Tertius
520 1641 564 1688 est
577 1631 778 1711 propagatim
792 1626 827 1687 tit
839 1625 920 1701 haec,
931 1648 1028 1709 quum
1041 1628 1119 1686 rami
1132 1628 1340 1684 instaremus

282 1709 503 1791 incurvantur,
528 1717 740 1778 demittuntur
761 1719 792 1776 in
818 1732 946 1788 terram,
969 1715 1232 1794 obruunturque.
1261 1702 1342 1772 Solet

226 1815 231 1818 ·
283 1795 334 1859 hic
351 1800 463 1862 modus
477 1807 650 1885 praesertim
671 1807 703 1865 in
723 1803 841 1864 vitibus
857 1807 1000 1865 exerceri.
1016 1806 1158 1864 Exornat
1182 1819 1256 1860 rem
1272 1813 1343 1876 poe·

284 1887 358 1962 tice,
383 1890 499 1974 datque
520 1914 646 1954 sensum
671 1891 852 1969 arboribus,
873 1914 942 1974 quae
963 1905 1094 1952 cernunt
1114 1911 1173 1950 sua
1193 1880 1339 1948 membri

283 1980 420 2054 curvari,
442 1996 537 2064 atque
552 1981 663 2042 infodi.
684 1981 839 2063 Syluarum
855 1981 937 2056 alice,
957 1981 1036 2042 nihil
1051 1995 1096 2041 est
1110 1979 1222 2051 aliud,
1246 1989 1339 2056 quam

283 2059 352 2122 atiae
363 2065 515 2144 arborum,
529 2091 600 2130 nam
613 2090 671 2152 pro
684 2067 851 2131 arboribus
864 2072 943 2130 sumi
956 2070 1077 2152 sylvam
1092 2079 1233 2127 constat.

324 2172 371 2233 27.
385 2157 537 2234 Quartus,
551 2181 650 2242 quum
664 2159 835 2240 plantaria,
850 2159 880 2217 id
897 2174 958 2233 est,
973 2156 1163 2230 arbusculae,
1179 2171 1258 2235 quae
1271 2157 1341 2204 suni

285 2240 317 2300 ia
338 2247 514 2309 seminariis
534 2272 596 2311 una
617 2271 688 2311 cum
707 2265 786 2309 terra
805 2253 836 2310 in
855 2249 951 2309 aliurn
971 2247 1073 2308 locum
1093 2245 1339 2306 transferuntur.

284 2329 350 2407 Ait,
369 2337 435 2394 uiua
448 2335 612 2418 ptantan·a,·
629 2359 702 2399 narn
719 2337 768 2398 hue
786 2336 938 2428 plantulae
950 2339 1100 2398 dicuntur
1113 2335 1178 2394 vivi
1197 2328 1338 2390 radices:

287 2460 336 2514 dia
353 2479 414 2518 suat
431 2469 500 2522 inter
517 2472 626 2524 arbores
646 2467 671 2524 et
688 2473 786 2524 herbas
831 2473 916 2526 raudo
927 2486 954 2526 et
965 2469 1335 2539 avellendoseparatramum

284 2542 328 2593 vel
343 2544 431 2615 olera,
444 2550 515 2601 uude
527 2551 626 2604 Plinius
638 2565 717 2604 vocat
734 2551 788 2623 suf·
832 2571 848 2604 a
861 2565 965 2606 trunco.

278 2622 405 2694 frutices,
419 2641 444 2678 et
456 2630 657 2702 'llreophrastns
670 2629 788 2700 luitperti·
869 2635 910 2700 24.
922 2633 962 2687 25.
973 2633 1023 2684 Hie
1031 2633 1132 2703 stirpes,
1143 2641 1196 2682 etc.
1210 2611 1337 2695 Quadnfi·

285 2717 366 2766 χιιι,
379 2711 456 2777 quasi
468 2729 498 2760 ex
512 2712 651 2764 arboribus
666 2725 692 2766 et
706 2713 788 2764 oleri·
832 2713 927 2785 ‹lasqm
933 2706 1223 2776 sudes,etc.Secaadus
1232 2697 1335 2758 modus,

285 2780 353 2848 bus,
366 2787 446 2840 rnixta
459 2803 570 2856 natura,
582 2805 713 2844 constent.
833 2793 941 2865 defossis
954 2793 1089 2864 stirpium,
1104 2791 1159 2842 sire
1172 2783 1282 2860 infossis>
1296 2795 1335 2830 ³²¹·

326 2880 366 2916 sa.
384 2867 452 2918 Sunt
470 2869 518 2921 atii
534 2891 609 2944 quos,
629 2883 675 2924 etc.
692 2872 789 2925 Medos
833 2872 905 2922 dium
916 2886 940 2924 et
954 2871 1081 2924 vallonem
1094 2869 1250 2920 viventium.
1263 2860 1334 2910 tune

287 2961 333 2996 sex
343 2961 496 3014 enumerat,
509 2969 577 3022 quos
590 2951 624 3004 sd
637 2954 789 3023 producen-
833 2963 902 3004 terra
909 2947 1205 3023 teganturstirpes,(clcs
1212 2933 1336 3003 conchess)

288 3024 337 3078 das
353 3026 462 3082 arbores
478 3033 576 3102 reperit
590 3049 669 3092 usus,
687 3031 787 3097 idest,
833 3050 893 3083 cum
912 3032 966 3082 suis
988 3029 1124 3082 radicibus
1142 3026 1253 3085 validm
1272 3029 1332 3070 ΜΒ

231 3175 232 3178 ¹
287 3111 451 3178 experientia
464 3109 619 3173 bominum,
636 3114 682 3183 qui
699 3110 788 3163 edocti
833 3111 977 3183 infiguntur
989 3110 1083 3176 sudes,
1102 3110 1210 3182 pertica
1225 3102 1333 3158 inferus

286 3188 331 3240 via
352 3188 479 3258 culturas,
497 3189 560 3244 ltuic
581 3191 663 3244 multa
681 3190 788 3258 studia,
834 3191 1025 3263 quadrifariam
1037 3191 1142 3254 divisse,
1153 3189 1330 3242 etinformsm

288 3267 475 3324 meditationes
499 3289 630 3343 curasque
655 3271 787 3325 adbibue-
834 3273 1012 3338 ametritae,
1025 3287 1055 3324 ut
1066 3272 1171 3324 facilius
1183 3266 1281 3322 multos
1293 3275 1332 3310 ru·

288 3363 358 3401 runt·
835 3354 924 3408 dicum
940 3367 1020 3427 agant
1038 3352 1170 3413 ramulos;
1184 3365 1248 3402 tunc
1259 3339 1330 3400 valli,

325 3429 368 3482 23.
378 3430 429 3481 Hic
436 3431 540 3502 plantas
550 3443 635 3486 tenera
644 3432 790 3486 abscindens
834 3435 889 3507 pali
901 3433 1000 3487 virides
1009 3451 1123 3504 quorum
1131 3431 1214 3494 robur,
1226 3433 1329 3480 tratum!

289 3509 433 3580 decarpere
443 3522 564 3564 matrum.
572 3515 674 3566 Primus
684 3511 789 3578 modus,
835 3517 862 3565 iu
871 3532 982 3566 acumen
995 3515 1146 3576 exacuitur,
1158 3510 1217 3580 (des
1225 3499 1328 3580 piculi

290 3590 404 3656 avulsio,
416 3610 469 3662 qua
479 3594 610 3659 stolones,
623 3595 658 3646 les
669 3597 788 3666 njetons,
834 3607 864 3645 ut
880 3591 952 3663 apud
971 3610 1020 3646 aas
1041 3591 1153 3656 salices,
1175 3589 1246 3652 alui,
1265 3592 1328 3639 etc-s

289 3671 497 3725 unacurafibris
512 3694 525 3726 e
540 3675 622 3743 stirpe
637 3685 790 3742 autcorpo-
835 3671 1023 3744 qrrnsicnude'e
1030 3667 1328 3743 plantetoererirescunl·

290 3769 320 3804 re
334 3751 436 3805 arboris
449 3753 658 3817 abscinduntur,
671 3765 697 3806 et
710 3751 790 3806 sulcis
835 3753 935 3804 Plinius
947 3751 1016 3804 idam
1029 3750 1064 3804 de
1075 3762 1177 3823 myrto,
1189 3747 1235 3800 lib.
1247 3735 1327 3794 xva,

289 3831 346 3884 sire
362 3833 502 3886 scrobibus
517 3831 685 3884 mandantur.
695 3831 792 3885 -At-
840 3849 878 3903 ¹7·
899 3834 996 3884 Ruoeus
1011 3831 1080 3885 male
1097 3849 1179 3882 unam
1195 3827 1264 3880 buno
1276 3833 1329 3873 11¹⁰·

290 3912 406 3966 scindens
421 3912 486 3964 mibi
503 3912 586 3983 magis
601 3914 739 3984 proprium
752 3915 791 3966 vi·-
837 3913 899 3965 dum
913 3915 940 3966 ia
952 3912 1020 3964 duos
1032 3911 1128 3963 divisit.

292 3990 371 4044 detur
392 4008 472 4061 quarn
494 3989 638 4056 abscidens,
659 3994 722 4064 quia
744 3993 792 4046 lico
873 3993 914 4045 26.
927 3987 1328 4064 27.Sylucmmquealioepmfff

294 4069 459 4142 amputando
472 4085 499 4125 et
507 4071 637 4144 secando,
648 4073 715 4130 illud
725 4073 794 4130 lace·
837 4071 1085 4146 promisissem,
1096 4081 1123 4125 et
1136 4070 1194 4124 uiua
1205 4065 1331 4141 pluam
