3000 4674
483 417 536 488 tu
560 401 894 490 ncnoeau'vr.
1144 426 1204 493 301

169 542 284 626 quibus
300 543 459 606 infestavit
474 542 603 606 classem
617 545 758 606 Graecam
774 545 909 627 Ulyssis,
928 539 1043 626 quihus
1062 543 1211 608 laceravit

168 635 294 695 miseros
311 632 375 715 ejus
387 631 494 694 classis
507 635 626 710 socios,
643 637 697 716 qui
717 637 750 695 in
766 655 818 694 eos
834 635 981 716 scopulos
994 637 1213 718 impegerunt:

144 739 150 746 ·
168 733 202 780 tu
213 719 263 782 hic
271 721 407 804 expende
416 719 578 786 horrorem
588 723 744 807 loquentis
756 737 856 806 poetae
866 724 899 782 in
909 745 941 783 re
952 724 1044 806 plena
1056 723 1215 804 horroris,

168 804 286 869 latrant
297 825 453 887 monstra,
467 827 581 873 verant
593 827 688 888 rates,
702 813 839 872 lacerant
851 825 978 887 nautas,
994 811 1087 894 idque
1100 815 1132 874 in
1147 813 1210 876 alte

168 899 302 978 gurgite,
315 914 347 960 et
359 900 488 962 marinis
502 901 651 964 canibus:
665 902 771 962 omnia
784 901 966 960 miserrima.

208 991 255 1068 78.
269 987 352 1066 Quid
364 989 478 1071 loquar
491 994 537 1052 uti
550 993 723 1052 amaverit
734 1005 821 1050 artus
832 989 918 1049 Terei
931 1002 1084 1067 mutatos,
1103 989 1134 1049 id
1150 1003 1215 1066 est,

167 1076 299 1136 Tereum
318 1093 476 1140 mutatum
495 1081 527 1140 in
547 1077 705 1163 upupam?
727 1077 802 1160 quid
826 1077 955 1159 loquar,
976 1079 1021 1138 uti
1040 1081 1214 1162 tranaverit

168 1161 264 1245 dapes
275 1167 414 1242 miserus,
426 1165 494 1228 dira
505 1166 603 1244 dona,
617 1188 687 1249 quse
701 1163 876 1228 Philomela
889 1167 1046 1247 paraverit
1056 1165 1170 1226 Tereo?
1181 1179 1212 1226 et

169 1272 232 1333 quo
249 1275 338 1314 cursu
359 1256 480 1316 deserta
498 1259 642 1339 petiverit
659 1269 849 1317 commutata
870 1255 903 1315 in
920 1253 1118 1315 Lusciniarni
1133 1253 1211 1337 quid

167 1339 294 1423 loquar,
316 1346 362 1403 nti
381 1347 569 1420 narraverit,
588 1343 703 1427 quibus
720 1344 778 1404 alis
795 1342 901 1403 infelix
919 1345 1040 1424 Progne
1058 1357 1138 1404 tecta
1154 1364 1211 1405 sus

167 1431 440 1512 supervolitaverit
454 1453 605 1493 conversa
618 1411 650 1492 in
666 1429 887 1526 hirundinem?

168 1573 666 1652 sesetllegarensesdoloneesverant,
711 1595 738 1636 et
760 1581 813 1636 bno
838 1595 919 1654 atque
944 1581 1008 1635 illue
1034 1579 1211 1645 distrahitur,

169 1656 307 1712 adamatus
316 1661 351 1714 sb
363 1661 449 1735 Scylla
459 1677 515 1729 est,
526 1665 585 1716 Nisi
596 1663 665 1716 tilia:
713 1663 812 1718 Vexari
817 1660 1112 1734 propriedieitur.Cato
1121 1662 1147 1712 in
1156 1679 1214 1712 ura·

170 1753 228 1806 quse
246 1750 276 1790 nt
291 1738 362 1792 hosti
378 1756 468 1812 posset
479 1743 602 1815 placere,
618 1761 667 1794 eo·
712 1747 785 1798 tione
797 1742 830 1795 de
843 1741 959 1806 acheris,
974 1741 1115 1814 Quumque
1126 1739 1212 1792 Aorsi-

170 1832 239 1866 nram
256 1835 417 1890 purpuream
434 1823 553 1895 parentis
569 1822 667 1874 abacis·
712 1819 861 1874 balterium
872 1819 981 1872 Italiam
995 1818 1121 1872 laceraret
1133 1831 1213 1894 atque

169 1911 226 1948 sant
247 1898 270 1972 ei
289 1899 406 1952 obtulit:
427 1919 506 1972 quatu
528 1904 608 1956 Nisus
631 1903 668 1955 ita
712 1900 1213 1966 vexant.-CieeroinVerrinis,Sed

168 1973 299 2030 babuerat
312 1995 509 2050 consecratam,
523 1997 553 2035 ut
565 1981 668 2036 tamdia
711 1991 765 2036 usa
778 1981 892 2033 barbaras
897 1981 1067 2052 predonibus
1076 1990 1167 2032 vexata
1177 1997 1214 2033 es·

121 2099 124 2108 ,
168 2073 250 2126 regno
272 2061 420 2131 potiretur,
444 2061 571 2134 quamdiu
594 2062 668 2115 illam
710 2058 1044 2130 set-ltemalibizfaaa
1054 2059 1214 2124 uexata,di·

167 2131 304 2188 habuisset
327 2141 462 2192 intactam.
493 2140 576 2193 lloslo
603 2159 667 2212 erqo
712 2139 1138 2213 reptoeurhesreperiuntar.sers.

169 2213 308 2287 Virgilius,
320 2220 513 2272 autPoetnrunr
525 2238 599 2272 more
609 2223 669 2273 niis·
748 2220 790 2290 78.
806 2219 890 2272 Terei.
905 2219 1005 2272 Tereus
1019 2237 1065 2271 rex
1079 2219 1213 2272 Thracum

169 2295 223 2345 cuit
234 2295 355 2364 fabulas,
370 2311 396 2351 et
407 2317 503 2352 nomen
516 2303 606 2372 posuit
617 2319 668 2372 pro
714 2302 782 2365 luit,
803 2302 849 2372 qui
863 2318 945 2372 quum
956 2299 1161 2354 Atheniensibus
1174 2313 1214 2354 tu·

169 2376 293 2429 nomine:
307 2391 337 2430 ut
349 2376 449 2432 diceret
465 2379 578 2453 Scyllam
594 2381 668 2449 Nisi,
712 2379 787 2432 lisset
797 2379 933 2444 auxilium,
942 2378 1126 2432 aePantlionis
1137 2380 1216 2433 Athe-

168 2470 218 2525 pro
236 2454 351 2509 Phorci:
369 2461 437 2511 siout
454 2458 535 2512 aiibi:
548 2459 670 2514 Demitur
712 2477 807 2511 aarum
815 2461 884 2531 regis
891 2455 1085 2510 liliamnotnine
1093 2459 1214 2531 Prognen

168 2532 286 2590 Pollucis
303 2537 410 2592 habenis
429 2535 567 2612 Cyllarus,·
587 2559 669 2612 quarn
712 2537 830 2591 duxisses
842 2555 969 2601 uxorem
983 2549 1079 2609 etpost
1093 2537 1214 2610 aliqnan-

169 2613 280 2686 Castor,
296 2617 413 2671 domitor
432 2637 562 2691 equorum
578 2622 668 2674 fuerit.
712 2629 878 2689 tumtetnpus
889 2615 961 2669 aben
970 2628 1118 2689 rogaretur,
1126 2630 1155 2669 ut
1163 2617 1215 2670 sibi

167 2696 239 2748 Serv.
249 2697 352 2752 —Vitle
362 2699 468 2753 Excnn.
476 2701 521 2768 IV,
529 2699 562 2756 de
572 2701 668 2775 Scylla,
712 2695 886 2751 Philomelam
897 2713 1017 2748 sororem
1031 2713 1107 2748 suam
1118 2696 1214 2751 vitlen-

168 2773 221 2826 vol.
234 2775 260 2840 l,
272 2795 336 2849 paq.
351 2778 403 2846 ²²4
414 2794 440 2833 et
452 2799 527 2853 seqq.
712 2775 774 2830 dam
783 2777 940 2840 accersiret,
951 2775 1088 2847 profectus
1097 2775 1214 2830 Athenas

204 2853 245 2924 76.
259 2856 398 2912 Dulichias
408 2877 507 2915 vexasse
517 2872 590 2915 rates.
599 2861 669 2915 ltha·
711 2855 776 2911 dum
789 2855 899 2910 adslneit
911 2855 1044 2928 puellam,
1061 2875 1120 2908 earn
1135 2859 1215 2910 vitia-

168 2939 669 3000 oenses,smontezDuliehiunsinsula
711 2940 750 2992 vit
766 2941 793 2991 in
812 2940 922 3004 itinere,
943 2949 969 2988 et
988 2937 1012 2989 ei
1028 2935 1162 3010 linguam,
1181 2957 1214 2992 ne

169 3027 224 3080 est,
240 3015 287 3068 ubi
300 3034 375 3070 mons
387 3030 427 3071 est
440 3018 562 3072 lthaeus:
576 3023 603 3072 in
616 3039 669 3093 qua
712 3021 817 3072 lacinus
829 3019 977 3083 indicaret,
991 3015 1120 3080 abscidit3
1131 3020 1215 3072 inelu-

167 3095 252 3146 lertur
262 3095 396 3150 habitasse
408 3097 530 3171 Ulysses:
545 3119 630 3173 eoque
643 3114 670 3154 et
713 3115 822 3170 samque
832 3100 861 3152 in
870 3095 981 3149 stabulis
993 3096 1116 3167 reliquit,
1129 3116 1216 3150 emen·

168 3174 226 3246 ipss
242 3175 398 3242 Dulichius,
418 3189 446 3230 et
464 3178 601 3232 Dulichias
621 3179 670 3233 ha·
713 3179 778 3229 titus
790 3179 898 3250 conjugi
913 3193 971 3228 eant
984 3175 1093 3247 periisse
1108 3177 1216 3229 naufra-

168 3251 258 3305 buisse
274 3267 344 3306 rates
361 3254 467 3308 dicitur.
482 3257 590 3311 Verusse
606 3268 672 3310 tutes
714 3257 767 3328 gio.
782 3253 835 3308 sed
850 3253 996 3307 Philomela
1012 3271 1084 3318 rem,
1100 3255 1126 3304 in
1143 3269 1216 3309 veste

170 3345 276 3401 autern,
289 3352 338 3405 per
349 3333 495 3406 Tapinosin
507 3333 608 3390 dictum
620 3349 668 3389 est.
714 3351 763 3386 suo
775 3353 870 3387 cruore
887 3332 1065 3403 descriptam,
1085 3334 1155 3386 misit
1172 3352 1215 3387 so·

170 3411 239 3466 Nona
246 3414 588 3481 nonserariqsetlevertiu
597 3415 670 3488 qnod
715 3414 787 3466 rori:
804 3431 856 3484 qua
871 3432 900 3466 re
915 3415 1020 3485 cognita
1034 3413 1136 3485 Progne
1150 3416 1216 3488 ltysn

166 3493 270 3547 Probus
278 3494 393 3548 vultbac
401 3497 504 3549 ratione
512 3495 669 3550 defendere:
714 3492 798 3545 lilium
814 3493 962 3557 interemit,
977 3505 1003 3544 et
1019 3493 1089 3563 patri
1106 3494 1218 3565 epulan-

169 3573 261 3628 dicens
278 3574 386 3628 Veaasse
399 3576 489 3627 venire
501 3575 535 3626 ab
550 3595 583 3628 eo
597 3573 669 3646 quod
715 3571 779 3624 dum
792 3571 925 3644 adposuit.
937 3570 990 3623 Alii
1001 3571 1114 3623 Tereum
1127 3571 1217 3626 linxis-

170 3665 210 3708 est
222 3653 308 3719 veho,
319 3667 413 3718 secto,
426 3671 506 3718 ream
519 3666 550 3706 ut
563 3673 671 3708 vexasse
716 3672 743 3706 se
756 3670 849 3705 socero
862 3650 956 3704 ‹lieunt
973 3652 1089 3724 Prognen
1106 3670 1215 3708 uxorem

170 3736 205 3787 sit
213 3746 350 3806 portasse,
363 3747 389 3787 et
399 3733 551 3786 slne'dubio
564 3753 615 3806 pro
628 3753 671 3787 ar·
714 3745 858 3800 mortuam,
867 3745 893 3784 et
900 3733 998 3804 petisse
1006 3729 1178 3785 Philomelam
1186 3737 1214 3788 in

169 3814 251 3867 bitrio
275 3832 323 3867 suo
344 3817 477 3868 evertisse.
501 3815 610 3869 Vexasse
633 3827 673 3869 est
717 3809 1026 3878 matrimonium,etlroe
1036 3807 1130 3863 dolore
1140 3831 1215 3864 eom-

170 3896 241 3947 enim
257 3896 296 3947 vis
314 3895 435 3966 quadarn
456 3894 535 3946 alieni
554 3893 673 3962 arbitrii,
717 3892 821 3964 pulsam
834 3893 954 3963 Prognen
972 3889 1100 3944 occidisse
1117 3891 1214 3962 filiurn,

171 3991 226 4026 non
238 3977 308 4027 enirn
319 3979 361 4028 sni
372 3987 532 4047 potensest,
545 3977 591 4046 qui
602 3974 675 4028 vehi·
718 3985 745 4026 et
761 3971 926 4044 epulandum
945 3973 1017 4044 petri
1038 3975 1213 4043 apposuisse:

174 4066 225 4105 tur.
241 4055 310 4108 Bene
322 4073 385 4128 erpo
397 4055 551 4109 inclinatum
562 4055 672 4108 verbnm
718 4069 786 4127 quos
801 4069 883 4124 quum
895 4051 995 4106 Tereus
1010 4052 1100 4122 agnito
1116 4053 1214 4106 scelere

174 4146 231 4195 est:
247 4153 308 4188 narn
321 4137 367 4206 qui
378 4135 479 4206 fertur,
496 4147 523 4190 et
533 4147 672 4212 raptatus,
716 4138 918 4205 insequeretur,
937 4149 1030 4187 omnes
1045 4133 1072 4186 in
1086 4150 1146 4185 sves
1158 4153 1217 4188 rnn-
