2998 4670
344 417 398 482 IN
421 415 805 484 GEORGICORUM
828 419 920 484 LlB.
945 423 1017 490 111.
1134 431 1196 500 563

203 540 271 619 452.
284 542 357 604 Post
367 555 414 602 tot
425 541 560 604 remedia
574 539 703 603 adhibet
713 555 897 619 extremum,
910 547 994 628 quod
1006 569 1155 632 prtesent,
1168 558 1201 618 id

162 623 387 706 arsenicum,
404 645 436 692 et
452 629 563 692 efficax
578 630 690 692 scabiei
705 631 865 709 sanando,
882 635 1034 699 nimirum
1050 646 1202 709 rescissio-

161 741 234 781 nem
247 723 345 802 partis
357 720 555 784 exulceratae:
568 718 630 782 hoc
640 721 725 782 enim
738 723 799 782 nisi
811 719 880 795 fiat,
893 741 996 806 serpet
1004 730 1130 812 vitium,
1143 736 1203 798 ale-

162 822 228 885 tur,
240 812 341 874 vivet:
357 825 443 890 gerat
458 831 490 870 se
502 824 610 892 pastor
624 809 798 887 medicum,
813 810 931 872 ferrum
943 813 1105 898 adhibeat,
1124 845 1202 888 rese-

163 910 226 972 cet,
246 919 310 958 nou
330 913 407 962 terat
421 911 544 981 tempus
557 897 730 962 fundendis
744 913 868 960 tanturn
882 901 1026 982 precibus
1040 920 1071 967 et
1083 929 1203 992 exspoo-

161 985 258 1048 tando
270 989 388 1048 omini:
409 1007 500 1061 nam,
517 997 553 1048 ut
570 988 614 1048 eit
630 986 814 1064 Sallustius,
831 988 962 1066 frustra,
983 993 1051 1052 site
1069 996 1201 1077 ignaviae

162 1073 341 1150 tradideris,
355 1077 436 1138 votis
450 1073 654 1136 muliebribus
666 1074 782 1138 auxilia
794 1078 932 1136 Deorum
946 1077 1101 1160 implores.

202 1159 271 1242 457.
291 1163 316 1222 t
332 1162 443 1222 morbo
456 1161 568 1224 scabiei
586 1164 701 1224 transit
714 1162 753 1223 ad
768 1163 896 1240 febrim,
916 1185 978 1246 qua
994 1165 1094 1228 solent
1110 1171 1205 1234 infes-

164 1251 224 1312 tari
239 1270 359 1332 peoora.
380 1250 478 1330 Ergo,
496 1271 596 1331 quum
609 1259 699 1312 estne
714 1251 780 1330 ille,
799 1254 853 1333 qui
868 1272 885 1313 a
899 1252 979 1313 febri
991 1259 1152 1337 provenit,
1171 1263 1205 1326 in

162 1339 309 1400 miseram
321 1357 411 1400 ovem
423 1349 592 1418 grassatur,
605 1342 700 1402 averti
716 1339 808 1402 debet
819 1343 966 1402 scissione
978 1363 1080 1419 vena,
1094 1359 1125 1406 et
1138 1368 1206 1408 san·

160 1425 269 1502 guinis
281 1426 431 1486 missione
443 1447 450 1484 ι
463 1425 592 1490 feriatur
604 1448 676 1490 vero
688 1448 767 1491 reus
779 1427 849 1506 ills,
862 1448 931 1512 qute
943 1443 988 1490 est
1000 1451 1094 1512 supra
1106 1453 1206 1515 ungu-

163 1509 244 1586 lam,
257 1511 295 1572 ed
311 1515 373 1574 irus
388 1516 484 1596 ipsius
496 1514 593 1599 pedis.

204 1597 273 1676 461.
284 1601 358 1662 Vult
367 1623 441 1664 suos
451 1619 593 1686 pastores
603 1605 722 1670 similer
733 1627 800 1670 esse
811 1606 946 1682 Bisaltia,
958 1621 989 1668 et
999 1607 1141 1685 Gelonis,
1153 1615 1207 1692 qui

165 1686 198 1746 in
213 1687 289 1750 locis
303 1689 443 1768 desertis,
458 1705 537 1756 secte
550 1695 624 1777 equi
637 1717 717 1758 rene
729 1697 846 1760 bibunt
856 1695 993 1756 ferinum
1006 1699 1206 1780 sangninem,

165 1797 228 1840 une
242 1799 312 1842 eum
324 1781 405 1844 laete
415 1797 573 1847 concreto.

206 1865 276 1943 464.
288 1869 424 1935 Adhibet
434 1874 523 1954 tigna
535 1876 677 1959 quinque
688 1876 815 1960 pecudis
826 1874 1042 1938 febricitantis.
1057 1877 1101 1936 Ea
1113 1897 1207 1960 pecua

167 2055 195 2096 et
204 2042 326 2098 exbumo
336 2047 474 2106 ebulliens.
486 2055 609 2124 Martyn,
620 2057 667 2124 qui
712 2056 801 2110 sociis.
812 2083 847 2095 —
858 2054 940 2108 Sedet.
955 2053 1013 2106 lloc
1028 2051 1140 2108 verbum
1152 2057 1209 2126 jen

166 2122 667 2200 lueriturtismedicteprudeutissimue,
712 2152 763 2186 usu
786 2145 924 2186 auctorum
943 2131 1055 2184 invaluit
1076 2131 1111 2184 ad
1126 2137 1210 2188 otium

167 2203 667 2282 Virgiliiunguentututantadiligeutia
711 2211 1211 2281 significandum,etremissiouem.lta

168 2287 346 2354 compositum
355 2286 490 2354 adfirmat,
502 2301 582 2359 atque
593 2302 668 2344 tenta
711 2287 926 2344 Greeiuttoto.
935 2287 1000 2340 lude
1008 2287 1089 2350 hm,
1099 2289 1209 2358 desidia,

168 2365 351 2434 europustulre
359 2369 480 2420 rescissio
488 2367 666 2438 descriptaut,
710 2367 830 2431 derideo,
854 2367 945 2420 ornuia
966 2365 1001 2418 nd
1026 2367 1209 2424 remissionem

167 2442 247 2498 facile
271 2443 435 2508 credideris,
459 2445 533 2517 quod
557 2446 667 2500 tradunt
710 2446 915 2500 anteferuntur.

100 2528 113 2568 Ι
167 2524 347 2595 grammatici,
359 2536 480 2576 nostrum
490 2537 598 2595 poetam
609 2528 666 2595 ejus
747 2520 808 2588 458.
822 2522 904 2576 Arida
909 2521 996 2594 felde
1008 2521 1073 2588 Que
1082 2523 1159 2581 aride
1170 2527 1211 2580 el·

169 2603 235 2656 artis
247 2605 404 2673 participem
416 2605 507 2658 fuisse.
711 2598 766 2654 licit
787 2617 922 2670 corpora:
946 2611 1035 2654 temen
1058 2602 1209 2673 sciendum,

206 2681 266 2748 455.
291 2682 404 2738 Medicas
425 2682 543 2738 adhibere
565 2701 666 2738 manue.
706 2677 1210 2752 febremlioetafervoredicttsit,etso

171 2761 668 2834 nurierxeiperepresentarevoluit,
713 2762 793 2816 etiam
814 2756 955 2830 tricident
979 2758 1050 2812 unde
1071 2762 1153 2818 modo
1178 2765 1212 2820 nd

170 2839 199 2896 b.
218 2861 242 2895 e.
263 2837 433 2910 termut.
458 2843 566 2896 Taubm.
582 2872 615 2882 -
626 2842 670 2896 Ad
713 2839 846 2894 diastolen
859 2841 896 2894 ait
908 2837 1018 2893 andam.
1032 2837 1104 2897 Serv.

78 2929 83 2942 ·
171 2920 288 2974 uulnera.
301 2923 371 2974 Rene
385 2922 420 2974 ed
434 2922 554 2988 vulnera,
569 2939 619 2994 pro
635 2919 670 2974 ed
749 2917 809 2988 4⁵9·
826 2918 945 2974 Incensos
960 2928 1039 2974 tester.
1058 2917 1088 2970 ld
1104 2935 1158 2988 est,
1173 2924 1210 2978 fe-

172 2999 298 3054 facienda
309 3001 428 3052 vulnera.
443 3002 560 3073 ruitarp.
714 2997 800 3054 brent-
809 3027 844 3038 --
854 2997 926 3050 luter
935 2997 994 3050 Ima
1001 2997 1083 3066 [θὼν
1091 2999 1163 3066 pedis
1172 3019 1212 3056 se-

208 3076 269 3144 456.
280 3077 335 3128 Aut
343 3077 450 3130 meliora
461 3078 520 3132 deor
530 3079 599 3134 sedet
607 3080 672 3132 emi·
715 3075 829 3130 beatem.
837 3075 868 3132 ld
878 3087 932 3138 est,
940 3072 1081 3128 mobdsus:
1092 3073 1156 3128 dicit
1167 3096 1212 3134 eu-

173 3177 209 3210 na
225 3174 336 3228 poscens.
353 3156 468 3225 Maiores
485 3159 555 3210 enim
572 3177 670 3229 expuss-
715 3154 856 3208 remilium
869 3171 964 3206 venem
975 3168 1033 3206 esse
1050 3152 1211 3224 feriendam,

174 3249 269 3290 nantes
278 3235 447 3306 religionem,
456 3247 541 3288 totum
555 3237 581 3288 in
594 3255 672 3306 expe·
716 3253 774 3304 quae
789 3251 869 3302 supra
882 3230 1009 3301 ungulam
1021 3244 1060 3284 est
1077 3235 1211 3304 animulis,

174 3318 272 3372 rieutie
299 3313 477 3368 collocabant.
508 3313 669 3370 Sallustius:
715 3324 769 3366 tarn
782 3311 851 3374 lata,
864 3327 945 3379 qnam
957 3307 1150 3365 mobilie.Serv.

178 3397 260 3448 eNon
276 3395 344 3448 voris
361 3412 448 3464 neque
463 3393 601 3466 suppliciis
615 3412 672 3447 mu·
750 3391 811 3457 462.
832 3389 919 3458 Ωιιιιιη
933 3387 1016 3459 sapit.
1037 3388 1086 3443 Vel
1104 3410 1133 3448 re
1151 3413 1213 3452 vera

179 3473 329 3528 «liebribue
342 3474 441 3527 auxilia
451 3473 563 3528 deorum
574 3493 672 3546 peren·
716 3471 799 3542 fugit:
813 3468 855 3524 vel
867 3469 954 3540 pergit
962 3465 1092 3524 celeriter.
1102 3471 1213 3527 Serv...

179 3567 263 3606 etur:
286 3552 437 3625 vigilando,
460 3553 581 3626 agendo,
603 3552 672 3605 bene
716 3551 826 3624 Fruere,
846 3559 990 3629 usurpetur
1005 3545 1039 3602 tle
1054 3561 1128 3604 motu
1148 3571 1216 3625 quo-

181 3632 380 3697 ·coueulendo,
393 3649 520 3704 prospere
531 3632 621 3684 omnia
633 3651 675 3683 ce-
717 3647 824 3699 ounque
833 3629 922 3682 citato.
931 3627 1026 3684 Cicero
1037 3625 1071 3682 tle
1080 3629 1154 3686 Orat.
1165 3636 1215 3702 ΠΙ,

181 3715 293 3769 edunt:
321 3712 368 3764 ubi
393 3712 521 3786 socordio
544 3725 570 3765 ta
594 3723 674 3782 atque
718 3706 982 3779 39,locutionern,st'
990 3705 1070 3762 telum
1081 3728 1162 3768 manu
1166 3715 1216 3784 ᾗ.

182 3791 480 3868 «ignaviatrndideris,
495 3793 673 3862 nequicquam
716 3789 769 3859 ¹nit,
794 3786 978 3859 metaphoram
1001 3803 1059 3840 esee
1081 3787 1213 3845 declarat:

182 3875 269 3928 «deos
289 3871 428 3943 implores;
450 3872 511 3925 irati
532 3872 675 3942 infestique
719 3865 787 3920 mele
800 3867 909 3937 quidem
921 3867 1022 3920 Manilii
1035 3865 1130 3933 rerba,
1140 3872 1218 3944 sapit

183 3967 274 4006 «suut.
286 3977 298 4001 ι
315 3952 384 4005 Serv.
399 3950 467 4004 Vide
483 3965 603 4003 nostrum
619 3949 676 4003 sat·
719 3949 804 4002 Eurus
811 3948 920 4014 obortu,
930 3949 956 4002 in
959 3948 1029 4019 furit
1036 3947 1067 4002 ab
1076 3959 1146 4015 orta,
1156 3971 1216 4006 mu.

181 4034 304 4099 lustium,
318 4051 380 4106 pag.
396 4036 445 4103 95,
459 4033 487 4084 iu
501 4032 622 4084 oratione
638 4031 675 4088 bl
720 4041 821 4082 terere.
836 4029 863 4082 V
862 4055 868 4080 ι
884 4029 917 4080 G.
930 4057 965 4068 --
980 4027 1070 4098 Fugit·
1087 4029 1125 4080 ita
1138 4033 1215 4103 vivit,

182 4113 211 4168 P.
228 4114 336 4170 Catonis
350 4113 384 4168 de
400 4111 542 4186 puniendis
558 4109 677 4166 Catilinae
722 4121 752 4160 ut
763 4125 843 4180 vagas
855 4105 949 4160 domos
960 4105 1085 4178 plaustris
1098 4109 1195 4166 trahat.
