2986 4694
484 426 534 500 tn
559 433 832 510 nonerunt.
1120 442 1179 532 195

139 551 420 650 interpolarent,
445 557 527 652 quid
551 577 680 625 veteres
707 559 918 624 Grammatici
938 559 1178 652 judicaverint,

141 663 321 732 difficulter
339 657 418 730 inde
439 666 575 731 eruitur.
594 664 643 731 A.
664 663 821 752 Septirmb
837 661 977 743 Sereno,
997 688 1104 758 poetae
1121 674 1181 736 Fa·

139 772 236 853 lisco,
255 768 298 837 de
315 793 382 862 quo
397 772 455 862 qui
471 771 662 860 scripserint
674 771 840 836 recensuit
858 773 969 836 Burm.
988 774 1031 839 ad
1047 775 1180 842 Anthol.

125 859 277 944 'menn
289 879 314 958 l,
326 862 378 968 ep.
390 899 429 966 ²7
439 875 696 944 adscribendum
708 899 780 943 esse
789 877 1016 966 suspicabatur
1028 881 1179 971 Sealiger,

140 999 212 1050 tum
226 983 377 1050 Barthius
392 983 527 1050 Advers.
543 985 673 1064 XXXV,
694 985 715 1049 8
729 999 762 1048 et
775 983 816 1048 al.
830 983 909 1063 lnc.,
932 987 1008 1074 quia
1024 990 1184 1076 opuscula

140 1081 196 1156 ille
211 1093 331 1158 rustica
345 1093 396 1176 (et
408 1091 480 1157 liaec
494 1091 590 1156 unica
602 1111 714 1156 caussa
726 1089 882 1175 affertur)
895 1095 1120 1180 composuisse
1135 1094 1183 1160 di-

141 1198 227 1262 eitur
238 1219 245 1260 :
258 1215 367 1287 nuper
375 1213 486 1283 autem
497 1194 705 1261 doctissimus
716 1193 824 1260 editor
833 1197 1008 1261 Poetarum
1017 1199 1185 1265 minorum

140 1301 389 1369 Wernsdorfius
407 1301 447 1366 Τ.
466 1303 498 1366 ll
516 1301 587 1366 sine
603 1299 808 1366 haesitatione
827 1299 950 1367 Sereno
969 1325 1101 1369 carmen
1120 1303 1184 1372 hoc

140 1408 334 1488 vin-dicavit,
355 1425 512 1497 tanquam
531 1423 658 1496 partem
676 1407 822 1496 priorem
841 1405 1077 1495 (lpusculomm
1090 1433 1183 1477 rura-

140 1515 245 1580 lium:
260 1514 321 1578 etsi
337 1511 408 1579 haec
427 1511 529 1602 lyrico
544 1513 688 1578 carmine
702 1513 799 1578 variis
814 1515 926 1579 metris
940 1535 1069 1581 exarata
1082 1517 1184 1584 fuisse

141 1619 382 1700 memorantur;
401 1619 548 1708 potuisse
567 1619 656 1684 enim
673 1619 828 1708 praemitti
848 1641 980 1686 carmen
999 1620 1064 1688 hoc
1085 1620 1184 1690 hexa-

141 1742 295 1791 metrum.
305 1723 752 1816 ltaadVespasianitempora
760 1724 841 1790 illud
854 1726 1009 1817 rejicitur.
1018 1729 1186 1795 Monitum

140 1827 225 1896 illud
235 1833 485 1922 quoqueaviris
497 1827 602 1898 doctis
613 1820 675 1912 est,
686 1829 1186 1923 scriptumjamaSueviofuisse

142 1935 292 2026 idyllium
309 1939 491 2017 Moretum,
511 1959 550 2003 ex
567 1959 635 2028 quo
651 1937 831 2003 versiculos
848 1936 975 2027 profert
988 1940 1136 2004 Maeroh.
1152 1941 1185 2006 ll

141 2045 205 2110 Sat.
233 2047 285 2126 14,
307 2043 366 2111 sed
384 2043 566 2112 admodum
587 2045 754 2126 horridos,
774 2046 802 2111 ai
823 2065 900 2112 cum
919 2061 1032 2112 nostro
1053 2049 1185 2115 Moreto

141 2151 333 2218 contendas.
384 2163 387 2170 '

186 2260 379 2324 Lectionern
395 2251 430 2324 in
448 2249 593 2349 antiquis
609 2249 686 2323 edd.
705 2257 776 2322 lere
795 2253 915 2322 eodem
931 2256 1033 2323 modo
1051 2281 1187 2350 corrup·

142 2379 210 2430 tam
222 2363 309 2429 vidi:
324 2365 385 2430 etsi
394 2365 503 2429 minus
515 2361 676 2450 findam
687 2379 719 2427 et
731 2363 966 2450 interpolatum
978 2379 1062 2451 opus
1072 2363 1114 2430 ad
1125 2387 1185 2430 nos

142 2469 307 2559 pervenit,
330 2491 430 2558 qnam
448 2485 566 2534 cetera.
588 2468 735 2532 Primum
755 2466 937 2530 institutam
949 2469 1187 2534 recensionem

142 2597 263 2639 novam
278 2570 483 2662 deprehendi
498 2573 532 2636 in
547 2571 664 2636 Aldina
683 2569 764 2661 1517
778 2571 1037 2636 Catalectorum:
1054 2596 1091 2638 ea
1110 2575 1184 2639 fun*

142 2678 336 2746 dementum
359 2681 444 2745 lacta
466 2675 720 2760 correctioribus
748 2675 970 2757 editionibus;
998 2700 1185 2746 successere

143 2801 253 2852 tamen
267 2784 338 2851 aliae
349 2786 519 2875 antiquam
531 2782 709 2850 lectionem
721 2783 914 2863 retinentes,
928 2784 1026 2848 etiam
1038 2785 1185 2875 Scalige-

143 2913 231 2956 rana.
253 2889 532 2979 Quandoquidem
554 2891 588 2954 in
614 2888 679 2956 hoc
701 2890 868 2979 poematio
892 2911 959 2953 non
982 2887 1185 2958 habebamus

145 2997 325 3086 exemplar,
340 2995 430 3086 quod
447 3019 487 3060 ex
500 2993 654 3062 condicto
666 2995 762 3084 sequi
775 3015 910 3060 necesse
924 3012 1026 3076 esset;
1041 2995 1075 3058 in
1088 2997 1186 3060 Hein·

143 3101 243 3167 sianis
265 3101 409 3166 enimet
431 3101 680 3166 Burmannianis
702 3123 770 3165 non
794 3116 900 3179 ertatt
925 3098 1066 3164 liberum
1089 3101 1187 3168 nobis

143 3203 467 3286 relictumdurimus,
476 3205 696 3270 utlectionem
704 3206 766 3292 ipsi
773 3205 1058 3285 constitueremus,
1067 3204 1185 3270 Aldina

143 3330 177 3379 et
192 3310 396 3399 Scaligeraua
413 3308 644 3375 emendatione
662 3331 724 3399 pro
741 3307 847 3374 fundo
865 3310 981 3397 posita.
1001 3311 1075 3374 Non
1093 3329 1186 3376 erant

142 3418 186 3486 ad
200 3437 317 3482 manus
330 3414 491 3480 editiones
504 3413 604 3495 binae,
621 3415 741 3504 quihus
755 3415 922 3480 Moretum
934 3413 1098 3502 sigillatim
1109 3439 1185 3505 pro·

144 3526 219 3602 diit‚
232 3521 418 3599 Colinaeana
434 3521 531 3602 1542,
545 3521 580 3601 8,
593 3541 669 3585 cum
681 3521 733 3584 lo.
747 3517 867 3584 Ruellii
879 3518 1026 3600 scholiis,
1043 3538 1076 3585 et
1087 3524 1185 3586 Fran·

143 3629 341 3699 cofurteusis
367 3627 464 3707 1616,
489 3649 566 3692 cum
583 3625 793 3692 Taubmanni
811 3627 1063 3707 commentari03
1086 3628 1201 3694 aliam¹

144 3760 221 3803 cum
241 3734 328 3800 notis
349 3733 482 3799 Weitzii
503 3731 546 3799 ad
568 3733 690 3800 calcem
713 3734 812 3820 Copae
835 3732 985 3798 Francos.
1016 3733 1117 3816 1642,
1146 3737 1182 3816 8,

143 3843 287 3931 inspexi;
305 3855 338 3904 et
353 3856 500 3904 veterem
519 3838 597 3904 edit.
614 3838 703 3927 Lips.
723 3837 883 3902 Thanner
902 3837 1183 3928 1519cum00pa
1205 3927 1208 3936 ,

146 3962 180 4011 et
197 3945 267 4011 aliis
286 3944 348 4010 sub
367 3945 416 4010 tit.
438 3944 477 4009 P.
498 3943 632 4035 Vergilii
644 3943 814 4019 Maronis,
828 3959 999 4030 poetamm
1018 3942 1184 4020 Achillis,

148 4053 320 4118 minutiora
332 4053 496 4140 opusculo.
513 4091 551 4104 -
567 4051 691 4139 (Aliam
707 4066 853 4119 veterem
870 4047 1050 4116 editionem
1064 4053 1186 4117 Mureti

993 4153 1031 4208 13.
