2918 4682
277 355 344 442 ‘sss
612 357 992 428 cennensium

320 484 388 544 380.
409 481 578 543 Occasione
597 479 693 562 hujus
713 481 843 564 pulchre
862 484 1014 546 dilabitur
1032 485 1071 546 ad
1092 503 1184 546 sacra
1203 483 1358 562 Bacchi,

279 591 350 652 qnae
361 571 545 631 Graecorum
558 585 588 631 et
602 571 787 631 Latinorum
801 573 863 631 ritu
877 572 944 633 fieri
960 587 1204 634 consueverunt.
1223 573 1356 654 ltaque

279 661 338 719 eit:
351 663 374 720 si
386 681 505 741 quaeras
515 662 669 741 originem
680 662 766 742 capri
776 661 930 722 immolati
942 661 1076 736 Baccho,
1088 661 1180 722 nulla
1193 675 1247 722 est
1260 661 1354 735 alia,

279 771 372 830 quam
387 754 488 833 ipsum
502 753 648 812 arrosisse
659 753 738 810 vites
750 749 842 832 hujirs
853 754 929 814 Dei:
947 753 1018 814 ideo
1031 756 1092 814 aris
1107 755 1270 814 omnibus
1285 773 1354 813 cae-

279 841 364 901 ‹litur
378 844 412 901 in
424 842 517 902 sacris
532 839 727 900 Liberalibus
742 839 872 900 Bacchi:
888 841 960 902 ideo
975 843 1043 904 ludi
1056 856 1177 904 veteres
1191 842 1352 903 theatra·

278 927 324 988 les
339 942 414 988 eunt
428 930 461 988 in
476 930 663 1012 proscaenia,
678 943 713 988 ut
726 928 770 987 ibi
786 927 1007 992 exhibeantur:
1021 932 1091 992 ideo
1104 930 1350 1006 Athenienses,

279 1021 333 1099 qui
355 1018 429 1080 dicti
447 1017 607 1079 Theseidae
630 1038 647 1078 a
667 1017 803 1093 Theseo,
822 1016 922 1080 lusere
938 1021 971 1080 in
989 1023 1084 1104 pratis
1100 1021 1349 1080 ascoliasmum

277 1111 359 1169 inter
373 1108 445 1168 laeta
459 1111 603 1169 convivia
617 1109 781 1168 destinatis
795 1112 931 1189 praemiis
944 1131 999 1191 per
1011 1133 1110 1193 pagos
1125 1125 1155 1170 et
1171 1113 1351 1193 compita,

275 1196 324 1257 his
335 1199 390 1282 qui
406 1198 519 1279 agilius
532 1198 686 1259 saliissent
695 1219 752 1280 per
769 1211 853 1258 utres
867 1215 989 1260 unctos.

313 1370 373 1422 380.
386 1372 447 1424 Non
460 1369 541 1421 aliam
551 1370 581 1421 ob
592 1367 707 1440 culpam.
721 1369 781 1420 Vic-
824 1368 928 1434 hereo;
947 1389 1062 1442 nemque
1077 1373 1104 1424 in
1123 1371 1176 1424 illis
1193 1368 1348 1422 veteribus
1428 1409 1429 1412 ,

277 1451 346 1500 time
360 1447 527 1516 numinibus,
543 1461 589 1500 ant
600 1467 649 1520 per
658 1448 780 1501 similitu·
823 1447 1348 1523 ludisnullusiuitinqeniolocus;ant
1429 1459 1430 1462 ’

210 1583 219 1594 ,
277 1528 382 1592 dinem,
396 1529 780 1600 autpercontrerietatemim·
824 1527 917 1581 saltem
934 1529 1074 1584 modicus:
1093 1548 1153 1580 nam
1165 1540 1302 1600 pastores
1317 1540 1347 1578 et

276 1609 419 1662 molentun.
441 1611 491 1662 Per
513 1609 729 1676 similitudinem,
749 1622 779 1660 ut
823 1611 932 1672 rustici,
949 1612 1029 1662 soriis
1049 1609 1192 1682 pigmentis
1212 1627 1273 1659 ora
1291 1607 1346 1660 de-

277 1693 382 1762 nigrnm
398 1708 497 1761 pecus,
515 1690 630 1742 Plutoni.
648 1691 699 1742 Per
715 1708 777 1741 con·
822 1691 947 1750 formati;
966 1709 1035 1763 sape
1054 1693 1116 1742 rino
1137 1687 1224 1742 inflati
1248 1707 1345 1760 usqne

276 1772 610 1840 trarietatem,ntporce,
628 1787 686 1840 quae
701 1768 778 1821 obest
823 1768 858 1820 sd
878 1773 969 1822 fecem
996 1783 1123 1843 epotato,
1151 1787 1208 1840 qna
1233 1770 1344 1822 faciem

277 1850 415 1922 frugibus,
432 1849 522 1902 Cereri
537 1870 543 1898 ε
563 1861 590 1900 et
612 1839 711 1919 caper,
731 1851 777 1919 qni
823 1867 897 1901 suam
910 1849 1113 1922 perungebant3
1126 1849 1196 1901 sales
1206 1848 1345 1900 incondi-

278 1932 354 1983 obest
366 1931 482 1996 sitibus,
495 1929 604 1990 liberm
620 1932 682 1981 item
696 1948 778 1999 capra
822 1940 864 1978 tos
886 1943 912 1980 et
932 1927 1125 2000 extemporales
1145 1929 1178 1980 de
1200 1927 1343 1998 plaustris

276 2010 444 2080 AEscnlepio,
462 2009 508 2078 qui
525 2021 564 2059 est
583 2006 649 2060 deus
666 2007 776 2059 salutis:
823 2009 968 2062 scurriliter
975 2022 1039 2061 tunc
1049 2008 1208 2062 recitabant.
1218 2009 1257 2059 ffi
1268 2027 1342 2059 non-

277 2109 360 2162 quum
379 2107 462 2160 cupra
478 2105 616 2158 nunqnam
635 2088 692 2138 sine
708 2087 778 2140 febri
823 2085 886 2138 dum
900 2090 1006 2161 tragicis
1019 2088 1199 2154 carminibus,
1214 2087 1269 2140 sed
1280 2091 1343 2161 agi-

276 2174 318 2223 sit.
330 2171 400 2223 Seru.
410 2199 443 2208 -
455 2169 543 2240 Caper.
554 2169 663 2238 Proprie
676 2179 778 2236 castre·
823 2166 897 2220 litate
914 2182 940 2221 et
954 2169 1064 2221 solertis
1077 2166 1192 2220 saltandi
1209 2170 1289 2218 inter
1307 2189 1341 2222 se

275 2267 317 2303 tus
329 2249 435 2312 hircus;
450 2245 554 2302 sedhic
570 2266 621 2319 pro
637 2246 712 2299 hirco
730 2267 778 2319 po·
823 2248 1183 2319 contendebant3rictorque
1191 2249 1339 2302 referebat

275 2334 363 2392 nitur,
384 2331 429 2400 qui
450 2323 503 2395 αἰνὴ
524 2325 598 2392 stipsis
616 2326 776 2394 Theocrito,
824 2327 1051 2401 hircum—Pagi
1061 2327 1187 2381 dicuntur
1197 2329 1336 2400 ingentes,

275 2423 305 2462 nt
322 2424 349 2464 et
364 2421 457 2461 nostro
473 2405 529 2460 Eel.
547 2407 611 2457 Vll:
631 2407 680 2461 Vir
695 2408 778 2481 gregis
822 2407 863 2459 vel
878 2411 941 2479 quia
951 2410 1069 2481 compitis
1080 2421 1276 2479 opponuntnr;
1290 2409 1335 2462 vel

275 2493 328 2563 ipse
339 2507 422 2561 caper.
434 2487 483 2539 Ge.
494 2487 544 2564 lll:
556 2486 647 2538 ducem
659 2498 685 2538 et
691 2487 778 2558 pecori
823 2491 887 2560 quin
903 2493 1068 2561 inposterum
1088 2488 1192 2541 nobiles
1210 2503 1238 2541 et
1258 2507 1335 2562 opn-

274 2573 361 2623 disere
373 2569 512 2628 maritum
525 2567 572 2618 ini.
587 2565 653 2637 395;
666 2571 776 2638 proprie
822 2567 900 2630 lenti;
910 2570 1024 2640 velquia
1033 2569 1159 2622 exillisin
1168 2567 1267 2622 urbem
1275 2569 1334 2622 col-

272 2650 348 2704 stubit
358 2667 428 2700 sacer
438 2646 522 2698 hirnus
535 2645 570 2696 nd
582 2665 647 2698 arus.
660 2647 774 2698 Tuubm.
820 2646 896 2700 lectis
908 2647 1027 2702 Athenas
1035 2647 1158 2716 condidit
1170 2646 1304 2700 Theseus.

314 2729 374 2781 381.
401 2725 502 2777 Veteres
523 2725 615 2776 ineunt
633 2726 775 2796 proscenia
855 2727 916 2781 383.
932 2727 1048 2780 chsidoe
1057 2745 1170 2800 posuere.
1185 2726 1329 2798 ldenquie
1428 2773 1429 2786 ,

274 2807 340 2860 ludi.
353 2806 433 2856 Primi
449 2803 506 2855 ludi
522 2800 666 2856 theatrales
683 2821 715 2855 ex
730 2805 776 2855 Li·
819 2807 899 2876 primi
918 2807 1093 2862 Athenienses
1111 2807 1248 2860 Liberalia
1273 2823 1327 2861 sta-

272 2884 409 2940 beralibus
423 2883 480 2934 nati
496 2893 574 2933 sunt:
588 2879 650 2933 ideo
662 2884 715 2951 ait,
732 2901 774 2934 oe·
818 2897 935 2941 tuernnt.
948 2888 1064 2941 Tlsesidoe
1073 2887 1139 2940 dicti
1151 2907 1167 2940 a
1179 2906 1242 2960 rege
1255 2888 1325 2941 The·

274 2980 336 3020 teres
347 2964 412 3017 ludi.
424 2962 496 3016 Serv.
509 2991 543 3000 -
556 2959 700 3015 Pruseoenin
712 2977 774 3015 snut
817 2983 867 3020 seo.
880 2966 949 3020 Vide
961 2967 1096 3021 Plutarch,
1109 2970 1136 3019 in
1148 2966 1264 3020 Theseo.

271 3048 378 3123 pulpita
396 3056 458 3096 ante
481 3059 604 3108 scenam,
625 3043 653 3093 in
675 3044 772 3114 quibus
854 3047 915 3116 384.
934 3047 1060 3102 Mollibus
1079 3050 1107 3100 in
1129 3049 1211 3120 pratis
1234 3058 1323 3100 uncum

272 3128 377 3182 ludicro
389 3135 552 3178 exercentur.
806 3126 917 3180 ‘sulm
931 3147 979 3201 per
993 3139 1068 3181 usses.
1089 3127 1184 3180 Unctae
1199 3127 1242 3180 vel
1261 3127 1323 3180 oleo

308 3209 368 3262 382.
387 3204 508 3260 Premis.
532 3204 641 3256 llircum
665 3206 772 3277 tragicis
818 3207 860 3260 vel
877 3209 975 3262 lixivia.
992 3210 1025 3260 In
1041 3209 1122 3281 pratis
1138 3219 1226 3260 autem
1243 3205 1323 3274 ideo,

271 3292 358 3343 Poetis
366 3287 474 3360 premio
482 3284 666 3350 inisse‚docet
675 3287 771 3339 nces-
818 3305 852 3340 ne
864 3287 1023 3342 lederentur
1036 3287 1171 3340 cudentes.
1193 3287 1265 3339 Utres
1278 3306 1322 3340 re-

272 3369 368 3441 Scalig.
381 3369 455 3420 Poet.
468 3367 496 3430 l,
510 3364 560 3432 443
574 3378 601 3415 et
611 3365 635 3416 J.
645 3363 710 3416 Caes.
723 3367 772 3418 llu-
818 3385 849 3419 ro
862 3368 963 3422 fiebant
976 3369 1010 3422 ad
1024 3367 1224 3421 insultationem
1240 3370 1320 3422 etiarn

270 3451 341 3523 leng.
353 3450 378 3514 l,
392 3451 441 3508 503
454 3446 546 3497 Horat.
555 3446 586 3494 A.
594 3445 622 3495 P.
634 3465 641 3494 ε
654 3447 773 3497 Camino
817 3461 983 3500 mortuorum
993 3467 1154 3519 caprorum,
1164 3467 1200 3500 ne
1211 3447 1277 3518 quid
1289 3467 1319 3500 ex

270 3533 316 3602 qui
324 3527 419 3600 tropico
427 3525 504 3576 vilem
511 3525 769 3578 cenovitoblrircum.
815 3525 857 3579 his
869 3541 955 3593 esset,
970 3527 1044 3598 qnod
1056 3545 1111 3580 non
1128 3529 1237 3580 sentiret
1250 3528 1318 3596 inju-

270 3610 309 3658 lta
323 3618 411 3657 taurus
426 3601 541 3654 dabatur
552 3601 656 3672 Epiois;
671 3605 770 3676 Lyricis
815 3609 891 3660 riam.
903 3637 936 3646 -
945 3607 1058 3658 Snluere.
1069 3605 1221 3658 &cundum
1233 3617 1315 3657 artem

262 3691 376 3760 juvenca
388 3703 394 3731 ι
407 3679 524 3732 Bncoliei
535 3680 578 3732 vel
595 3681 650 3730 uini
662 3684 704 3734 vel
717 3683 771 3735 luo-
815 3685 920 3740 locutus
932 3699 980 3738 est.
993 3685 1062 3738 Nam
1077 3683 1150 3738 Salio
1164 3685 1234 3737 solui
1245 3682 1317 3735 dice-

270 3767 300 3817 tis
313 3761 441 3815 libatione
453 3771 529 3810 erant
544 3763 671 3812 contenti.
688 3763 768 3816 Teub.
814 3766 896 3820 bant:
912 3765 984 3818 unde
995 3778 1022 3817 et
1033 3764 1128 3817 Cicero
1137 3767 1190 3828 ait,
1200 3765 1229 3814 in
1238 3761 1316 3813 hlilo·

268 3840 431 3915 -Ingeniis
441 3839 515 3890 Hanc
527 3839 668 3892 lectionem
679 3841 770 3896 defen·
814 3849 914 3900 niune:
935 3849 998 3901 (itm
1018 3845 1059 3897 liic
1076 3845 1108 3894 dc
1125 3842 1205 3900 rheda
1226 3845 1314 3915 njetla

271 3925 310 3977 dit
329 3921 462 3994 lleynius,
484 3936 566 3989 quum
583 3922 638 3973 fere
653 3924 768 3978 universi
811 3926 910 3999 penula
921 3924 1066 3978 desiluisset.
1080 3921 1124 3974 Sic
1134 3923 1214 3974 etiam
1231 3921 1265 3973 ab
1279 3941 1313 3974 eo

269 4001 375 4056 codices
393 4011 419 4051 et
437 3997 499 4050 edit.
519 3999 662 4070 princeps,
681 4004 769 4057 ferent
815 4005 888 4077 quod
907 4019 947 4058 est
971 4007 1055 4070 Cano,
1078 4021 1133 4054 non
1152 4001 1246 4064 cecini,
1266 4001 1309 4054 sed

271 4085 383 4158 ingentes
389 4095 481 4151 pepon·
492 4079 588 4150 quihus
599 4080 713 4136 libenter
723 4085 769 4137 atl-
814 4087 892 4138 canui
909 4085 1052 4146 dicebnn13
1069 4081 1140 4135 unde
1157 4081 1308 4133 Sallustius:
