3000 4674
423 345 426 354 ’
520 389 572 454 ru
596 385 843 454 cesoclu
867 385 892 452 t.
1164 391 1228 458 ιιι

180 517 327 600 figimus,
340 515 445 574 innuit
454 511 614 586 exsilium,
628 509 676 570 vel
687 512 794 592 potius
805 511 897 592 tegit,
911 529 977 572 non
987 529 1081 574 ausus
1092 514 1232 595 proferre

186 625 251 686 pree
264 602 479 686 magnitudine
492 598 622 662 doloris.

227 693 256 754 6.
270 695 340 754 Non
353 704 518 774 rogaverat
531 687 712 763 Meliboeus,
727 686 813 748 unde
829 700 952 748 tantum
965 687 1088 749 bonum
1102 690 1232 752 accidis·

187 795 233 842 set
255 785 380 864 Tityro3
401 780 506 843 solum
525 776 723 840 cumdolore
741 777 948 838 mirabundus
971 792 1149 862 stupuerat,
1169 781 1233 842 sibi

187 890 252 930 non
264 871 443 953 contigisse,
460 869 628 950 contigisse
644 864 752 927 alteri:
770 865 823 927 sed
841 868 965 948 Tityrus
984 870 1077 948 gestit
1089 866 1235 931 benefac·

186 971 286 1019 torem
305 979 398 1020 suum
415 961 590 1040 Augustum
607 957 794 1038 praedicare,
811 977 906 1038 quem
923 957 1024 1016 Deum
1039 961 1196 1037 nominat,
1216 981 1235 1022 a

188 1065 252 1127 quo
262 1044 440 1108 libertatem
449 1049 491 1108 sit
500 1058 704 1119 consecutum
716 1064 790 1104 nam
800 1041 973 1104 libertatem
986 1045 1090 1126 signat
1099 1067 1156 1128 per
1165 1051 1235 1111 otiu.

226 1153 256 1216 7.
271 1137 341 1195 Non
361 1148 407 1196 est
426 1137 484 1196 ista
501 1135 613 1216 exigna
631 1133 716 1207 laus;
736 1131 868 1216 perinde
885 1148 946 1208 est,
968 1153 1004 1193 sc
1020 1133 1159 1196 sidicat:
1181 1137 1235 1198 alii

187 1221 397 1306 Imperatores
414 1239 484 1307 post
500 1239 633 1284 mortem
649 1224 721 1282 Divi
738 1219 911 1297 habentur,
929 1237 959 1282 et
975 1221 1141 1285 coluntur:
1156 1226 1236 1288 mihi

186 1313 347 1395 Augustus
362 1333 484 1395 semper
498 1315 558 1373 erit
571 1313 671 1388 Deus,
691 1313 785 1372 etiam
797 1315 914 1373 vivens.
934 1312 1036 1388 Quam
1052 1313 1093 1372 ob
1108 1335 1174 1374 rem
1189 1315 1236 1376 illi

187 1404 283 1462 etiam
298 1405 430 1478 viventi,
452 1416 487 1461 ut
500 1402 582 1477 Deo,
606 1422 691 1461 sacra
706 1400 818 1461 faciam
833 1404 922 1483 agnis
937 1404 1064 1481 teneris,
1086 1406 1140 1486 qui
1154 1425 1236 1488 saepe

188 1488 274 1552 illius
290 1511 376 1550 aram
390 1490 532 1550 imbuent
546 1487 647 1550 effuso
661 1491 823 1571 sanguine.

215 1597 257 1656 ·9.
265 1579 410 1658 Sequitur
419 1578 501 1638 ratio
511 1575 885 1659 duplex,curAugustum
893 1575 1060 1638 habiturus
1069 1577 1110 1638 sit
1118 1575 1237 1656 Deum3

188 1685 244 1727 eur
253 1665 300 1725 illi
308 1687 396 1727 sacra
405 1665 544 1728 facturus
557 1689 564 1725 ι
577 1669 666 1748 quia,
679 1670 878 1748 permittente
890 1668 1046 1747 Augusto,
1055 1665 1120 1748 jam
1132 1683 1237 1729 errant

189 1770 426 1837 pascunturque
437 1755 534 1816 libere
545 1755 640 1815 boves
654 1757 751 1836 Tityri
763 1781 770 1829 3
780 1756 847 1836 jam
861 1757 927 1837 ipse
939 1753 1151 1833 ludibundus,
1167 1775 1237 1839 quar

189 1838 271 1916 vult,
286 1846 385 1916 canit,
401 1846 526 1903 nemine
541 1843 730 1925 impediente
743 1842 922 1925 voluptates
935 1858 966 1903 et
980 1843 1102 1904 solatia.
1132 1919 1135 1926 ι

233 1950 277 1989 ιι.
288 1933 358 1991 Νοιι
368 1931 503 2009 invidet,
513 1932 565 1992 sed
576 1931 750 1992 admiratur
758 1933 922 1992 Meliboeus
933 1929 1117 1992 felicitatem
1127 1933 1238 2016 Tityri.

189 2015 340 2100 Adjungit
351 2019 570 2080 admirationis
585 2041 649 2081 suae
664 2023 818 2080 rationem
833 2019 933 2098 hane,
948 2021 1023 2101 quia
1035 2021 1068 2078 in
1083 2021 1237 2080 universis

189 2120 353 2187 pastorum
363 2110 445 2190 agris
454 2110 533 2168 mira
545 2121 592 2168 est
601 2129 705 2169 rerum
716 2107 928 2191 perturbatio,
943 2123 1037 2190 atque
1048 2106 1125 2167 adeo
1136 2109 1238 2169 iucre-

188 2190 284 2252 dibile
296 2214 385 2276 paene
397 2193 472 2271 luit,
490 2217 537 2256 res
554 2197 690 2256 obtineri
707 2199 861 2280 potuisse:
874 2194 969 2271 illud,
986 2215 1074 2277 usque
1089 2195 1175 2269 adeo,
1193 2209 1240 2256 est

189 2279 223 2337 in
246 2285 385 2342 tantum!
404 2284 513 2360 Qualis
529 2305 602 2343 vero
617 2283 714 2344 fuerit
730 2283 796 2345 haee
813 2280 1025 2366 perturbatio,
1042 2294 1072 2341 et
1091 2281 1239 2344 confusio

189 2387 351 2450 agrorum,
362 2369 505 2456 exemplo
516 2375 563 2433 sui
572 2371 689 2456 probat
699 2373 878 2436 Meliboeus.
889 2374 943 2432 Ait
954 2373 1054 2448 enim,
1066 2391 1103 2432 en
1115 2373 1173 2454 ipse
1184 2384 1238 2432 etc.

189 2595 220 2634 ιιι
238 2585 394 2659 simpliciter
410 2589 599 2662 intelligamus.
619 2589 692 2644 Male
737 2591 791 2644 rint
798 2607 907 2664 pascua.
916 2587 1067 2640 Invenimus
1075 2586 1156 2639 suam
1167 2583 1241 2658 apud

188 2665 262 2717 enim
281 2667 389 2738 quidam
407 2668 564 2743 allegoriam
580 2670 691 2723 volunt:
737 2673 916 2742 antiquiores,
926 2668 1062 2733 imbuere,
1073 2684 1193 2720 essenon
1203 2669 1242 2718 in-

191 2741 232 2795 'l'u
246 2743 351 2799 carmen
364 2747 398 2801 de
411 2749 477 2801 urbe
487 2751 573 2802 Roma
585 2769 694 2823 compo·
738 2751 852 2818 ohoare,
865 2747 912 2802 sed
929 2743 1093 2821 perfundere
1109 2759 1135 2800 et
1150 2745 1242 2800 made·

190 2825 231 2875 nis
248 2826 438 2881 celebrandum
458 2829 583 2882 omnibus
605 2833 692 2904 genti·
736 2827 998 2896 facere,secundum
1009 2825 1092 2898 quod,
1101 2826 1241 2880 absolutus

191 2902 249 2956 bus.
265 2906 325 2958 Plus
343 2911 413 2961 enim
430 2921 519 2982 stupet
536 2907 692 2978 Meliboeus,
738 2906 1241 2982 estsensus:utsitzsoepepqrsimdeffi.

191 2985 265 3038 siille
278 2989 315 3040 ita
327 3007 435 3042 securus
446 3005 500 3056 est,
508 3004 537 3042 ut
546 3003 651 3042 tantum
659 2989 692 3044 de
772 3007 798 3060 9.
808 2991 910 3042 Errare.
924 2988 956 3041 ld
967 2999 1021 3054 est,
1033 2989 1123 3058 pasei;
1134 2987 1241 3059 placide

192 3063 246 3115 suis
260 3068 395 3120 amoribus
409 3082 506 3122 cantet.
520 3071 590 3121 Seru.
741 3083 768 3124 et
785 3069 870 3122 libere
886 3068 995 3140 rugari,
1012 3083 1060 3117 suo
1077 3064 1176 3132 modo,
1193 3083 1242 3137 per

229 3159 253 3212 7.
264 3144 389 3218 Nataque
399 3149 449 3198 erit
462 3147 507 3199 ille
517 3148 585 3198 milri
596 3165 697 3219 semper
739 3163 832 3223 prata,
847 3149 913 3202 nihil
926 3158 1072 3200 metuentes
1085 3145 1243 3218 predonum

193 3221 270 3274 Deus.
279 3224 312 3275 Et
322 3227 429 3278 iteratio
439 3230 498 3300 ipsa
508 3227 619 3280 exclusit
629 3227 695 3280 adu·
739 3233 809 3297 vim,
822 3245 867 3283 aut
881 3229 967 3300 abigei
979 3227 1117 3279 scuticam.
1129 3225 1217 3279 Eram.

193 3299 302 3355 lationis
315 3304 441 3358 colorem.
452 3307 523 3359 Serv.
779 3305 1022 3380 11.Nonequidem
1034 3303 1146 3357 invideo.
1157 3305 1243 3358 Ercu-

120 3437 122 3442 ,
229 3381 255 3434 8.
279 3383 385 3436 Imbuet
401 3403 492 3457 equus.
514 3385 634 3436 imbuere
655 3397 695 3438 est
741 3403 782 3443 eat
801 3407 849 3456 se,
869 3407 903 3440 ne
921 3388 1048 3456 frequens
1068 3384 1244 3457 interrogatio

193 3467 304 3537 proprie
316 3465 461 3535 inchoare,
474 3479 500 3518 et
512 3468 626 3520 initiare.
641 3469 696 3520 Ne·
739 3469 874 3522 felicitatis
887 3466 979 3520 aliene
993 3483 1024 3518 ex
1040 3463 1141 3517 insidia
1152 3463 1243 3518 venire

193 3563 239 3596 mo
253 3557 341 3597 autem
358 3563 440 3599 unam
456 3544 622 3618 eandemque
639 3565 695 3598 rem
739 3549 861 3603 ridentur
871 3569 876 3598 :
888 3545 953 3598 dieit
962 3563 990 3598 se
1001 3542 1127 3598 admirari
1138 3548 1244 3618 potius,

194 3643 265 3697 saepe
283 3625 417 3678 inchoat:
438 3625 486 3678 sed
504 3639 609 3678 constat
625 3643 695 3699 saepe
742 3647 822 3702 quam
834 3626 963 3680 invidere.
977 3625 1047 3679 Seru.

193 3723 296 3778 pascua
324 3721 428 3760 mutare
455 3719 602 3778 pastores:
630 3711 698 3760 sieut
782 3727 822 3763 rs.
841 3708 975 3760 Turbatur
985 3705 1063 3780 agris.
1076 3705 1182 3759 Servius
1194 3705 1244 3758 hoe

112 3833 117 3843 ,
194 3789 276 3839 etiam
288 3789 316 3838 itt
330 3787 467 3860 Georgicis
484 3787 609 3859 legimus,
620 3787 698 3859 Itque
741 3789 860 3855 mavult,
872 3802 903 3840 nt
915 3785 1094 3860 impersonale
1110 3789 1244 3858 pertineat

192 3883 271 3937 pectes
289 3865 369 3942 longa
391 3869 419 3920 r'n
438 3867 535 3921 deserta
557 3868 614 3919 sine
632 3865 696 3921 ullis
743 3869 778 3921 ad
795 3887 887 3920 omnes
904 3866 1072 3940 generaliter.
1090 3866 1162 3918 Citat
1178 3885 1244 3918 rere

195 3945 449 4017 Hospitiisrtantum
456 3948 546 4019 campi
546 3950 635 4021 jacet!
644 3949 697 3999 Un·
739 3948 829 4000 loeum
841 3947 913 4000 hunc
922 3947 986 3999 Fab.
995 3945 1152 4014 Quintilian.
1164 3945 1210 3996 lib.
1220 3945 1243 4012 l,

195 4023 230 4078 sle
249 4046 356 4082 necesse
378 4043 434 4097 est,
455 4043 577 4102 pastores
598 4041 695 4082 totiens
740 4045 800 4100 rap.
816 4029 842 4096 4.
862 4026 934 4078 Totis
950 4043 1030 4098 usque
1046 4027 1110 4076 adeo
1124 4023 1248 4074 turbatur

196 4123 256 4172 urus
275 4108 411 4180 imbuere,
430 4113 554 4184 quotiens
572 4123 696 4167 mutave·
734 4109 822 4185 'tegrin
839 4109 909 4162 iuter
921 4123 965 4161 eas
977 4105 1094 4170 formas,
1110 4121 1167 4176 que
1179 4119 1245 4175 pro-
