2918 4682
359 393 410 457 ru
434 389 825 456 ceouorconuu
849 393 945 456 arn.
973 395 1022 458 11.
1152 395 1215 478 453

165 508 303 572 dullum:
316 517 350 574 iu
363 514 445 575 hanc
459 516 573 574 rimam
587 513 765 574 inserantur
775 513 894 575 feraces
905 515 1039 576 surculi:
1054 530 1126 596 post
1137 533 1216 576 tem·

166 620 226 680 pus
245 621 309 662 non
329 605 460 685 longum
481 605 630 664 exsistent
648 623 685 664 ex
704 601 766 664 hoc
786 604 912 666 surculo
931 607 1011 666 rami
1029 603 1217 680 felicissimi,

166 687 321 770 incogniti
341 707 454 754 trunco
474 692 535 768 illi,
558 692 715 774 arboaque
735 690 943 753 admirabitur
958 691 1086 753 frondes
1104 713 1218 768 novas,

167 795 263 856 poma
276 799 342 842 non
354 803 420 843 auu.

205 866 253 925 83.
268 868 408 932 Saeuum
422 891 495 933 runs
515 869 611 952 hujus
629 870 704 931 libri
719 871 860 932 continet
875 870 1014 930 diversas
1031 872 1150 952 species
1168 891 1218 930 ar·
1284 868 1287 876 ’

165 951 298 1016 borum:
318 974 349 1020 et
365 962 408 1021 ita
421 963 480 1036 uit,
499 981 565 1022 non
578 979 641 1022 esse
655 981 755 1042 genus
770 981 869 1020 unum
883 958 1057 1034 ulmorum,
1071 959 1219 1036 salicum,

165 1035 320 1122 lotorum,
345 1069 573 1130 cupressorum.
600 1051 794 1109 Postremum
818 1049 952 1130 speciem
978 1046 1090 1108 Iduum
1110 1061 1219 1122 vocnt,

167 1130 243 1210 quia
255 1132 341 1195 illius
355 1134 440 1198 ferax
452 1152 498 1198 est
510 1139 565 1199 lda
579 1158 671 1198 mons
683 1139 790 1198 Cretae.

207 1219 254 1280 85.
271 1223 446 1287 Constituit
457 1240 519 1288 tres
532 1228 649 1309 species
662 1225 832 1299 olivarum3
845 1224 1033 1291 orchadum,
1043 1224 1220 1300 radiorum,

164 1309 291 1386 pausiae.
303 1312 415 1375 Primae
425 1336 539 1375 nomen
551 1313 671 1374 habent
681 1335 699 1374 u
708 1312 923 1387 rotunditate;
935 1310 1082 1374 secundae
1092 1333 1110 1370 a
1120 1309 1222 1391 figura

165 1391 314 1477 oblonga;
329 1416 487 1482 postrema
501 1425 520 1462 a
534 1402 701 1485 paviendo.
1169 1453 1171 1462 .

207 1482 255 1564 87.
268 1484 316 1546 Ab
328 1493 410 1570 agris
421 1494 533 1552 transit
545 1493 583 1552 ad
597 1491 721 1566 hortos,
735 1507 766 1552 et
779 1494 837 1567 ait,
851 1511 945 1574 poma
957 1491 968 1568 (
976 1503 1023 1550 est
1032 1487 1092 1551 hoc
1103 1509 1223 1549 nomen

167 1571 312 1648 generale
327 1578 366 1638 ad
382 1579 479 1658 mele,
496 1579 536 1641 ed
548 1601 640 1663 pyra,
651 1581 690 1641 ad
704 1580 837 1660 similia)
851 1596 947 1660 atque
958 1575 1120 1636 hortenses
1130 1573 1222 1637 arbo·

165 1803 268 1859 quoque
300 1804 402 1848 teretem
434 1801 513 1852 enodi
541 1801 672 1874 fmtioare
716 1791 1221 1864 mtur,sulu,latum,multaeqnealioe

168 1873 267 1920 imm·
281 1872 365 1928 ΕΜ.
716 1899 797 1934 voces
810 1879 974 1932 derivantur.
987 1875 1087 1928 Arabes
1098 1872 1223 1924 arborem

204 1961 245 2017 79·
256 1950 379 2006 finditur
390 1957 417 2008 in
431 1957 551 2012 solidum.
565 1961 600 2012 Ut
612 1960 673 2012 soli·
717 1973 816 2013 vocant
829 1959 920 2023 Seuer,
941 1959 1058 2008 fructum
1072 1952 1178 2017 Nabla,
1196 1963 1224 2004 et

168 2020 204 2114 da
220 2029 254 2078 sit
269 2031 329 2102 ipsa
346 2033 432 2102 fissio,
452 2051 478 2090 et
499 2056 553 2090 non
573 2039 672 2092 hubent
716 2030 1223 2112 fingendoruminpsrodiuosuoabun·

168 2120 248 2159 runos
261 2123 307 2162 eut
320 2112 436 2168 fissures,
445 2117 511 2170 Pliu.
523 2119 611 2183 XVII,
626 2119 669 2185 14:
717 2118 796 2186 dare,
810 2121 969 2188 fructusque
982 2114 1053 2168 illius
1066 2132 1082 2166 a
1096 2111 1222 2164 formosis

171 2184 242 2237 «Per
258 2191 349 2246 media
363 2208 460 2249 trunco
479 2197 576 2250 leniter
592 2196 671 2261 lisso,
717 2197 873 2250 mulieribus
881 2195 967 2247 Houri
973 2193 1052 2245 dictis
1061 2191 1162 2264 porrigi
1173 2189 1223 2242 ad·

171 2284 332 2342 truncoque
349 2278 423 2328 tenui
439 2273 560 2328 fissuram
580 2289 671 2329 custo·
716 2275 885 2330 venientibus
911 2274 1032 2324 mortuis.
1053 2270 1149 2342 Odyaa.
1170 2269 1222 2337 lX,

172 2343 299 2415 ediante,
320 2351 406 2406 donec
423 2354 586 2425 cuspidatim
601 2353 673 2408 deci·
717 2374 760 2427 9²·
772 2356 838 2407 Plin.
849 2355 923 2419 XVI,
934 2351 982 2420 44,
996 2350 1038 2404 53.
1053 2350 1086 2402 V.
1101 2351 1132 2401 G.

173 2446 184 2468 ι
194 2441 239 2476 sus
263 2427 410 2486 descendat
430 2435 458 2486 in
481 2435 576 2495 rimam
598 2435 672 2486 cala·
753 2436 796 2487 86.
810 2431 946 2486 omlaues.
955 2431 1022 2481 Plin·
1034 2430 1092 2494 XV,
1106 2445 1115 2478 ¹
1128 2451 1134 2479 τ
1149 2452 1160 2474 ·
1170 2427 1222 2479 Ge·

174 2525 186 2548 ·
196 2523 263 2558 mus.
275 2531 286 2556 ι
300 2511 409 2564 Taubm.
718 2533 785 2567 nera
799 2513 920 2566 oleorum
934 2513 987 2562 tria
1001 2509 1068 2561 dixit
1081 2506 1224 2580 Virgilius,

205 2586 248 2638 82.
261 2589 426 2666 Miraturque
437 2612 524 2646 nouus.
536 2594 604 2662 Quis
619 2612 673 2646 non
719 2595 850 2660 orchites,
870 2605 897 2646 et
914 2590 1021 2655 radios,
1038 2601 1064 2642 et
1078 2589 1220 2661 pausiam

169 2663 296 2736 miretur,
316 2669 436 2725 Servium
460 2673 594 2726 interdum
618 2692 674 2726 noo
718 2667 1226 2743 sedvarr01‚st,octogenera;(20-

171 2747 270 2800 servire
280 2750 375 2804 nobis?
385 2752 441 2805 vult
453 2751 498 2805 lric
508 2771 558 2804 nos
569 2753 672 2826 legere:
721 2755 784 2809 lum.
802 2757 835 2820 V,
851 2753 881 2819 8,
902 2752 995 2806 decem
1007 2763 1158 2803 numerant.
1178 2749 1226 2802 Est

169 2823 268 2879 Mirum
285 2838 371 2905 estque
388 2853 480 2900 nouas,
500 2845 530 2885 ut
546 2846 598 2886 utet
617 2852 676 2887 ver·
721 2849 810 2889 autem
821 2834 932 2899 Ochus,
945 2833 1000 2885 sive
1011 2829 1226 2901 omittimus

171 2922 230 2974 sus,
243 2914 319 2980 quasi
332 2932 396 2966 vero
409 2914 503 2979 cadat,
517 2915 541 2966 ei
551 2914 674 2988 legatur:
722 2919 759 2970 ita
772 2935 833 2968 cum
845 2913 933 2966 Plinio
945 2912 1010 2984 legit
1022 2910 1103 2975 Ceto,
1116 2913 1224 2977 Festus,

169 2986 334 3064 Miraturque
346 3013 433 3046 nouas.
441 2995 530 3048 Nouus
539 2995 605 3048 dicit
611 2998 675 3050 Poe·
719 3009 746 3049 et
757 2994 877 3048 Turneb.
892 2993 980 3056 xxii,
995 2991 1027 3062 a)
1045 3009 1130 3063 genus
1144 2988 1226 3055 olere,

172 3076 201 3117 ta
212 3085 265 3119 non
276 3089 341 3124 suar.
353 3073 443 3126 Cerut.
719 3075 820 3127 dictum
832 3069 885 3126 uiui
894 3073 939 3126 adr
950 3067 1046 3138 ὁρκίων,
1059 3068 1130 3142 quod
1138 3070 1171 3120 3ἱὶ
1179 3080 1227 3122 tet·

209 3148 251 3214 84.
265 3149 352 3203 Salici.
372 3152 436 3206 Plin.
450 3155 524 3220 xvi,
541 3153 590 3224 37,
612 3169 674 3208 octo
719 3153 859 3208 ticulumm
880 3149 1083 3224 muqnitudinis‚
1104 3161 1135 3199 ut
1153 3149 1224 3201 Fest-

171 3229 366 3298 generasslicis
375 3235 672 3308 recenset—lotoque.
721 3236 766 3286 ait.
782 3233 891 3285 Taulm·
905 3259 940 3270 -ν
951 3227 1038 3280 stadil-
1051 3225 1149 3292 olive,
1159 3229 1197 3280 ἰῑῦ
1209 3246 1226 3281 8

172 3307 254 3360 Lotos
262 3309 386 3384 Nympha
393 3311 516 3384 quaedam
523 3315 584 3380 fuit,
594 3332 675 3385 quum
719 3311 917 3385 longinquitate
927 3305 1065 3358 radiorum
1072 3307 1225 3359 nominata.

174 3391 675 3465 quumamatamPriapuspcrsequere-
720 3421 755 3431 -
772 3390 872 3442 ΛΜΝ
890 3385 984 3459 Wfl'a
1005 3387 1089 3438 lm·
1111 3385 1191 3438 Olim
1209 3404 1227 3439 ⁸

174 3481 231 3535 tur,
241 3469 407 3524 illadeorum
415 3475 585 3526 miseratione
596 3475 623 3526 in
634 3494 675 3527 ar·
721 3468 856 3544 paviendo
867 3467 953 3532 dicta,
967 3465 993 3518 id
1005 3479 1059 3532 est,
1070 3464 1225 3519 tundendo:

174 3549 267 3603 horem
287 3570 418 3605 conversa
438 3567 492 3622 est,
514 3573 572 3626 quae
595 3555 675 3628 vulgo
723 3551 800 3603 aliter
812 3550 883 3602 enim
896 3565 927 3599 ex
941 3564 970 3598 sc
983 3545 1072 3599 oleum
1084 3564 1139 3597 non
1151 3546 1226 3598 lacit.

174 3628 239 3682 faba
246 3628 351 3702 Syriaca
358 3630 463 3684 dicitur.
470 3633 677 3688 S.-l'raeterlo·
722 3629 921 3684 Ammontem
934 3625 1010 3678 tucca
1022 3625 1117 3695 viridi,
1132 3639 1162 3679 ut
1178 3625 1227 3678 ali·

176 3721 231 3762 tum
240 3710 273 3763 ab
281 3712 397 3764 Homero
405 3711 553 3782 laudatam,
561 3713 676 3768 etlumen
721 3710 764 3776 bi,
776 3707 892 3762 mauu
900 3717 979 3780 atque
987 3706 1047 3778 apio
1057 3707 1138 3760 crines
1150 3724 1228 3758 arna-

174 3790 362 3866 Nymphaeam,
375 3793 464 3846 multu
477 3795 587 3848 arbores
598 3814 678 3868 peco·
723 3799 763 3842 tus
776 3805 884 3842 umaro:
898 3786 926 3838 id
939 3799 994 3851 ests
1006 3786 1103 3838 Vlsldl²
1118 3805 1181 3839 ΜΝ
1193 3785 1226 3838 ‘¹⁶

175 3874 198 3924 fi
216 3871 424 3945 hominibusque
442 3876 541 3926 vietum
559 3875 678 3946 praeben.
722 3869 817 3941 pausia
829 3865 914 3918 viride
924 3865 1013 3917 oleum
1024 3864 1065 3926 fit;
1078 3865 1148 3918 unde
1159 3882 1226 3917 con-

175 3963 215 4004 tea
228 3951 279 4004 hac
294 3951 475 4024 appellatione
493 3951 676 4026 designantur.
723 3963 765 4002 tra
777 3947 855 4002 dulce
866 3947 974 4013 dicitur,
985 3966 1040 4000 non
1049 3945 1143 3998 viride.
1154 3948 1225 3999 Seru.

176 4031 251 4083 Patet
262 4034 343 4104 igitur
356 4033 464 4088 subesse
473 4031 537 4086 huic
547 4035 608 4087 roci
619 4053 681 4088 sen·
760 4030 803 4100 87.
817 4029 960 4100 Pomaque.
980 4025 1101 4102 Subaudi
1116 4046 1131 4078 a
1147 4044 1225 4098 supe-

177 4127 236 4164 rum
254 4113 397 4186 quemdam
415 4115 591 4178 muenia·
615 4114 679 4171 hinc
725 4112 855 4181 rioribus,
868 4113 930 4167 Non
942 4129 1024 4166 uuam
1037 4121 1185 4166 nuscuntur
1197 4110 1230 4166 iu
