3000 4674
266 375 331 442 208
382 372 417 438 P.
441 371 663 436 VlRGlLll
686 371 907 438 MARONlS
930 371 1192 439 MORETUM.

266 499 343 562 lam
355 495 464 574 famis,
478 494 581 584 inque
594 491 682 558 diem
696 515 831 558 securus
843 493 987 560 Simulus
999 493 1103 576 illem,
1274 523 1320 556 m

223 681 226 686 Ι
266 601 378 668 Ambit
390 601 486 666 cru'ra
500 599 605 665 ocreis
617 597 767 689 poribus,
780 614 953 690 tectusque
966 599 1077 688 galero

265 707 335 773 Sub
343 706 422 796 juge
435 721 588 794 parentes
601 706 689 793 cogit
700 704 804 771 lorata
811 705 989 796 juvencos,

266 817 376 901 Atque
387 813 454 898 agit
466 813 500 876 in
512 827 655 898 segetes,
669 825 702 876 et
714 827 809 876 terrae
821 809 936 878 condit
946 827 1101 878 aratrum.

266 1001 323 1036 vett.
333 987 388 1036 edd.
399 992 477 1052 recipit
487 986 538 1035 lotis
549 987 659 1034 manure.
671 1013 702 1025 -
714 1001 765 1035 reu.
776 991 828 1034 Iam
833 989 907 1054 famis
916 1006 929 1037 e
939 1004 981 1036 ma.
993 987 1088 1036 Kaelcr.
1098 991 1192 1053 reposui
1202 1005 1246 1053 pro
1255 991 1318 1037 llorc

263 1061 449 1126 fomis—123.
463 1069 528 1108 terre
542 1063 641 1106 immittit
655 1076 677 1110 o.
695 1076 737 1107 ma.
753 1073 852 1126 utcpque
860 1095 868 1118 ‚
885 1077 914 1109 cx
926 1062 1147 1124 interpretamento:
1158 1075 1239 1110 vomer
1250 1074 1319 1108 terra

269 1131 384 1176 iamim
395 1129 446 1176 tolo
460 1129 578 1178 conditur.

306 1279 364 1316 121.
382 1263 513 1317 Cmmiuis
531 1263 607 1335 lepos
627 1282 712 1336 utque
734 1263 770 1316 ad
813 1265 879 1337 pitia
904 1277 1104 1336 tegumentum,
1129 1262 1316 1336 propulsando

268 1357 415 1397 extremum
422 1355 540 1396 serratus
547 1341 675 1406 delectat;
685 1362 770 1396 ocreae
815 1342 878 1396 solia
888 1343 982 1397 calori.
991 1343 1025 1397 de
1038 1363 1092 1415 quo
1100 1343 1155 1395 vid.
1169 1363 1227 1415 quat
1238 1356 1318 1394 nota·

270 1435 347 1477 erant
373 1422 545 1475 calceamenti
569 1441 670 1494 genua,
692 1441 771 1477 crura
814 1425 899 1486 rimus
913 1423 948 1476 ad
957 1423 1031 1475 Grat.
1041 1443 1066 1476 v.
1080 1424 1141 1492 340.
1154 1423 1184 1476 C.
1194 1425 1238 1474 W.

270 1483 330 1574 lpse
338 1503 473 1566 vinciens,
486 1519 540 1572 quo
549 1501 709 1568 utebamur,
723 1503 770 1573 qui
854 1519 911 1556 rac.
923 1505 995 1575 Jupa
1012 1501 1096 1554 locata
1107 1503 1243 1554 Vitruvius
1253 1501 1318 1554 sub·

272 1601 340 1656 opus
352 1601 413 1634 rure
423 1581 568 1646 faciebant,
577 1580 700 1653 agricole²
709 1617 718 1646 ‚
728 1599 772 1634 vc·
807 1581 948 1654 juqiorum
965 1579 1022 1634 lora
1034 1582 1140 1634 vocavit
1151 1580 1198 1632 lib.
1210 1581 1249 1632 X:
1263 1581 1320 1632 Ee·

271 1677 387 1715 nataret.
398 1661 432 1712 lli
442 1673 468 1712 et
478 1660 610 1713 cothurni.
623 1659 684 1712 Vid.
696 1661 769 1734 Virg.
815 1659 874 1711 clem
893 1660 994 1712 ratione
1010 1663 1151 1736 jumenta,
1172 1679 1233 1712 cum
1246 1662 1318 1733 juga

271 1742 320 1795 Ge.
334 1743 373 1806 11,
386 1741 410 1794 Β.
424 1751 451 1792 et
466 1738 539 1791 Serv.
553 1739 589 1791 ud
599 1739 657 1790 AEn.
669 1741 696 1804 1,
709 1739 769 1792 336.
816 1756 906 1791 eorum
923 1737 1106 1812 sulg'uqiorum
1124 1738 1185 1792 loris
1200 1757 1249 1812 per
1264 1757 1319 1789 mc-

271 1822 358 1874 Etiam
370 1819 495 1870 Horatius
504 1818 558 1872 Sat.
568 1820 608 1887 ll,
620 1818 651 1884 3,
662 1818 729 1886 234,
738 1817 772 1872 de
817 1816 889 1869 dium
900 1829 1093 1889 temperuntur,
1110 1817 1250 1892 equaliter
1265 1829 1318 1870 tm·

271 1898 305 1952 da
317 1910 444 1952 venatore
457 1919 462 1948 :
476 1897 513 1948 Iu
525 1896 585 1948 uiue
594 1897 702 1950 Lucam
711 1896 772 1948 dor·
818 1895 883 1950 tunt
891 1917 979 1950 onera.
991 1897 1059 1952 Ceto
1070 1899 1193 1974 subjugia
1203 1897 1260 1952 lora
1269 1917 1318 1951 vo·

273 1977 458 2030 misceremus.
470 1975 639 2030 Vitalium
651 1976 687 2029 ad
695 1975 771 2029 Grat.
816 1990 868 2030 cat.
881 1977 1014 2030 Lindenb.

273 2074 299 2108 v.
310 2055 376 2122 338,
388 2057 525 2108 ctNemes.
536 2074 579 2126 9⁰.
590 2054 699 2109 Gaurus
705 2075 772 2128 quo·
854 2055 911 2110 123.
927 2057 1027 2129 Segetes
1038 2075 1088 2129 pro
1101 2059 1187 2130 agris,
1204 2069 1234 2110 ut
1242 2058 1317 2144 Vir-g.

274 2154 325 2209 que
337 2146 395 2189 erat
407 2137 535 2188 rusticum
545 2147 573 2189 et
581 2135 717 2208 pastorale
726 2155 772 2190 ca·
815 2136 890 2206 oet,
898 2138 940 2207 47.
949 2147 1020 2189 terre
1028 2137 1317 2192 immittitmtllelmat.
1415 2187 1421 2196 ,

203 2503 206 2510 ⁴
316 2471 357 2530 N.
370 2470 406 2528 B.
421 2466 546 2548 Virgilii
558 2468 665 2528 omnia
678 2486 773 2549 opera
785 2463 952 2527 concludet
967 2485 1097 2548 sequens
1113 2467 1238 2528 Moneri
1252 2486 1320 2526 ver·

276 2558 340 2631 sio,
352 2577 447 2638 quarn
459 2559 576 2618 Graecis
586 2556 724 2616 versibus
736 2558 887 2637 expressit
897 2556 1020 2637 elegans
1035 2575 1092 2617 nec
1104 2557 1181 2618 actia
1192 2555 1320 2623 laudata

277 2645 393 2705 nostris
404 2641 601 2726 temporibus
613 2644 705 2704 Musa
718 2646 890 2712 Scaurcrnr.
905 2645 942 2708 N.
955 2643 990 2706 E.
1003 2645 1037 2705 1..
