<?xml version="1.0" encoding="UTF-8"?>
<!DOCTYPE html PUBLIC "-//W3C//DTD XHTML 1.0 Transitional//EN"
    "http://www.w3.org/TR/xhtml1/DTD/xhtml1-transitional.dtd">
<html xmlns="http://www.w3.org/1999/xhtml" xml:lang="en" lang="en">
 <head>
  <title>
</title>
<meta http-equiv="Content-Type" content="text/html;charset=utf-8" />
  <meta name='ocr-system' content='tesseract 3.04.00' />
  <meta name='ocr-capabilities' content='ocr_page ocr_carea ocr_par ocr_line ocrx_word'/>
</head>
<body>
  <div class='ocr_page' id='page_1' title='image "./pvirgiliusmaroq04barbgoog_0220.png"; bbox 0 0 3000 4674; ppageno 0'>
   <div class='ocr_carea' id='block_1_1' title="bbox 177 339 1337 3673">
    <p class='ocr_par' dir='ltr' id='par_1_1' title="bbox 261 339 1052 438">
     <span class='ocr_line' id='line_1_1' title="bbox 261 339 1052 438; baseline -0.008 -24"><span class='ocrx_word' id='word_1_1' title='bbox 261 345 326 417; x_wconf 73' lang='lat' dir='ltr'>sie</span> <span class='ocrx_word' id='word_1_2' title='bbox 363 409 368 422; x_wconf 83' lang='grc'><strong><em>,</em></strong></span> <span class='ocrx_word' id='word_1_3' title='bbox 656 339 908 409; x_wconf 82' lang='lat' dir='ltr'>EDITORIS</span> <span class='ocrx_word' id='word_1_4' title='bbox 1050 433 1052 438; x_wconf 23' lang='grc' dir='ltr'>Ι</span> 
     </span>
    </p>

    <p class='ocr_par' dir='ltr' id='par_1_2' title="bbox 221 462 1304 565">
     <span class='ocr_line' id='line_1_2' title="bbox 221 462 1304 565; baseline 0 -27"><span class='ocrx_word' id='word_1_5' title='bbox 221 463 223 470; x_wconf 75' lang='grc'><em>’</em></span> <span class='ocrx_word' id='word_1_6' title='bbox 260 471 386 556; x_wconf 85' lang='lat' dir='ltr'>triam,</span> <span class='ocrx_word' id='word_1_7' title='bbox 410 479 444 538; x_wconf 87' lang='lat' dir='ltr'>et</span> <span class='ocrx_word' id='word_1_8' title='bbox 463 467 640 565; x_wconf 75' lang='lat' dir='ltr'><strong>optimam</strong></span> <span class='ocrx_word' id='word_1_9' title='bbox 662 469 701 538; x_wconf 90' lang='lat' dir='ltr'>in</span> <span class='ocrx_word' id='word_1_10' title='bbox 723 469 859 538; x_wconf 80' lang='lat' dir='ltr'>emissis</span> <span class='ocrx_word' id='word_1_11' title='bbox 880 462 1101 538; x_wconf 80' lang='lat' dir='ltr'>editionibus</span> <span class='ocrx_word' id='word_1_12' title='bbox 1122 467 1212 538; x_wconf 85' lang='lat' dir='ltr'>tanti</span> <span class='ocrx_word' id='word_1_13' title='bbox 1234 465 1304 538; x_wconf 88' lang='lat' dir='ltr'>viri</span> 
     </span>
    </p>

    <p class='ocr_par' dir='ltr' id='par_1_3' title="bbox 261 577 1308 682">
     <span class='ocr_line' id='line_1_3' title="bbox 261 577 1308 682; baseline -0.005 -29"><span class='ocrx_word' id='word_1_14' title='bbox 261 583 506 682; x_wconf 77' lang='lat' dir='ltr'>diligentiam,</span> <span class='ocrx_word' id='word_1_15' title='bbox 520 606 661 680; x_wconf 79' lang='lat' dir='ltr'><strong>semper</strong></span> <span class='ocrx_word' id='word_1_16' title='bbox 672 597 774 680; x_wconf 91' lang='lat' dir='ltr'>grato</span> <span class='ocrx_word' id='word_1_17' title='bbox 788 584 1017 678; x_wconf 78' lang='lat' dir='ltr'><strong>memorique</strong></span> <span class='ocrx_word' id='word_1_18' title='bbox 1035 583 1159 652; x_wconf 87' lang='lat' dir='ltr'>animo</span> <span class='ocrx_word' id='word_1_19' title='bbox 1178 577 1308 677; x_wconf 82' lang='lat' dir='ltr'>praedi-</span> 
     </span>
    </p>

    <p class='ocr_par' dir='ltr' id='par_1_4' title="bbox 261 682 1309 908">
     <span class='ocr_line' id='line_1_4' title="bbox 261 682 1308 795; baseline -0.005 -27"><span class='ocrx_word' id='word_1_20' title='bbox 261 701 437 768; x_wconf 84' lang='lat' dir='ltr'>cavimus.</span> <span class='ocrx_word' id='word_1_21' title='bbox 462 695 498 767; x_wconf 91' lang='lat' dir='ltr'>Si</span> <span class='ocrx_word' id='word_1_22' title='bbox 524 695 676 795; x_wconf 90' lang='lat' dir='ltr'>quando</span> <span class='ocrx_word' id='word_1_23' title='bbox 701 698 898 768; x_wconf 87' lang='lat' dir='ltr'>Variorum</span> <span class='ocrx_word' id='word_1_24' title='bbox 922 693 1068 767; x_wconf 90' lang='lat' dir='ltr'>notulas</span> <span class='ocrx_word' id='word_1_25' title='bbox 1091 682 1246 792; x_wconf 80' lang='lat' dir='ltr'>adjicere</span> <span class='ocrx_word' id='word_1_26' title='bbox 1271 705 1308 764; x_wconf 88' lang='lat' dir='ltr'>et</span> 
     </span>
     <span class='ocr_line' id='line_1_5' title="bbox 262 808 1309 908; baseline -0.002 -28"><span class='ocrx_word' id='word_1_27' title='bbox 262 826 401 882; x_wconf 89' lang='lat' dir='ltr'>nostras</span> <span class='ocrx_word' id='word_1_28' title='bbox 415 814 522 881; x_wconf 87' lang='lat' dir='ltr'>etiam</span> <span class='ocrx_word' id='word_1_29' title='bbox 539 813 694 882; x_wconf 88' lang='lat' dir='ltr'>inserere</span> <span class='ocrx_word' id='word_1_30' title='bbox 710 813 829 883; x_wconf 86' lang='lat' dir='ltr'>visum</span> <span class='ocrx_word' id='word_1_31' title='bbox 845 808 973 898; x_wconf 79' lang='lat' dir='ltr'>fuerit,</span> <span class='ocrx_word' id='word_1_32' title='bbox 993 809 1095 908; x_wconf 92' lang='lat' dir='ltr'>quod</span> <span class='ocrx_word' id='word_1_33' title='bbox 1112 811 1255 906; x_wconf 87' lang='lat' dir='ltr'>parcius</span> <span class='ocrx_word' id='word_1_34' title='bbox 1271 821 1309 878; x_wconf 87' lang='lat' dir='ltr'>et</span> 
     </span>
    </p>

    <p class='ocr_par' dir='ltr' id='par_1_5' title="bbox 228 923 1308 1369">
     <span class='ocr_line' id='line_1_6' title="bbox 228 923 1308 1023; baseline -0.003 -28"><span class='ocrx_word' id='word_1_35' title='bbox 228 973 231 980; x_wconf 36' lang='grc' dir='ltr'><strong><em>ι</em></strong></span> <span class='ocrx_word' id='word_1_36' title='bbox 261 949 330 1023; x_wconf 92' lang='lat' dir='ltr'>pro</span> <span class='ocrx_word' id='word_1_37' title='bbox 341 927 546 996; x_wconf 87' lang='lat' dir='ltr'>necessitate</span> <span class='ocrx_word' id='word_1_38' title='bbox 555 941 698 997; x_wconf 87' lang='lat' dir='ltr'>tantum</span> <span class='ocrx_word' id='word_1_39' title='bbox 708 923 1116 1014; x_wconf 87' lang='lat' dir='ltr'>eveniet,illasauctoris</span> <span class='ocrx_word' id='word_1_40' title='bbox 1126 923 1308 1022; x_wconf 81' lang='lat' dir='ltr'>cujusque</span> 
     </span>
     <span class='ocr_line' id='line_1_7' title="bbox 263 1037 1307 1140; baseline -0.004 -28"><span class='ocrx_word' id='word_1_41' title='bbox 263 1065 400 1112; x_wconf 91' lang='lat' dir='ltr'>nomen</span> <span class='ocrx_word' id='word_1_42' title='bbox 423 1040 608 1112; x_wconf 87' lang='lat' dir='ltr'>distinctas</span> <span class='ocrx_word' id='word_1_43' title='bbox 630 1039 804 1140; x_wconf 83' lang='lat' dir='ltr'>signabit3</span> <span class='ocrx_word' id='word_1_44' title='bbox 828 1057 937 1139; x_wconf 89' lang='lat' dir='ltr'>atque</span> <span class='ocrx_word' id='word_1_45' title='bbox 958 1044 1008 1112; x_wconf 87' lang='lat' dir='ltr'>ita</span> <span class='ocrx_word' id='word_1_46' title='bbox 1032 1037 1307 1137; x_wconf 88' lang='lat' dir='ltr'>implebuntur,</span> 
     </span>
     <span class='ocr_line' id='line_1_8' title="bbox 263 1153 1308 1254; baseline -0.001 -29"><span class='ocrx_word' id='word_1_47' title='bbox 263 1179 347 1252; x_wconf 90' lang='lat' dir='ltr'>quae</span> <span class='ocrx_word' id='word_1_48' title='bbox 366 1153 412 1225; x_wconf 88' lang='lat' dir='ltr'>de</span> <span class='ocrx_word' id='word_1_49' title='bbox 432 1153 678 1254; x_wconf 85' lang='lat' dir='ltr'>Philargyrio,</span> <span class='ocrx_word' id='word_1_50' title='bbox 698 1155 872 1244; x_wconf 88' lang='lat' dir='ltr'>Heinsiis,</span> <span class='ocrx_word' id='word_1_51' title='bbox 894 1156 1108 1226; x_wconf 89' lang='lat' dir='ltr'>Burmanno</span> <span class='ocrx_word' id='word_1_52' title='bbox 1123 1169 1157 1224; x_wconf 92' lang='lat' dir='ltr'>et</span> <span class='ocrx_word' id='word_1_53' title='bbox 1172 1155 1308 1224; x_wconf 79' lang='lat' dir='ltr'>caeteris</span> 
     </span>
     <span class='ocr_line' id='line_1_9' title="bbox 263 1267 1307 1369; baseline -0.002 -30"><span class='ocrx_word' id='word_1_54' title='bbox 263 1268 487 1368; x_wconf 85' lang='lat' dir='ltr'>excerpenda</span> <span class='ocrx_word' id='word_1_55' title='bbox 499 1273 749 1341; x_wconf 84' lang='lat' dir='ltr'>nuntiavimus</span> <span class='ocrx_word' id='word_1_56' title='bbox 759 1273 861 1369; x_wconf 90' lang='lat' dir='ltr'>(pag.</span> <span class='ocrx_word' id='word_1_57' title='bbox 870 1269 918 1368; x_wconf 84' lang='lat' dir='ltr'>xij</span> <span class='ocrx_word' id='word_1_58' title='bbox 931 1267 1152 1340; x_wconf 79' lang='lat' dir='ltr'>Praefationis</span> <span class='ocrx_word' id='word_1_59' title='bbox 1163 1283 1307 1356; x_wconf 85' lang='lat' dir='ltr'>nostrae,</span> 
     </span>
    </p>

    <p class='ocr_par' dir='ltr' id='par_1_6' title="bbox 263 1381 1306 1483">
     <span class='ocr_line' id='line_1_10' title="bbox 263 1381 1306 1483; baseline 0 -29"><span class='ocrx_word' id='word_1_60' title='bbox 263 1385 301 1476; x_wconf 69' lang='lat' dir='ltr'>S.</span> <span class='ocrx_word' id='word_1_61' title='bbox 331 1381 398 1480; x_wconf 84' lang='lat'>3):</span> <span class='ocrx_word' id='word_1_62' title='bbox 422 1388 471 1456; x_wconf 90' lang='lat' dir='ltr'>ita</span> <span class='ocrx_word' id='word_1_63' title='bbox 493 1409 645 1483; x_wconf 90' lang='lat' dir='ltr'>quoque</span> <span class='ocrx_word' id='word_1_64' title='bbox 667 1407 735 1456; x_wconf 88' lang='lat' dir='ltr'>nos</span> <span class='ocrx_word' id='word_1_65' title='bbox 759 1383 1004 1456; x_wconf 89' lang='lat' dir='ltr'>illustrissimo</span> <span class='ocrx_word' id='word_1_66' title='bbox 1024 1386 1199 1482; x_wconf 78' lang='lat' dir='ltr'>scriptori</span> <span class='ocrx_word' id='word_1_67' title='bbox 1220 1384 1306 1456; x_wconf 81' lang='lat' dir='ltr'>Joa.</span> 
     </span>
    </p>

    <p class='ocr_par' dir='ltr' id='par_1_7' title="bbox 263 1496 1310 2287">
     <span class='ocr_line' id='line_1_11' title="bbox 263 1496 1308 1598; baseline -0.001 -30"><span class='ocrx_word' id='word_1_68' title='bbox 263 1499 397 1570; x_wconf 75' lang='lat' dir='ltr'>Hntnn.</span> <span class='ocrx_word' id='word_1_69' title='bbox 414 1501 511 1571; x_wconf 85' lang='lat' dir='ltr'>Voss</span> <span class='ocrx_word' id='word_1_70' title='bbox 532 1497 713 1570; x_wconf 85' lang='lat' dir='ltr'>honorem</span> <span class='ocrx_word' id='word_1_71' title='bbox 731 1497 896 1570; x_wconf 92' lang='lat' dir='ltr'>debitum</span> <span class='ocrx_word' id='word_1_72' title='bbox 915 1504 1213 1598; x_wconf 87' lang='lat' dir='ltr'>promissumque</span> <span class='ocrx_word' id='word_1_73' title='bbox 1232 1496 1308 1569; x_wconf 91' lang='lat' dir='ltr'>sol·</span> 
     </span>
     <span class='ocr_line' id='line_1_12' title="bbox 264 1611 1307 1710; baseline 0 -28"><span class='ocrx_word' id='word_1_74' title='bbox 264 1629 404 1702; x_wconf 84' lang='lat' dir='ltr'>ventes,</span> <span class='ocrx_word' id='word_1_75' title='bbox 426 1639 470 1685; x_wconf 83' lang='lat' dir='ltr'>ex</span> <span class='ocrx_word' id='word_1_76' title='bbox 489 1615 604 1710; x_wconf 89' lang='lat' dir='ltr'>ipsius</span> <span class='ocrx_word' id='word_1_77' title='bbox 620 1614 846 1686; x_wconf 88' lang='lat' dir='ltr'>Germanicis</span> <span class='ocrx_word' id='word_1_78' title='bbox 868 1611 1245 1686; x_wconf 81' lang='lat' dir='ltr'>animadversionibus</span> <span class='ocrx_word' id='word_1_79' title='bbox 1266 1615 1307 1683; x_wconf 88' lang='lat' dir='ltr'>in</span> 
     </span>
     <span class='ocr_line' id='line_1_13' title="bbox 265 1725 1307 1827; baseline -0.003 -27"><span class='ocrx_word' id='word_1_80' title='bbox 265 1730 444 1827; x_wconf 77' lang='lat' dir='ltr'>Georgica</span> <span class='ocrx_word' id='word_1_81' title='bbox 458 1726 602 1800; x_wconf 90' lang='lat' dir='ltr'>selectas</span> <span class='ocrx_word' id='word_1_82' title='bbox 614 1726 737 1825; x_wconf 89' lang='lat' dir='ltr'>plures</span> <span class='ocrx_word' id='word_1_83' title='bbox 751 1745 786 1800; x_wconf 90' lang='lat' dir='ltr'>et</span> <span class='ocrx_word' id='word_1_84' title='bbox 798 1727 909 1802; x_wconf 89' lang='lat' dir='ltr'>latine</span> <span class='ocrx_word' id='word_1_85' title='bbox 921 1754 1112 1800; x_wconf 87' lang='lat' dir='ltr'>conversas</span> <span class='ocrx_word' id='word_1_86' title='bbox 1127 1731 1201 1798; x_wconf 88' lang='lat' dir='ltr'>suis</span> <span class='ocrx_word' id='word_1_87' title='bbox 1219 1725 1307 1799; x_wconf 85' lang='lat' dir='ltr'>locis</span> 
     </span>
     <span class='ocr_line' id='line_1_14' title="bbox 265 1841 1308 1941; baseline -0.002 -27"><span class='ocrx_word' id='word_1_88' title='bbox 265 1847 536 1932; x_wconf 80' lang='lat' dir='ltr'>interseramus3</span> <span class='ocrx_word' id='word_1_89' title='bbox 567 1867 635 1914; x_wconf 91' lang='lat' dir='ltr'>nec</span> <span class='ocrx_word' id='word_1_90' title='bbox 659 1857 694 1920; x_wconf 82' lang='lat' dir='ltr'>tc</span> <span class='ocrx_word' id='word_1_91' title='bbox 720 1841 862 1933; x_wconf 87' lang='lat' dir='ltr'>latebit,</span> <span class='ocrx_word' id='word_1_92' title='bbox 894 1845 1025 1915; x_wconf 84' lang='lat' dir='ltr'>Lector</span> <span class='ocrx_word' id='word_1_93' title='bbox 1054 1847 1213 1941; x_wconf 90' lang='lat' dir='ltr'>optime,</span> <span class='ocrx_word' id='word_1_94' title='bbox 1247 1843 1308 1913; x_wconf 91' lang='lat' dir='ltr'>eui</span> 
     </span>
     <span class='ocr_line' id='line_1_15' title="bbox 265 1957 1309 2059; baseline 0.002 -32"><span class='ocrx_word' id='word_1_95' title='bbox 265 1957 1047 2059; x_wconf 81' lang='lat' dir='ltr'>viro(1)recentemhancnovamquelucem</span> <span class='ocrx_word' id='word_1_96' title='bbox 1057 1958 1309 2047; x_wconf 77' lang='lat' dir='ltr'>debuerimus,</span> 
     </span>
     <span class='ocr_line' id='line_1_16' title="bbox 266 2071 1310 2174; baseline 0 -30"><span class='ocrx_word' id='word_1_97' title='bbox 266 2089 309 2144; x_wconf 92' lang='lat' dir='ltr'>ut</span> <span class='ocrx_word' id='word_1_98' title='bbox 336 2077 471 2172; x_wconf 88' lang='lat' dir='ltr'>cuique</span> <span class='ocrx_word' id='word_1_99' title='bbox 494 2098 560 2146; x_wconf 85' lang='lat' dir='ltr'>sua</span> <span class='ocrx_word' id='word_1_100' title='bbox 576 2071 759 2146; x_wconf 86' lang='lat' dir='ltr'>referatur</span> <span class='ocrx_word' id='word_1_101' title='bbox 781 2079 912 2174; x_wconf 88' lang='lat' dir='ltr'>gratia,</span> <span class='ocrx_word' id='word_1_102' title='bbox 935 2075 1046 2146; x_wconf 89' lang='lat' dir='ltr'>literis</span> <span class='ocrx_word' id='word_1_103' title='bbox 1064 2073 1246 2148; x_wconf 88' lang='lat' dir='ltr'>indicibus</span> <span class='ocrx_word' id='word_1_104' title='bbox 1262 2072 1310 2146; x_wconf 91' lang='lat' dir='ltr'>ad</span> 
     </span>
     <span class='ocr_line' id='line_1_17' title="bbox 265 2186 1077 2287; baseline 0.002 -27"><span class='ocrx_word' id='word_1_105' title='bbox 265 2186 496 2287; x_wconf 87' lang='lat' dir='ltr'>singularum</span> <span class='ocrx_word' id='word_1_106' title='bbox 514 2203 687 2261; x_wconf 90' lang='lat' dir='ltr'>notarum</span> <span class='ocrx_word' id='word_1_107' title='bbox 704 2186 840 2262; x_wconf 85' lang='lat' dir='ltr'>calcem</span> <span class='ocrx_word' id='word_1_108' title='bbox 858 2206 1077 2262; x_wconf 91' lang='lat' dir='ltr'>consecrata.</span> 
     </span>
    </p>

    <p class='ocr_par' dir='ltr' id='par_1_8' title="bbox 266 2302 1312 2634">
     <span class='ocr_line' id='line_1_18' title="bbox 313 2302 1310 2403; baseline 0.002 -29"><span class='ocrx_word' id='word_1_109' title='bbox 313 2306 575 2376; x_wconf 84' lang='lat' dir='ltr'>Verumtamen</span> <span class='ocrx_word' id='word_1_110' title='bbox 588 2302 650 2377; x_wconf 92' lang='lat' dir='ltr'>hic</span> <span class='ocrx_word' id='word_1_111' title='bbox 661 2304 709 2376; x_wconf 90' lang='lat' dir='ltr'>de</span> <span class='ocrx_word' id='word_1_112' title='bbox 720 2307 799 2403; x_wconf 89' lang='lat' dir='ltr'>ipso</span> <span class='ocrx_word' id='word_1_113' title='bbox 811 2303 933 2377; x_wconf 84' lang='lat' dir='ltr'>Seruio</span> <span class='ocrx_word' id='word_1_114' title='bbox 949 2309 984 2376; x_wconf 87' lang='lat' dir='ltr'>in</span> <span class='ocrx_word' id='word_1_115' title='bbox 1003 2309 1188 2402; x_wconf 72' lang='lat' dir='ltr'>integrum,</span> <span class='ocrx_word' id='word_1_116' title='bbox 1203 2321 1245 2376; x_wconf 89' lang='lat' dir='ltr'>ut</span> <span class='ocrx_word' id='word_1_117' title='bbox 1259 2302 1310 2376; x_wconf 92' lang='lat' dir='ltr'>ibi</span> 
     </span>
     <span class='ocr_line' id='line_1_19' title="bbox 266 2419 1312 2512; baseline -0.001 -20"><span class='ocrx_word' id='word_1_118' title='bbox 266 2419 445 2510; x_wconf 85' lang='lat' dir='ltr'>diximus,</span> <span class='ocrx_word' id='word_1_119' title='bbox 455 2420 689 2512; x_wconf 87' lang='lat' dir='ltr'>excudendo,</span> <span class='ocrx_word' id='word_1_120' title='bbox 702 2425 877 2495; x_wconf 87' lang='lat' dir='ltr'>maximas</span> <span class='ocrx_word' id='word_1_121' title='bbox 886 2425 974 2493; x_wconf 89' lang='lat' dir='ltr'>oriri</span> <span class='ocrx_word' id='word_1_122' title='bbox 984 2419 1217 2492; x_wconf 87' lang='lat' dir='ltr'>difficultates</span> <span class='ocrx_word' id='word_1_123' title='bbox 1226 2445 1312 2492; x_wconf 92' lang='lat' dir='ltr'>con·</span> 
     </span>
     <span class='ocr_line' id='line_1_20' title="bbox 266 2535 1312 2634; baseline -0.001 -27"><span class='ocrx_word' id='word_1_124' title='bbox 266 2535 435 2607; x_wconf 82' lang='lat' dir='ltr'>litamur:</span> <span class='ocrx_word' id='word_1_125' title='bbox 454 2560 532 2607; x_wconf 89' lang='lat' dir='ltr'>non</span> <span class='ocrx_word' id='word_1_126' title='bbox 549 2541 782 2608; x_wconf 88' lang='lat' dir='ltr'>consentiunt</span> <span class='ocrx_word' id='word_1_127' title='bbox 798 2535 896 2610; x_wconf 87' lang='lat' dir='ltr'>illius</span> <span class='ocrx_word' id='word_1_128' title='bbox 912 2537 1072 2624; x_wconf 88' lang='lat' dir='ltr'>codices,</span> <span class='ocrx_word' id='word_1_129' title='bbox 1093 2561 1215 2634; x_wconf 88' lang='lat' dir='ltr'>neque</span> <span class='ocrx_word' id='word_1_130' title='bbox 1234 2535 1312 2607; x_wconf 90' lang='lat' dir='ltr'>edi-</span> 
     </span>
    </p>

    <p class='ocr_par' dir='ltr' id='par_1_9' title="bbox 177 2646 1337 3324">
     <span class='ocr_line' id='line_1_21' title="bbox 177 2646 1313 2742; baseline 0.003 -23"><span class='ocrx_word' id='word_1_131' title='bbox 177 2703 180 2711; x_wconf 88' lang='lat'><em>.</em></span> <span class='ocrx_word' id='word_1_132' title='bbox 266 2653 383 2720; x_wconf 89' lang='lat' dir='ltr'>tiones</span> <span class='ocrx_word' id='word_1_133' title='bbox 399 2648 456 2720; x_wconf 91' lang='lat' dir='ltr'>vel</span> <span class='ocrx_word' id='word_1_134' title='bbox 471 2646 853 2742; x_wconf 78' lang='lat' dir='ltr'>commendatissimae5</span> <span class='ocrx_word' id='word_1_135' title='bbox 869 2651 1132 2724; x_wconf 86' lang='lat' dir='ltr'>intereruditos</span> <span class='ocrx_word' id='word_1_136' title='bbox 1144 2649 1313 2723; x_wconf 84' lang='lat' dir='ltr'>homines</span> 
     </span>
     <span class='ocr_line' id='line_1_22' title="bbox 267 2762 1315 2864; baseline 0.004 -30"><span class='ocrx_word' id='word_1_137' title='bbox 267 2774 429 2849; x_wconf 86' lang='lat' dir='ltr'>constat,</span> <span class='ocrx_word' id='word_1_138' title='bbox 446 2762 564 2834; x_wconf 88' lang='lat' dir='ltr'>multa</span> <span class='ocrx_word' id='word_1_139' title='bbox 581 2762 718 2836; x_wconf 83' lang='lat' dir='ltr'>insulse</span> <span class='ocrx_word' id='word_1_140' title='bbox 735 2781 771 2836; x_wconf 90' lang='lat' dir='ltr'>et</span> <span class='ocrx_word' id='word_1_141' title='bbox 784 2765 1017 2864; x_wconf 87' lang='lat' dir='ltr'>impudenter</span> <span class='ocrx_word' id='word_1_142' title='bbox 1030 2771 1069 2837; x_wconf 92' lang='lat' dir='ltr'>in</span> <span class='ocrx_word' id='word_1_143' title='bbox 1085 2767 1197 2839; x_wconf 88' lang='lat' dir='ltr'>Servii</span> <span class='ocrx_word' id='word_1_144' title='bbox 1212 2791 1315 2838; x_wconf 91' lang='lat' dir='ltr'>com·</span> 
     </span>
     <span class='ocr_line' id='line_1_23' title="bbox 267 2878 1336 2979; baseline 0.004 -30"><span class='ocrx_word' id='word_1_145' title='bbox 267 2879 452 2949; x_wconf 85' lang='lat' dir='ltr'>menteriis</span> <span class='ocrx_word' id='word_1_146' title='bbox 476 2893 558 2948; x_wconf 89' lang='lat' dir='ltr'>ante</span> <span class='ocrx_word' id='word_1_147' title='bbox 582 2881 770 2951; x_wconf 89' lang='lat' dir='ltr'>inventam</span> <span class='ocrx_word' id='word_1_148' title='bbox 792 2878 1044 2979; x_wconf 74' lang='lat' dir='ltr'>typographiae</span> <span class='ocrx_word' id='word_1_149' title='bbox 1066 2895 1180 2953; x_wconf 88' lang='lat' dir='ltr'>artem</span> <span class='ocrx_word' id='word_1_150' title='bbox 1205 2879 1336 2970; x_wconf 74' lang='lat' dir='ltr'>fuisse·</span> 
     </span>
     <span class='ocr_line' id='line_1_24' title="bbox 266 2988 1337 3091; baseline 0.004 -27"><span class='ocrx_word' id='word_1_151' title='bbox 266 2988 495 3091; x_wconf 84' lang='lat' dir='ltr'>interpolata.</span> <span class='ocrx_word' id='word_1_152' title='bbox 508 2993 601 3064; x_wconf 80' lang='lat' dir='ltr'>Ante</span> <span class='ocrx_word' id='word_1_153' title='bbox 612 2990 719 3083; x_wconf 88' lang='lat' dir='ltr'>alios,</span> <span class='ocrx_word' id='word_1_154' title='bbox 729 2992 823 3066; x_wconf 90' lang='lat' dir='ltr'>Phil.</span> <span class='ocrx_word' id='word_1_155' title='bbox 835 2995 1048 3086; x_wconf 88' lang='lat' dir='ltr'>Beroaldus,</span> <span class='ocrx_word' id='word_1_156' title='bbox 1061 2997 1312 3086; x_wconf 90' lang='lat' dir='ltr'>Bononiensis,</span> <span class='ocrx_word' id='word_1_157' title='bbox 1333 3017 1337 3028; x_wconf 90' lang='lat'><em>·</em></span> 
     </span>
     <span class='ocr_line' id='line_1_25' title="bbox 267 3104 1312 3210; baseline 0.003 -30"><span class='ocrx_word' id='word_1_158' title='bbox 267 3107 427 3180; x_wconf 87' lang='lat' dir='ltr'>affirmat</span> <span class='ocrx_word' id='word_1_159' title='bbox 447 3104 564 3179; x_wconf 91' lang='lat' dir='ltr'>multa</span> <span class='ocrx_word' id='word_1_160' title='bbox 581 3106 628 3179; x_wconf 91' lang='lat' dir='ltr'>ab</span> <span class='ocrx_word' id='word_1_161' title='bbox 646 3106 712 3180; x_wconf 88' lang='lat' dir='ltr'>illo</span> <span class='ocrx_word' id='word_1_162' title='bbox 730 3113 862 3208; x_wconf 90' lang='lat' dir='ltr'>scripta</span> <span class='ocrx_word' id='word_1_163' title='bbox 875 3108 1003 3200; x_wconf 83' lang='lat' dir='ltr'>fuisse,</span> <span class='ocrx_word' id='word_1_164' title='bbox 1020 3137 1103 3210; x_wconf 82' lang='lat' dir='ltr'>quae</span> <span class='ocrx_word' id='word_1_165' title='bbox 1117 3111 1312 3184; x_wconf 90' lang='lat' dir='ltr'>doctorum</span> 
     </span>
     <span class='ocr_line' id='line_1_26' title="bbox 266 3222 1314 3324; baseline 0.002 -28"><span class='ocrx_word' id='word_1_166' title='bbox 266 3223 366 3296; x_wconf 90' lang='lat' dir='ltr'>oculi</span> <span class='ocrx_word' id='word_1_167' title='bbox 386 3249 453 3295; x_wconf 91' lang='lat' dir='ltr'>nec</span> <span class='ocrx_word' id='word_1_168' title='bbox 473 3240 618 3322; x_wconf 87' lang='lat' dir='ltr'>possent</span> <span class='ocrx_word' id='word_1_169' title='bbox 633 3222 727 3298; x_wconf 90' lang='lat' dir='ltr'>ferre</span> <span class='ocrx_word' id='word_1_170' title='bbox 745 3251 813 3296; x_wconf 91' lang='lat' dir='ltr'>nec</span> <span class='ocrx_word' id='word_1_171' title='bbox 831 3224 1020 3316; x_wconf 90' lang='lat' dir='ltr'>deberent,</span> <span class='ocrx_word' id='word_1_172' title='bbox 1040 3223 1184 3298; x_wconf 83' lang='lat' dir='ltr'>obelisco</span> <span class='ocrx_word' id='word_1_173' title='bbox 1203 3232 1314 3324; x_wconf 70' lang='lat' dir='ltr'>magis</span> 
     </span>
    </p>

    <p class='ocr_par' dir='ltr' id='par_1_10' title="bbox 253 3339 1315 3673">
     <span class='ocr_line' id='line_1_27' title="bbox 253 3339 1313 3441; baseline 0.003 -32"><span class='ocrx_word' id='word_1_174' title='bbox 253 3365 373 3438; x_wconf 75' lang='lat' dir='ltr'>guam</span> <span class='ocrx_word' id='word_1_175' title='bbox 393 3343 536 3411; x_wconf 84' lang='lat' dir='ltr'>asterico</span> <span class='ocrx_word' id='word_1_176' title='bbox 555 3339 675 3439; x_wconf 72' lang='lat' dir='ltr'>digno.</span> <span class='ocrx_word' id='word_1_177' title='bbox 693 3339 786 3414; x_wconf 89' lang='lat' dir='ltr'>Rob.</span> <span class='ocrx_word' id='word_1_178' title='bbox 806 3343 883 3441; x_wconf 90' lang='lat' dir='ltr'>ipse</span> <span class='ocrx_word' id='word_1_179' title='bbox 901 3339 1105 3439; x_wconf 87' lang='lat' dir='ltr'>Stephanus</span> <span class='ocrx_word' id='word_1_180' title='bbox 1123 3345 1313 3439; x_wconf 86' lang='lat' dir='ltr'>quicum,</span> 
     </span>
     <span class='ocr_line' id='line_1_28' title="bbox 266 3451 1315 3556; baseline 0.003 -33"><span class='ocrx_word' id='word_1_181' title='bbox 266 3451 377 3551; x_wconf 91' lang='lat' dir='ltr'>longe</span> <span class='ocrx_word' id='word_1_182' title='bbox 392 3478 505 3551; x_wconf 90' lang='lat' dir='ltr'>quam</span> <span class='ocrx_word' id='word_1_183' title='bbox 522 3469 612 3526; x_wconf 91' lang='lat' dir='ltr'>tunc</span> <span class='ocrx_word' id='word_1_184' title='bbox 626 3481 647 3527; x_wconf 88' lang='lat' dir='ltr'>a</span> <span class='ocrx_word' id='word_1_185' title='bbox 660 3480 851 3555; x_wconf 91' lang='lat' dir='ltr'>quoquam</span> <span class='ocrx_word' id='word_1_186' title='bbox 863 3456 981 3528; x_wconf 83' lang='lat' dir='ltr'>editus</span> <span class='ocrx_word' id='word_1_187' title='bbox 993 3455 1130 3544; x_wconf 77' lang='lat' dir='ltr'>fuerat,</span> <span class='ocrx_word' id='word_1_188' title='bbox 1146 3459 1315 3556; x_wconf 88' lang='lat' dir='ltr'>integrio-</span> 
     </span>
     <span class='ocr_line' id='line_1_29' title="bbox 266 3567 1314 3673; baseline 0.005 -35"><span class='ocrx_word' id='word_1_189' title='bbox 266 3591 345 3639; x_wconf 88' lang='lat' dir='ltr'>rem</span> <span class='ocrx_word' id='word_1_190' title='bbox 361 3567 480 3660; x_wconf 89' lang='lat' dir='ltr'>dedit,</span> <span class='ocrx_word' id='word_1_191' title='bbox 494 3568 700 3673; x_wconf 86' lang='lat' dir='ltr'>multorum</span> <span class='ocrx_word' id='word_1_192' title='bbox 716 3572 885 3671; x_wconf 89' lang='lat' dir='ltr'>precibus</span> <span class='ocrx_word' id='word_1_193' title='bbox 896 3589 931 3644; x_wconf 88' lang='lat' dir='ltr'>ct</span> <span class='ocrx_word' id='word_1_194' title='bbox 942 3571 1097 3673; x_wconf 82' lang='lat' dir='ltr'>querelis</span> <span class='ocrx_word' id='word_1_195' title='bbox 1112 3570 1314 3663; x_wconf 88' lang='lat' dir='ltr'>lacessitus,</span> 
     </span>
    </p>
   </div>
   <div class='ocr_carea' id='block_1_2' title="bbox 264 3776 1316 4132">
    <p class='ocr_par' dir='ltr' id='par_1_11' title="bbox 264 3776 1316 4132">
     <span class='ocr_line' id='line_1_30' title="bbox 304 3776 1316 3862; baseline 0.007 -27"><span class='ocrx_word' id='word_1_196' title='bbox 304 3777 346 3856; x_wconf 88' lang='lat' dir='ltr'>(r)</span> <span class='ocrx_word' id='word_1_197' title='bbox 360 3777 455 3838; x_wconf 88' lang='lat' dir='ltr'>Hunc</span> <span class='ocrx_word' id='word_1_198' title='bbox 473 3776 614 3840; x_wconf 84' lang='lat' dir='ltr'>laborem</span> <span class='ocrx_word' id='word_1_199' title='bbox 630 3795 759 3862; x_wconf 82' lang='lat' dir='ltr'>rogatus</span> <span class='ocrx_word' id='word_1_200' title='bbox 774 3783 910 3846; x_wconf 80' lang='lat' dir='ltr'>absolvit</span> <span class='ocrx_word' id='word_1_201' title='bbox 923 3786 977 3846; x_wconf 75' lang='lat' dir='ltr'>Cn.</span> <span class='ocrx_word' id='word_1_202' title='bbox 994 3787 1086 3845; x_wconf 78' lang='lat' dir='ltr'>Pam.</span> <span class='ocrx_word' id='word_1_203' title='bbox 1098 3803 1137 3844; x_wconf 82' lang='lat' dir='ltr'>nrt</span> <span class='ocrx_word' id='word_1_204' title='bbox 1153 3781 1316 3858; x_wconf 69' lang='lat' dir='ltr'>(locatim,</span> 
     </span>
     <span class='ocr_line' id='line_1_31' title="bbox 266 3865 1316 3947; baseline 0.004 -22"><span class='ocrx_word' id='word_1_205' title='bbox 266 3865 300 3926; x_wconf 88' lang='lat' dir='ltr'>ln</span> <span class='ocrx_word' id='word_1_206' title='bbox 322 3885 468 3946; x_wconf 85' lang='lat' dir='ltr'>suprema</span> <span class='ocrx_word' id='word_1_207' title='bbox 486 3865 610 3930; x_wconf 78' lang='lat' dir='ltr'>Alsatiae</span> <span class='ocrx_word' id='word_1_208' title='bbox 631 3869 727 3930; x_wconf 86' lang='lat' dir='ltr'>Curia</span> <span class='ocrx_word' id='word_1_209' title='bbox 747 3874 863 3936; x_wconf 78' lang='lat' dir='ltr'>Recrus</span> <span class='ocrx_word' id='word_1_210' title='bbox 882 3875 1126 3947; x_wconf 82' lang='lat' dir='ltr'>Pno-coomron,</span> <span class='ocrx_word' id='word_1_211' title='bbox 1148 3873 1197 3932; x_wconf 89' lang='lat' dir='ltr'>cui</span> <span class='ocrx_word' id='word_1_212' title='bbox 1215 3871 1316 3930; x_wconf 79' lang='lat' dir='ltr'>Musae</span> 
     </span>
     <span class='ocr_line' id='line_1_32' title="bbox 269 3951 1315 4046; baseline 0.006 -35"><span class='ocrx_word' id='word_1_213' title='bbox 269 3951 386 4013; x_wconf 87' lang='lat' dir='ltr'>Latinae</span> <span class='ocrx_word' id='word_1_214' title='bbox 397 3966 428 4012; x_wconf 86' lang='lat' dir='ltr'>et</span> <span class='ocrx_word' id='word_1_215' title='bbox 438 3953 648 4034; x_wconf 77' lang='lat' dir='ltr'>Germanicae,</span> <span class='ocrx_word' id='word_1_216' title='bbox 660 3978 724 4018; x_wconf 92' lang='lat' dir='ltr'>non</span> <span class='ocrx_word' id='word_1_217' title='bbox 737 3961 843 4022; x_wconf 85' lang='lat' dir='ltr'>minus</span> <span class='ocrx_word' id='word_1_218' title='bbox 855 3959 989 4023; x_wconf 87' lang='lat' dir='ltr'>feliciter</span> <span class='ocrx_word' id='word_1_219' title='bbox 1000 3981 1096 4046; x_wconf 82' lang='lat' dir='ltr'>quam</span> <span class='ocrx_word' id='word_1_220' title='bbox 1108 3961 1175 4046; x_wconf 85' lang='lat' dir='ltr'>ipsa</span> <span class='ocrx_word' id='word_1_221' title='bbox 1185 3957 1315 4022; x_wconf 82' lang='lat' dir='ltr'>Themis</span> 
     </span>
     <span class='ocr_line' id='line_1_33' title="bbox 264 4041 959 4132; baseline 0.01 -30"><span class='ocrx_word' id='word_1_222' title='bbox 264 4041 391 4105; x_wconf 87' lang='lat' dir='ltr'>oracula</span> <span class='ocrx_word' id='word_1_223' title='bbox 401 4063 458 4104; x_wconf 84' lang='lat' dir='ltr'>sua</span> <span class='ocrx_word' id='word_1_224' title='bbox 471 4043 673 4108; x_wconf 87' lang='lat' dir='ltr'>crediderunt</span> <span class='ocrx_word' id='word_1_225' title='bbox 683 4049 933 4132; x_wconf 83' lang='lat' dir='ltr'>pronuncianda.</span> <span class='ocrx_word' id='word_1_226' title='bbox 956 4069 959 4076; x_wconf 91' lang='lat'>·</span> 
     </span>
    </p>
   </div>
   <div class='ocr_carea' id='block_1_3' title="bbox 0 0 1513 4674">
    <p class='ocr_par' dir='ltr' id='par_1_12' title="bbox 0 0 1513 4674">
     <span class='ocr_line' id='line_1_34' title="bbox 0 0 1513 4674; baseline 0 0"><span class='ocrx_word' id='word_1_227' title='bbox 0 0 1513 4674; x_wconf 95' lang='lat' dir='ltr'> </span> 
     </span>
    </p>
   </div>
  </div>
 </body>
</html>
