2986 4694
622 373 770 440 CIBIS.
1157 386 1213 464 141

174 506 294 590 Magne
307 519 442 591 queror3
454 520 517 564 nec
529 513 563 562 et
574 497 629 562 illa
641 495 777 588 quidem
790 501 974 566 communis
985 501 1117 570 alumne

175 609 336 678 Omnibus
349 607 469 698 injectu
481 605 577 672 tellus
589 605 766 671 cumulabit
776 629 885 672 erens.

174 719 275 782 Mene
286 717 373 781 inter
384 714 535 794 comites,
549 711 810 802 ancillarumque
822 731 968 780 catervas

174 826 276 888 Mene
288 823 366 888 nlius
379 822 478 900 inter,
493 820 691 884 famularum
703 842 841 884 munere
854 820 961 908 fungi,

177 930 334 1020 conjugis
346 946 446 1018 etque
458 945 536 1009 tuae,
551 949 770 1017 quaecumque
782 926 844 992 erit
856 925 924 1008 illa,
938 927 1041 996 beutae
1175 947 1220 1006 445

176 1041 250 1104 Non
263 1039 355 1105 licuit
366 1034 518 1126 gravidos
530 1058 635 1125 penso
649 1034 825 1100 devolvere
838 1036 949 1101 fusos?

175 1149 217 1210 tt
227 1144 307 1210 belli
319 1143 435 1209 saltem
446 1143 609 1231 captivam
620 1141 692 1228 lege
705 1163 866 1207 necesses.

176 1253 250 1316 Jarn
263 1252 357 1316 fessae
369 1247 503 1314 tandem
516 1249 648 1335 fugiunt
659 1245 701 1310 de
714 1269 854 1336 corpore
866 1250 966 1328 vires,

177 1359 219 1422 Et
230 1324 329 1447 cupiit
340 1354 459 1420 inflexa
470 1353 598 1420 lentum
610 1353 738 1418 cervice
750 1353 926 1434 recumbit;

176 1531 245 1592 Libys
256 1530 386 1578 liddeum
400 1547 442 1578 snt.
454 1531 523 1578 Basil.
535 1556 566 1568 -
578 1529 631 1589 441.
654 1534 721 1578 Vane
732 1547 815 1596 queror
824 1531 888 1592 conj.
902 1531 980 1578 lieins.
994 1545 1034 1576 nec
1048 1541 1070 1577 et
1083 1532 1123 1578 itta
1133 1535 1224 1598 quidem

177 1601 234 1647 inde
246 1601 275 1647 ab
284 1601 368 1648 Aldine
380 1601 474 1665 legitur.
489 1603 639 1664 Antiquiores
650 1619 655 1648 :
667 1617 708 1648 nec
720 1610 746 1647 ut
757 1599 795 1647 itta
807 1601 904 1666 quidem.
916 1601 1007 1647 Recidit
1016 1615 1074 1664 puto
1084 1617 1133 1648 me:
1143 1619 1225 1669 maqne

176 1687 276 1735 queror:
288 1687 323 1717 me
334 1687 361 1717 ne
372 1670 410 1718 itta
418 1673 509 1736 quidem
520 1676 678 1718 communis...
690 1671 821 1728 cumulabit,
831 1670 855 1716 h.
870 1688 891 1718 e.
902 1671 967 1734 quod
976 1685 1033 1718 vero
1044 1675 1167 1720 maximum
1178 1687 1225 1730 est,

178 1742 209 1789 de
220 1760 268 1807 quo
279 1746 347 1807 queri
359 1747 460 1806 possim:
479 1761 516 1792 me
533 1760 562 1790 ne
579 1743 649 1790 telins
665 1745 760 1809 quidem
778 1743 915 1799 cumulabit,
934 1741 973 1789 tila
987 1749 1110 1791 communis
1127 1744 1226 1793 alumnis

177 1813 292 1870 enindus,
310 1827 351 1861 aut
366 1817 397 1861 ita
415 1814 540 1877 legendum
559 1831 611 1862 cnm
628 1812 758 1876 scaligero,
776 1827 816 1859 sut
832 1829 872 1859 nec
889 1829 924 1859 me
941 1811 979 1858 itta
995 1815 1086 1877 quidem
1102 1819 1226 1862 communis

176 1883 293 1930 alumnam
305 1884 370 1932 tellus
382 1884 513 1940 cumulatim
524 1886 589 1949 quod
603 1885 694 1941 malim,
706 1885 818 1948 quodque
829 1885 908 1930 lleins.
919 1899 1014 1947 quoque
1027 1885 1187 1948 amplectitur,
1202 1899 1227 1934 et

179 1957 210 2003 nd
221 1959 323 2004 Gronov.
337 1958 367 2004 ad
373 1959 447 2004 Tacit.
457 1957 674 2020 ablegaunondurn
685 1959 747 2003 enirn
757 1957 842 2004 idonea
855 1959 980 2003 auctoritas
990 1955 1037 2002 utta
1046 1956 1114 2004 allate
1124 1971 1170 2014 est,
1180 1975 1228 2023 qua

177 2027 295 2074 αἱιιιιιιιιιιιι
306 2032 379 2076 active
391 2045 435 2092 pro
446 2028 520 2076 altore
532 2043 556 2075 et
568 2031 682 2076 nutritore
696 2027 784 2075 dictum
796 2043 846 2076 esse
858 2039 956 2074 constet.
976 2029 1053 2090 lunga
1067 2041 1102 2076 est
1115 2047 1142 2076 ea
1156 2031 1186 2076 de
1200 2046 1226 2075 re

177 2099 304 2163 disputetio
319 2103 343 2147 in
358 2101 427 2147 Thes.
443 2103 539 2148 Gesner.
557 2101 627 2160 Quod
643 2102 747 2147 onmium
764 2099 873 2146 codicum
888 2103 1012 2146 auctoritas
1027 2100 1052 2145 in
1064 2100 1087 2147 h.
1100 2100 1116 2146 l.
1133 2099 1227 2147 alumna

176 2173 237 2216 tueri
247 2170 345 2224 dicitur,
355 2187 479 2234 perperam
485 2173 639 2235 pronuntiant
648 2173 691 2218 viri
702 2171 774 2216 docti.
786 2171 849 2229 Quot
859 2171 922 2215 enirn
932 2169 1044 2215 habemus
1051 2170 1145 2216 codices
1153 2171 1227 2218 Ciris?

177 2239 239 2287 itate
249 2243 318 2287 etiem
332 2241 409 2286 Barth.
420 2254 531 2303 provocet
543 2241 573 2287 ad
587 2255 638 2304 sup.
653 2239 697 2303 174
709 2238 816 2286 demtum
828 2238 882 2284 mihi
890 2247 969 2302 pectus
979 2239 1085 2286 alumne.
1098 2243 1136 2288 Est
1147 2244 1228 2288 enim:

173 2310 232 2355 ‘nudi
245 2309 350 2356 ehtmnoe.
367 2313 395 2355 ln
413 2311 480 2357 desii.
498 2327 540 2356 ms.
558 2323 607 2357 erat
625 2326 653 2356 ne
669 2319 696 2356 ut
712 2309 752 2356 iile
767 2311 864 2373 quidem.
881 2310 949 2356 Unde
964 2311 1043 2356 Heins.
1057 2323 1146 2358 tentat:
1164 2327 1227 2358 mene

176 2378 266 2437 (voluit
279 2395 314 2425 nis
327 2382 370 2438 ne)
385 2378 424 2426 iila
438 2381 563 2444 quidem...
580 2379 702 2425 alumnum.
714 2405 745 2416 --
755 2379 808 2436 443.
825 2382 883 2424 inter
897 2382 995 2424 comites.
1010 2381 1047 2425 Sic
1059 2393 1116 2425 vett.
1130 2395 1226 2443 quoque

178 2445 232 2492 edd.
243 2449 272 2491 dt
282 2448 333 2494 Ald.
345 2461 368 2495 et
378 2451 433 2496 inde
444 2451 532 2496 Veneta
543 2451 572 2496 de
583 2452 677 2496 Tortis:
690 2452 749 2494 inter
760 2457 855 2504 matres,
867 2451 944 2494 minus
957 2461 1033 2496 tamen
1043 2449 1225 2496 accommodate.

178 2519 236 2562 oster
243 2525 327 2563 inanes
335 2517 485 2584 miciliae-ique
493 2523 593 2566 mrbus
600 2535 642 2566 ms.
650 2519 747 2566 lielmst.
754 2519 846 2576 -444,
855 2518 976 2566 Menates
983 2533 1039 2566 vett.
1050 2519 1105 2566 cdd.
1113 2531 1136 2566 et
1143 2520 1212 2566 codd.
1220 2555 1228 2578 ,

179 2590 248 2634 etiarn
258 2589 325 2636 uuit.
336 2603 481 2648 constanter,
492 2595 596 2640 ucetiam
608 2591 711 2654 Scaliger
720 2607 749 2639 eo
758 2591 893 2647 devenerit,
903 2605 928 2637 ιιι
940 2594 971 2637 ita
984 2591 1109 2654 legendum
1120 2603 1228 2654 putaret:

178 2673 232 2704 narn
246 2670 269 2706 et
282 2661 416 2719 Arcadiam,
432 2664 522 2726 inquit,
537 2676 560 2710 et
574 2663 689 2727 reliquam
704 2661 892 2724 Peloponnesum
907 2661 972 2708 bello
988 2664 1082 2708 vicerat.
1100 2660 1149 2706 iinc
1164 2660 1228 2708 unde

177 2728 273 2788 habeat,
286 2736 381 2780 nescio:
396 2733 456 2779 illud
466 2748 544 2781 tsnten
553 2734 635 2790 video,
647 2732 754 2780 maudein
765 2734 848 2780 fecisse
858 2733 1018 2779 obscuriorem
1030 2731 1126 2778 ductum
1139 2731 1228 2778 librarii

178 2801 285 2849 Necatus
295 2819 338 2866 pso
348 2807 411 2851 Mert'
419 2805 493 2853 slus:
504 2807 569 2872 qirod
580 2819 644 2854 recte
654 2806 710 2852 inde
722 2806 752 2851 ab
764 2805 815 2852 did.
825 2819 872 2853 sec.
883 2805 982 2866 legitur,
992 2804 1064 2850 modo
1071 2807 1227 2865 interpunge-

177 2883 228 2928 tur,
243 2888 269 2919 ut
281 2876 386 2924 fecimus.
402 2880 473 2926 Poeta
483 2893 560 2926 tamen
572 2879 636 2926 bono
645 2877 752 2940 digniora
763 2881 866 2941 suggerit
878 2878 1002 2924 Heinsius:
1019 2877 1082 2922 Μαί
1091 2873 1145 2920 viles
1157 2877 1228 2932 nster,-

178 2942 217 2990 vel
229 2947 296 2990 Mene
305 2947 365 2992 colos
375 2953 440 2997 iruer.
453 2953 526 2997 Porro
537 2967 542 2998 :
548 2950 664 3014 famulari
675 2951 712 2997 vei
721 2949 852 3013 famulatus
866 2965 965 2996 mutuis.
977 2975 1008 2986 -
1020 2947 1073 3003 445.
1087 2963 1229 3013 qrtaecunque

179 3018 222 3060 erit
232 3013 272 3061 itta
285 3015 349 3062 teau
361 3018 416 3064 edd.
426 3031 481 3066 vett.
494 3035 548 3066 ante
558 3022 673 3068 Aldinam.
683 3024 769 3084 Sicque
779 3021 856 3067 Julius
865 3021 964 3067 Sabinus
975 3018 1075 3081 legerat,
1085 3018 1158 3082 idque
1168 3029 1231 3081 prte-

178 3083 265 3140 ierem,
279 3101 333 3132 cnm
345 3088 448 3134 Heinsio.
460 3115 491 3124 -
502 3089 556 3145 448.
567 3090 633 3152 fesso
649 3093 677 3136 de
689 3105 782 3153 corpore
797 3090 861 3137 iraud
877 3091 966 3137 dubie:
979 3107 992 3136 e
1004 3088 1096 3134 Catullo
1112 3089 1128 3134 l.
1146 3105 1166 3134 c.
1186 3089 1228 3150 189

181 3153 230 3198 Nec
240 3158 305 3217 prius
315 3171 330 3200 a
340 3156 401 3213 festo
411 3159 514 3204 secedent
526 3173 619 3222 corpore
630 3165 695 3206 vim.
710 3161 736 3206 Et
750 3163 783 3206 sic
797 3175 893 3223 quoque
905 3155 943 3206 lo.
957 3158 1080 3206 Schrader.
1095 3157 1226 3204 Emendstt.
1262 3163 1272 3184 Χ

181 3236 206 3284 P·
216 3219 254 3277 64·
264 3247 294 3258 ··
303 3223 357 3285 449.
367 3223 420 3280 450.
434 3229 512 3273 Potest
522 3241 545 3273 et
555 3230 704 3293 interpnnfli:
715 3231 746 3276 Et
753 3238 857 3292 caput...
867 3234 953 3276 cervice
963 3226 1071 3273 recumbit
1081 3227 1210 3274 Marmorea
1220 3241 1228 3271 .·

181 3361 312 3434 Libycus,
326 3362 420 3431 lectus,
433 3380 463 3418 ut
480 3369 608 3440 libycum
620 3389 682 3441 pec-
726 3373 816 3425 buitse
835 3371 930 3424 saltem
949 3382 1077 3441 tauquam
1094 3370 1228 3440 captivam

178 3445 681 3515 tertsup.179,ebumeninveliotinum
726 3455 754 3504 in
776 3451 883 3504 Cretam
905 3449 1003 3502 abduci
1022 3463 1048 3502 et
1067 3451 1094 3501 in
1120 3451 1227 3502 servitio

180 3522 349 3576 velcitreurn.
359 3526 427 3578 Ante
435 3527 528 3578 oculos
538 3540 625 3580 antem
633 3527 682 3580 he·
727 3533 847 3603 conjugis
860 3531 957 3582 Minois
969 3530 1071 3583 heberi.
1082 3530 1162 3584 Mene
1171 3547 1228 3582 non

183 3601 680 3680 buitpoeteCatull.LXlll‚43.48.d9.
727 3611 803 3664 licuit
820 3610 982 3663 famularum
1005 3629 1113 3663 munere
1134 3612 1229 3684 fungi?

217 3682 278 3749 44².
293 3685 439 3758 Gompnrat
450 3689 567 3762 Scaliger
582 3689 680 3742 Catuli.
728 3705 755 3743 et
770 3693 845 3744 fusos
860 3711 945 3764 penso
961 3691 1086 3766 gravidos
1107 3693 1228 3764 conjugis

182 3762 683 3841 Epithal'l'hetid.153neqtseinjecta
729 3785 781 3824 tue
802 3771 956 3824 devolvere!
982 3774 1073 3844 imago
1095 3773 1227 3824 servitutis

183 3843 334 3898 tumulabor
351 3858 455 3900 monus
473 3860 560 3901 tem:
579 3863 605 3902 et
623 3867 683 3901 cum
726 3853 815 3923 poetis
829 3853 1013 3923 frequentata:
1026 3864 1053 3904 et
1064 3850 1169 3903 Catullo
1182 3867 1228 3902 eo-

180 3941 241 3996 sqq.
252 3944 333 3980 verss.
346 3927 447 3983 ibidem
457 3947 550 3983 versus
567 3929 614 3982 158
625 3947 684 4002 sqq.
730 3931 790 3986 dem
803 3932 863 3984 loco
874 3935 901 3984 in
911 3933 1041 3986 Ariadnes
1051 3930 1165 4002 querelis
1179 3931 1228 3982 160

185 4001 288 4060 Scilicet
299 4027 381 4080 quum
391 4029 419 4065 se
429 4013 510 4064 etiam
522 4010 687 4081 tumulopri-
730 4031 789 4083 sqq.
814 4015 849 4064 cf.
871 4012 1017 4065 lilitscherl.
1043 4011 1180 4066 Lectiones
1198 4011 1228 4060 in

183 4089 244 4136 veri
265 4087 388 4158 dixisset,
414 4092 491 4148 addit
517 4090 617 4165 Scylla,
629 4163 631 4168 Ι
642 4089 687 4146 de·
731 4091 826 4148 Getull.
837 4111 899 4166 paq.
913 4109 971 4162 ¹⁰7·
