2964 4690
371 283 422 346 IN
446 273 835 346 GEORGlCORUM
858 276 952 340 LIB.
977 277 1002 340 1.
1148 281 1211 362 415

162 409 255 483 libri,
276 425 346 490 quoe
357 417 425 466 tota
435 404 475 464 de
486 401 693 486 prognosticis
706 411 943 482 tempestatum:
962 402 1212 483 praemittitvero

162 517 273 558 versus
285 495 431 578 prooemii
444 493 532 568 loco,
547 509 681 574 quorum
696 489 850 548 resitentia
862 503 926 548 est:
939 504 975 549 ut
987 490 1132 551 mortales
1143 515 1213 574 pos·

163 585 232 646 sint
242 582 360 644 discere
372 583 462 643 certis
473 580 571 663 signis
584 592 692 653 aesttu,
712 577 853 659 pluvias,
872 591 996 656 ventos,
1011 579 1043 638 id
1057 595 1120 657 est,
1134 596 1215 641 tem·

162 687 302 757 pestates
316 672 504 747 fulminum,
525 669 721 753 pluviarum,
735 679 917 742 ventorum,
933 670 1138 730 constitutum
1154 670 1217 732 fuit

164 782 184 824 a
196 763 275 822 Jove
287 781 392 824 rerum
404 761 549 821 omnium
561 771 651 841 patre
665 769 695 817 et
709 767 867 827 curatore,
880 768 915 816 ut
928 754 960 815 id
972 758 1121 820 mortales
1134 780 1215 820 asse-

164 865 348 933 querentur,
359 866 427 911 tum
439 849 570 912 scientia
580 845 775 927 Astrologiae,
785 860 851 904 tum
862 865 967 904 rerum
977 849 1115 908 visarum
1126 869 1216 932 expe·

163 940 290 1000 rientia.
309 939 521 1022 Astrologiam
536 938 639 1018 signat
652 955 708 1018 per
724 938 846 995 Lunam
861 948 1068 1013 menstruam
1089 958 1144 1020 per
1155 940 1215 1020 sig·
1267 947 1269 954 '

165 1047 259 1103 num,
281 1047 346 1109 quo
360 1027 469 1088 Austri
490 1025 621 1100 cadunt,
635 1023 669 1083 id
684 1035 743 1100 est,
764 1022 962 1084 incumbunt.
981 1026 1217 1108 Experientiem

165 1132 226 1196 por
239 1112 310 1192 illa,

288 1262 572 1283 ..........
597 1217 677 1302 Quid
687 1239 761 1300 scope
774 1217 899 1280 uidentes

287 1307 435 1392 Apricoloe
446 1311 565 1393 propius
578 1307 699 1368 stabulis
712 1320 844 1368 anaema
860 1320 995 1368 tenerent.

165 1416 219 1474 Fit
230 1417 331 1493 enim,
349 1418 398 1477 uti
413 1413 559 1498 agricolae
575 1435 612 1475 ex
624 1415 718 1475 rebus
732 1433 817 1496 saepe·
824 1413 901 1472 visis
913 1411 1035 1473 discant
1049 1411 1170 1490 futura,
1188 1426 1220 1474 et

167 1506 351 1567 contineant
373 1520 515 1568 armentu
533 1506 566 1565 in
585 1507 663 1588 ipsis
682 1502 814 1565 stabulis
831 1502 964 1586 propius
986 1503 1096 1580 solito,
1116 1525 1219 1588 neque

168 1594 275 1654 sinant
286 1597 403 1677 vagari.

208 1683 276 1744 356.
289 1684 375 1745 Dixit
388 1696 586 1767 tempestates
597 1680 853 1765 praedivinandas
866 1703 903 1742 ex
917 1680 1107 1764 Astrologia,
1120 1698 1152 1746 et
1162 1683 1220 1744 Ex·

168 1772 331 1851 perientia.
346 1773 475 1834 Omittit
487 1793 573 1834 nunc
586 1770 813 1854 Astrologiam,
826 1784 856 1831 et
866 1785 989 1830 tantum
1002 1769 1040 1831 dc
1050 1771 1221 1854 Experien·

169 1859 212 1918 tia
234 1858 390 1943 loquitur,
413 1881 482 1944 quae
501 1861 638 1922 occurrit
657 1863 690 1921 in
710 1859 819 1920 oculos
839 1862 982 1942 ipsorum
1002 1858 1219 1939 agricolarum.

168 1943 368 2008 Adhibentur
381 1950 489 2031 itaque
503 1951 592 2030 signa
603 1947 710 2008 decem
722 1948 957 2008 imminentium
967 1963 1145 2009 ventorum.
1155 1949 1222 2011 Me·

168 2037 297 2097 mineris
312 2040 395 2097 enirn
411 2040 602 2120 praecessissc
616 2038 805 2098 divisionem
823 2036 1009 2112 fulminum,
1025 2036 1221 2119 pluviarum,

169 2139 347 2188 ventorum.
368 2129 444 2189 ilem
463 2149 538 2188 vero
558 2130 602 2188 ita
621 2127 775 2211 disponit,
798 2141 833 2187 ut
853 2129 992 2209 primum
1011 2125 1161 2208 loquatur
1183 2127 1222 2188 de

169 2219 327 2298 praesagiis
344 2233 529 2294 ventorum,
548 2215 661 2279 deinde
682 2217 720 2278 dc
737 2218 947 2300 prognosticis
963 2214 1159 2298 pluviarum,
1181 2217 1220 2278 de

169 2299 357 2364 fulminibus
364 2303 446 2366 nihil
458 2303 662 2387 peculiariter
673 2304 839 2387 loquatur,
847 2325 944 2386 quum
956 2305 1083 2385 utrique
1090 2318 1222 2388 tempes-

171 2391 228 2452 teti
235 2392 436 2454 misceantur.
446 2395 529 2475 Ergo
540 2391 646 2453 decem
655 2390 709 2452 illa
717 2404 881 2453 ventorum
892 2392 1044 2472 presagia
1055 2389 1219 2452 haecsuut:

174 2479 205 2538 1⁰
218 2493 324 2542 tumor
341 2485 454 2560 maris,
473 2497 569 2566 atque
588 2483 735 2564 agitatio,
754 2483 913 2566 praecipue
931 2482 964 2540 in
980 2479 1085 2554 fretis3
1106 2481 1138 2540 2⁰
1153 2480 1217 2542 fra·

171 2586 243 2648 por,
262 2569 317 2652 qni
333 2568 493 2632 auditura
512 2569 690 2648 montibus,
710 2585 741 2630 et
755 2571 782 2629 is
805 2567 924 2644 aridus,
945 2567 1006 2628 hoc
1026 2582 1089 2645 est,
1110 2589 1214 2652 asper,

204 2718 265 2789 354.
276 2721 495 2778 wentani.
506 2724 551 2776 Uti
559 2736 672 2796 apparet
717 2721 893 2796 oipientibus:
904 2719 976 2774 unde
985 2724 1157 2791 econtrario,
1168 2744 1221 2798 quo

171 2804 601 2877 excontertuVirgiliieederelroc
611 2803 671 2857 loco
715 2804 788 2876 siquo
800 2801 920 2854 cademc
931 2803 1028 2869 austri,
1044 2803 1072 2855 id
1085 2817 1140 2872 est,
1156 2805 1221 2860 llere

171 2893 220 2946 est,
229 2883 673 2950 incumbere,edexcitandastens·
716 2881 878 2936 desinerent.

170 2972 303 3031 pesmtess
317 2959 383 3013 dicit
395 2965 466 3016 enim
478 2977 552 3016 certa
563 2979 620 3018 esse
634 2964 673 3015 ei·
752 2963 812 3033 3⁵7.
826 2962 982 3014 Tumescsre.
995 2961 1061 3012 etta.
1074 2963 1159 3016 xvnl
1166 3003 1175 3031 ,
1186 2966 1221 3024 85

172 3055 241 3109 gne,
263 3037 360 3109 quibus
381 3054 588 3111 superventurus
607 3043 674 3094 scia·
718 3040 1221 3111 0186:amaresaepeerstlemioinru-

172 3133 231 3170 mus
256 3129 436 3190 tempestates.
464 3121 506 3172 Ita
533 3123 674 3174 Terentius
722 3119 1221 3194 umescit,datuquealtiussolitojam

174 3197 676 3273 VarrcinSesquiulpssmAdvesss'ueu·
722 3201 850 3253 sintrase
859 3212 1018 3252 eueventos
1027 3201 1135 3254 fatetur.
1143 3203 1222 3276 Equi·

176 3279 365 3346 ticecidnunt,
379 3281 482 3354 quodsi
493 3278 675 3353 perpuntdiu-
724 3280 805 3333 edem
817 3293 844 3333 et
853 3281 985 3331 montium
996 3282 1113 3349 sonitus,
1126 3303 1223 3338 nemo.

175 3360 225 3412 tius
244 3377 314 3412 mare
330 3359 445 3426 uoluere,
461 3379 562 3426 vereor,
579 3373 676 3413 etc.-
723 3377 856 3430 eramque
869 3359 985 3430 mugitus
997 3359 1146 3432 predicunt
1159 3377 1224 3418 tem-

177 3439 283 3505 cadere,
296 3457 379 3512 quum
390 3439 424 3494 de
436 3453 517 3492 vento
529 3457 617 3494 sermo
627 3441 675 3503 sit,
723 3451 883 3512 «pertatem.
895 3437 1053 3491 s-An'dus
1060 3440 1162 3514 fmpor.
1175 3443 1224 3497 So«

174 3539 293 3593 semper,
302 3519 429 3586 residere,
440 3522 587 3593 quiescere,
595 3521 677 3594 signi-
720 3521 809 3584 nitus,
826 3515 913 3590 qualis
925 3518 994 3570 solet
1005 3517 1063 3570 fieri
1080 3538 1111 3572 ex
1124 3523 1222 3592 aridis,
1294 3573 1298 3580 ,

175 3599 252 3655 leat:
265 3596 321 3653 Bet.
334 3601 387 3666 IX,
404 3597 453 3662 58;
466 3600 537 3653 idem
548 3599 581 3654 de
593 3599 677 3654 verbo
723 3618 805 3672 quum
815 3599 989 3670 franguntur,
1001 3600 1153 3662 arboribus.
1161 3605 1224 3660 Fra-

174 3699 269 3754 possem
280 3680 352 3734 velet
366 3679 470 3732 AEueid.
486 3681 550 3746 Vll,
568 3697 620 3752 ης
636 3681 676 3748 X,
721 3699 770 3754 gor
782 3682 862 3734 etiarn
875 3696 892 3730 a
905 3681 1052 3733 fractarum
1066 3700 1155 3736 rernm
1173 3705 1222 3740 no.

180 3762 236 3814 103.
248 3761 306 3812 Vox
316 3761 409 3814 Graece
418 3771 560 3815 vsrsrstum
570 3778 678 3832 surgen-
721 3763 838 3814 minatus
853 3772 893 3812 est
908 3763 1049 3813 sonitu-
1060 3762 1155 3817 Aridus
1164 3767 1226 3838 fm-

177 3855 229 3896 mm
240 3841 343 3896 indicat
357 3853 483 3911 ventum,
500 3853 556 3892 turn
573 3858 678 3893 cessan-
720 3842 939 3914 por.Lucret.Vl,
949 3842 1097 3914 unfragssis
1107 3846 1227 3911 sonitu„

179 3933 246 3987 tem,
258 3940 308 3993 pro
320 3933 350 3972 nt
362 3938 455 3975 sensus
467 3920 596 3992 postulet.
604 3919 636 3974 V.
645 3921 677 3972 G.
724 3933 750 3974 et
765 3919 1026 3989 mundissimus.
1038 3921 1069 3976 V.
1080 3924 1112 3974 G.

213 4001 272 4057 356.
285 4003 373 4063 Ventis
381 4003 544 4077 serpentibus·
555 4001 632 4058 flare
641 4003 679 4056 in·
715 4054 719 4073 ,
760 4001 819 4058 360.
838 4000 900 4054 dam
919 4001 965 4056 sibi
983 4011 1039 4054 uim
1057 4004 1139 4057 cumis
1156 4006 1229 4060 male
