2970 4714
214 403 221 416 ι
248 265 286 382 a
435 311 743 380 rnooarururu
766 311 817 375 ru
842 309 1085 378 conranni.

242 454 328 502 serat
341 435 383 502 ad
397 438 514 501 melo.
528 437 587 501 Ge.
601 435 664 500 Gu.
677 434 825 516 lloebler,
840 435 975 500 alteram
986 435 1109 503 codicis
1121 435 1283 500 Helmsta·

243 541 366 608 diensis
381 567 434 607 an.
457 544 539 623 1450
557 542 676 606 exarati
692 541 774 605 mihi
790 539 953 606 obtulerat
969 541 1202 622 Wernsdorfii,
1219 541 1283 605 viri

242 647 424 714 doctissimi
439 664 471 712 et
485 646 725 726 humanissimi,
743 647 983 712 benevolentia.
1002 651 1039 712 ln
1055 671 1141 713 nova
1154 646 1217 712 hac
1230 669 1280 711 re·

242 752 398 818 censione
414 750 457 816 ad
473 773 608 816 manum
625 753 718 817 fuere
735 750 866 818 schedae
881 753 932 817 Jo.
949 753 1121 819 Schraderi
1134 776 1211 818 cum
1223 751 1282 816 de-

243 859 371 946 scriptis
390 858 431 922 ab
451 881 491 924 eo
510 857 640 924 schedis
659 860 729 924 Nic.
750 859 892 938 Heinsii,
911 859 1004 950 cujus
1023 861 1229 949 sagacitatem
1249 859 1283 920 in

244 964 349 1050 poetis
369 961 583 1027 emendandis
602 985 701 1028 nemo
720 963 802 1028 alius
821 965 961 1054 aequarit
978 967 1031 1050 (r).
1054 965 1152 1029 Nolui
1173 981 1284 1028 tamen

245 1091 296 1148 ea,
309 1090 383 1156 quae
394 1069 574 1157 elegantius
584 1070 639 1136 ille
648 1068 832 1150 refinxerat,
842 1069 1020 1136 obtrudere
1030 1068 1171 1134 indoctis
1181 1091 1285 1157 gram·

243 1175 370 1239 maticis
390 1175 859 1267 interpolatoribus,1quorum
879 1176 1011 1243 fraudes
1032 1175 1122 1240 huuc
1141 1173 1284 1239 eundem

243 1280 351 1344 virum
365 1281 590 1346 acutissimum
605 1297 671 1341 tam
685 1302 802 1365 parum
816 1281 991 1344 odoratum
1005 1303 1077 1346 esse
1091 1282 1210 1369 saepius
1224 1283 1286 1343 mi·
1347 1279 1348 1282 ’

246 1402 334 1449 ratus
351 1407 434 1448 sum.
454 1383 598 1449 Omnino
615 1380 710 1446 valde
727 1380 855 1448 diversa
871 1384 957 1447 inter
972 1405 1007 1448 se
1024 1384 1177 1450 habenda
1191 1402 1285 1451 sunt:

245 1491 419 1555 restituere
435 1489 555 1553 veteris
572 1503 679 1578 poetae
695 1487 872 1552 lectionem
889 1490 987 1554 etiam
1002 1489 1092 1555 haud
1106 1491 1243 1572 bonam,
1261 1493 1288 1556 si

246 1596 337 1661 baud
356 1596 463 1659 bonus
483 1611 547 1672 est;
568 1609 613 1674 et,
634 1609 766 1681 poetam
784 1593 961 1681 refingere,
980 1595 1157 1684 minusque
1176 1597 1288 1686 probis

248 1703 447 1769 substituere
461 1701 608 1766 meliora.
625 1702 698 1768 Hoc
712 1723 780 1767 non
795 1702 898 1768 critici
912 1719 975 1782 est,
991 1700 1050 1766 sed
1060 1701 1191 1791 judicis.
1265 1760 1268 1766 .

293 1811 411 1872 Extant
425 1806 534 1872 adhuc
548 1809 669 1897 passim
686 1808 719 1872 in
733 1805 956 1887 bibliothecis,
975 1809 1123 1896 inprimis
1139 1809 1173 1872 in
1190 1809 1291 1898 Regia

248 1914 437 1994 Parisiensi,
459 1912 604 1992 codices,
627 1913 685 2003 qui
706 1913 871 2002 poematia
890 1913 946 1977 illa
968 1914 1109 1994 minora,
1134 1937 1208 2004 quae
1230 1913 1292 1978 sub

249 2021 378 2110 Virgilii
399 2019 533 2084 nomine
554 2020 667 2084 venire
687 2020 808 2099 solent,
832 2017 935 2083 modo
955 2019 1063 2109 plura,
1088 2019 1189 2086 modo
1210 2042 1292 2108 pau-

251 2129 355 2208 ciora,
366 2123 534 2196 interdum
544 2128 713 2208 Moretum
726 2143 863 2206 tantum,
872 2142 929 2191 aut
940 2125 1030 2191 aliud
1044 2149 1190 2206 carmen,
1207 2125 1293 2192 exhi-

251 2231 342 2298 bent.
361 2232 452 2313 Quos
471 2229 602 2296 codices
621 2233 648 2295 si
667 2253 833 2312 excussos,
856 2232 971 2298 saltem
989 2233 1155 2320 inspectos
1175 2253 1194 2296 a
1214 2231 1293 2295 viris

253 2337 373 2418 doctis,
394 2339 453 2428 qui
471 2359 509 2402 ea
524 2337 597 2402 loca
614 2337 751 2416 adeunt,
771 2337 943 2419 audivero,
963 2338 1068 2402 multo
1087 2337 1189 2426 magis
1207 2336 1295 2400 laeta-

252 2443 328 2524 bor,
345 2467 444 2535 quam
459 2443 488 2508 si
499 2459 548 2508 tot
559 2442 708 2530 vulgares
719 2442 836 2524 libros,
850 2446 908 2534 qui
920 2443 1104 2522 AEneidem‚
1119 2442 1293 2528 Georgica,

254 2567 289 2614 ct
311 2551 447 2638 Eclogas
470 2547 608 2628 habent,
633 2573 843 2640 quorumque
866 2551 1110 2637 comparatione
1132 2550 1185 2612 vix
1208 2546 1295 2610 ullus

254 2655 382 2718 fructus
398 2652 440 2719 ad
457 2653 512 2717 illa
529 2656 673 2719 carmina
689 2656 852 2744 expectari
867 2671 988 2742 potest,
1007 2656 1041 2718 in
1057 2654 1202 2720 medium
1218 2676 1296 2742 pro·

254 2761 332 2824 ferri
348 2757 488 2822 videam.
509 2760 578 2824 Nisi
595 2761 697 2840 euim,
718 2761 751 2824 in
769 2759 921 2825 codicum
940 2761 1143 2848 inspectione
1163 2774 1196 2823 et
1213 2781 1291 2839 usu,

251 2863 379 2956 judicio
392 2887 471 2928 sano
484 2881 517 2929 et
528 2882 619 2931 recto
632 2867 731 2932 utaris
741 2891 749 2947 ς
761 2865 890 2931 nullum
903 2865 998 2931 facile
1008 2885 1078 2928 esse
1088 2881 1196 2952 potest
1207 2864 1298 2929 aliud

257 2969 404 3036 studium
422 2986 489 3034 tam
503 2970 671 3059 jejunum,
691 2972 785 3036 futile
804 2987 837 3036 et
855 2970 981 3034 liberali
1002 2969 1136 3034 bomine
1155 2971 1209 3032 vix
1228 2969 1296 3059 dig·

257 3100 352 3156 nurn,
367 3097 465 3164 quam
476 3075 555 3156 boc,
570 3075 660 3165 quod
672 3076 704 3140 in
715 3075 917 3142 excutiendis
927 3074 1066 3140 librariae
1077 3074 1202 3139 inertiae
1212 3076 1299 3164 quis-

259 3185 368 3277 quiliis
382 3185 537 3250 collocari
551 3185 644 3248 solet.

293 3335 333 3405 (ι)
343 3334 433 3386 Edidit
443 3352 529 3404 nuper
544 3333 642 3406 (1766)
654 3335 689 3386 Η.
702 3335 760 3386 Fri-
799 3337 864 3405 jecit
874 3354 981 3408 quoque
990 3355 1021 3390 ex
1032 3335 1125 3388 eodem
1133 3335 1202 3385 libro
1212 3331 1301 3383 lectio-

259 3431 398 3467 semanntts
404 3415 434 3462 V.
442 3411 470 3463 C.
482 3411 647 3466 collectanea
658 3415 758 3482 critica,
802 3434 848 3468 nes
860 3420 992 3470 variantes
1004 3420 1030 3467 in
1040 3415 1093 3466 Cir.
1105 3411 1301 3465 codllasileen-

260 3496 288 3544 in
301 3493 397 3564 quibus
412 3492 485 3543 Cirin
498 3504 524 3542 et
537 3493 654 3545 Culicem
669 3497 758 3564 expri-
803 3498 854 3562 sis,
871 3499 898 3548 in
917 3496 975 3549 Cul.
989 3497 1077 3547 Peter.
1093 3505 1119 3544 et
1137 3493 1197 3542 Vos.
1211 3491 1300 3558 Quum

261 3575 417 3625 minoravit
436 3591 495 3623 rum
515 3577 673 3642 conjecturis
689 3593 758 3626 non·
803 3575 867 3626 mibi
885 3576 1019 3646 pleniores
1040 3570 1179 3623 Schraderi
1197 3568 1300 3622 schedae

263 3651 341 3704 nullis
356 3653 397 3702 lo.
412 3649 553 3703 Schraderi
569 3654 687 3723 magistri
700 3656 758 3718 sui,
805 3650 1058 3726 obtigissent,multa
1065 3650 1140 3702 licuit
1149 3650 1300 3724 diligentius

263 3750 328 3806 quas
339 3730 373 3784 ad
385 3733 530 3803 marginem
541 3731 604 3784 libri
620 3731 760 3784 adnotatas
805 3737 982 3793 constituam
1003 3745 1032 3783 et
1044 3769 1052 3798 ,
1075 3747 1132 3802 que
1144 3733 1245 3784 lleinsii
1264 3751 1301 3786 es-

263 3811 298 3864 ab
308 3811 442 3864 oblivione
453 3811 589 3865 vindicare
599 3812 698 3874 voluit;
714 3811 762 3880 ad-
805 3828 879 3880 sent,
896 3815 1033 3883 sejungere
1048 3831 1079 3866 ac
1090 3811 1249 3866 discernere.
