2964 4690
285 303 289 323 l

256 319 296 402 34
302 342 320 384 a

255 442 365 506 circum,
378 453 429 493 etc.
447 440 523 491 Hanc
536 435 721 507 trajectionem
732 435 872 507 probavit,
889 434 937 488 sed
951 453 1005 490 non
1021 439 1050 490 in
1064 455 1140 492 suam
1150 439 1318 492 Editionem

257 510 363 572 admisit
375 519 505 590 Heynius3
520 516 582 568 vide
592 516 680 568 varias
693 515 821 568 lectiones
834 515 912 586 hujus
925 515 1044 590 Eclogae,
1056 518 1110 570 vol.
1123 522 1148 584 1,
1162 539 1223 591 pag.
1239 519 1318 584 206,

254 600 302 652 ubi
315 611 403 651 tamen
416 602 443 651 in
455 599 522 650 alios
535 597 626 668 lapsus
637 614 755 662 errores,
769 595 883 658 affirmat
893 608 940 649 tres
952 597 996 651 hos
1009 618 1091 652 vensis
1103 603 1201 671 pariter
1214 619 1230 652 a
1242 601 1318 653 Sca-

255 678 348 752 ligeno,
369 683 482 733 Poetiees
493 680 556 732 libro
567 680 600 746 V,
620 697 679 749 cap.
694 677 724 743 5,
746 689 864 731 retractos
876 679 969 742 fuisse3
990 693 1016 733 et
1031 681 1099 732 nihil
1111 683 1233 734 suauitati
1244 700 1315 733 car-

255 759 333 811 minis
344 759 485 812 detraomm
498 761 593 825 fuisse,
612 760 710 810 sicum
728 758 821 810 ovibus
838 759 916 810 etiam
933 759 1060 831 opiliones
1072 775 1097 814 et
1113 761 1228 814 subulcos
1244 779 1316 812 om-

255 840 320 890 uino
342 854 422 911 poeta
443 840 580 892 omisisset:
604 857 658 910 qua
679 837 788 908 quidem
809 839 937 909 opinione
960 857 1077 892 summus
1100 841 1146 892 iile
1169 843 1209 892 vir
1231 853 1257 892 et
1278 842 1314 891 in

255 921 394 974 veritatem
408 935 434 975 et
447 923 475 974 in
484 919 614 992 judicium
627 922 762 992 peccarim
776 921 954 991 namqueJul.
971 920 1035 972 Cas.
1049 921 1179 994 Scaliger,
1193 922 1211 973 l.
1225 941 1248 973 c.
1258 940 1317 973 ne·

257 997 321 1050 dum
330 1001 481 1074 Virgilianae
492 1003 620 1053 orationis
632 1002 753 1052 immutet
765 1000 902 1072 vulgatum
915 1013 1049 1065 tenorem,
1060 1015 1086 1054 et
1097 1001 1229 1054 tollendos
1242 999 1314 1052 inde

257 1094 380 1152 pastores
393 1099 512 1152 censeat,
524 1083 594 1135 hanc
608 1083 851 1148 enumerationem,
866 1077 952 1154 qualis
966 1095 1018 1148 est,
1036 1082 1202 1135 Theocriteae
1213 1083 1315 1154 primae

258 1159 398 1226 collatam,
415 1164 508 1216 laudat
521 1163 697 1235 vegetiorem,
715 1161 840 1213 mirificis·
851 1175 957 1214 auctam
974 1165 1106 1226 numeris,
1127 1177 1206 1233 atque
1225 1163 1315 1214 etiam

254 1241 422 1314 interpositis
435 1247 585 1310 sententiis,
601 1246 677 1316 quasi
688 1243 770 1295 clavis
783 1246 810 1295 in
823 1257 899 1316 toga,
918 1243 1054 1316 eleganter
1065 1245 1240 1306 illustratam
1258 1241 1316 1294 de-

258 1323 341 1393 nique
353 1337 437 1378 totam
449 1326 519 1378 hane
530 1339 610 1378 vocat
621 1325 750 1390 diuinam,
763 1337 789 1377 et
799 1327 837 1377 ait
847 1324 1001 1396 Apollinem
1011 1327 1112 1397 ipsum,
1123 1343 1206 1396 quum
1215 1335 1317 1395 pastor

259 1419 341 1464 esset,
356 1424 494 1478 nunquam
502 1405 724 1477 jucundioribus,
737 1420 786 1458 ant
798 1409 883 1479 magis
896 1407 1024 1460 teretibus
1036 1409 1154 1460 numeris
1170 1406 1314 1458 cecinisse.

259 1481 333 1534 Nihil
353 1488 423 1538 enim
442 1489 540 1539 rationi
555 1488 680 1558 poeticae,
699 1485 765 1537 nihil
784 1488 891 1558 ingenio
910 1487 1071 1538 Maroniano
1091 1487 1314 1540 convenientius!

260 1576 402 1634 postquam
416 1565 498 1618 Siculi
510 1568 591 1618 fontis
604 1564 756 1638 Nympham
766 1567 801 1617 ad
813 1565 884 1620 Galli
897 1565 992 1617 solatia
1005 1568 1153 1631 invocavit,
1164 1565 1230 1619 alias
1243 1563 1316 1616 allo-

261 1643 352 1712 quitur
364 1643 500 1714 Nymphas
513 1645 639 1716 prtesides
651 1645 767 1696 fontium
780 1647 826 1718 qui
839 1645 872 1696 de
885 1645 1015 1697 Parnasso
1029 1659 1054 1699 et
1067 1646 1195 1697 Helicone
1208 1646 1236 1696 in
1249 1645 1314 1694 Per-

261 1739 375 1773 messum
388 1723 537 1793 profluunt;
558 1737 584 1777 et
597 1725 630 1778 ad
645 1724 694 1777 has
707 1737 779 1778 reete
792 1743 942 1776 sermonem
954 1727 1100 1785 consentin
1118 1738 1235 1794 namque
1247 1722 1315 1774 Gal-

261 1799 316 1850 lum
336 1817 468 1854 noverunt
486 1805 556 1857 inter
575 1806 704 1858 Permessi
722 1803 833 1858 hunnine
852 1818 1000 1871 errantem,
1021 1805 1077 1858 Eat.
1098 1805 1147 1868 Vl,
1167 1803 1215 1869 64;
1235 1805 1314 1854 utin

261 1893 365 1932 montes
385 1883 485 1936 Aonios
505 1885 616 1952 ductus,
634 1886 731 1938 viderit
748 1888 901 1939 universum
917 1885 1050 1958 Apollinis
1067 1885 1193 1948 chorum,
1213 1883 1241 1934 id
1257 1895 1314 1948 est,

261 1964 368 2029 Musas,
387 1965 538 2039 Nymphas,
557 1983 645 2037 vates,
664 1968 775 2021 honoris
797 1987 861 2040 ergo
883 1967 934 2020 sibi
953 1982 1153 2042 assurgentem:
1174 1987 1219 2021 eas
1232 1969 1317 2040 igitur

261 2043 358 2094 merito
370 2045 556 2117 reprehendit,
571 2048 643 2120 quod
656 2067 711 2101 non
723 2048 798 2100 illurn
810 2067 900 2100 amore
909 2062 1066 2119 pereuntem
1080 2048 1256 2100 sublevatum
1269 2065 1316 2100 ve·

261 2123 364 2192 nerint,
388 2123 451 2177 dum
471 2127 572 2180 flebant
592 2130 662 2181 illius
682 2143 780 2181 sortem
803 2129 873 2180 lauri
899 2127 998 2180 Phoebo
1018 2128 1136 2196 dilectae,
1157 2141 1182 2180 et
1207 2129 1313 2200 myrica

261 2223 346 2276 genus
358 2207 492 2280 signantes
505 2210 672 2272 Bucolicum
686 2209 784 2262 deinde
795 2221 897 2260 montes
908 2221 934 2261 et
944 2226 1016 2272 saxa,
1025 2226 1083 2278 quse
1091 2209 1204 2259 immitia
1216 2219 1242 2259 et
1254 2208 1312 2259 sine

262 2302 357 2348 sensu;
369 2302 506 2360 postremo
517 2291 580 2362 ipsae
591 2309 667 2356 oves,
680 2309 738 2361 quae
749 2303 841 2361 pastus
853 2288 956 2353 oblitae,
969 2301 1104 2358 pastorem
1115 2305 1191 2338 suum
1202 2288 1314 2338 circnm-

263 2366 386 2431 stabant‚
397 2369 431 2420 ad
444 2369 522 2439 hujus
531 2370 661 2446 lacrymas
671 2370 778 2422 intentae
789 2383 815 2422 et
825 2371 889 2440 ipsae
898 2369 999 2440 pariter
1007 2365 1238 2439 lacrymabunda;
1248 2364 1313 2416 dum

263 2450 389 2502 custodes
400 2455 488 2503 oviuin
499 2467 524 2504 et
534 2471 626 2504 omnes
638 2455 681 2504 Dii
694 2454 786 2504 rustici
799 2449 876 2504 simul
887 2451 922 2504 ad
932 2450 1074 2503 solandum
1085 2448 1258 2502 accedebant.
1271 2450 1314 2499 lta

260 2533 317 2600 jam
330 2533 357 2582 in
372 2533 427 2584 Ecl.
441 2535 473 2597 V,
488 2551 534 2598 ar,
547 2532 682 2604 Daphnim
694 2533 821 2586 fleverant
835 2535 921 2604 primo
934 2531 1076 2604 Nymphae,
1094 2529 1191 2583 deinde
1204 2530 1313 2582 arbores

264 2625 291 2664 et
303 2611 426 2679 flumina,
444 2613 534 2666 bestia
547 2617 623 2668 mites
636 2628 717 2684 etque
729 2615 857 2675 immites;
877 2625 1013 2684 postremo
1025 2613 1070 2664 Dii
1084 2613 1149 2683 ipsi,
1165 2613 1233 2663 inter
1246 2627 1313 2683 quos

264 2690 340 2742 Pales
357 2703 383 2743 et
404 2688 520 2763 Apollo:
541 2681 604 2764 ergo
624 2694 725 2766 ubique
744 2693 815 2745 idem
834 2691 900 2744 ordo
920 2689 1040 2756 lucidus,
1060 2689 1152 2742 eadem
1172 2688 1313 2754 facundia,

266 2769 338 2823 idem
350 2771 457 2822 divinus
468 2775 556 2824 vates!

300 2851 341 2903 De
355 2849 460 2904 duabus
473 2851 531 2903 aliis
547 2850 750 2921 trajectionibus
768 2869 833 2922 qma
848 2851 886 2904 ibi
897 2852 1026 2922 proponit
1042 2849 1202 2913 Scriverius,
1214 2849 1312 2919 pariter

268 2949 316 2984 suo
330 2929 405 2996 loco,
418 2931 446 2984 id
459 2945 512 2998 est,
529 2932 625 3006 Georg.
639 2934 684 2998 IV,
702 2951 726 2984 v.
742 2949 807 3002 ²9⁰3
821 2945 847 2986 et
858 2933 917 2984 AEn.
930 2933 968 2999 X,
982 2931 1048 3002 714,
1060 2932 1132 2983 infra
1141 2929 1273 2988 dicemus;
1286 2939 1313 2978 et

266 3029 374 3078 mnus,
390 3029 451 3084 quae,
460 3025 545 3067 textus
559 3015 683 3086 antiquos
697 3013 796 3066 audent
808 3015 964 3082 immutare,
980 3013 1133 3067 temerarias
1145 3023 1172 3064 et
1185 3009 1313 3080 prolana*

265 3095 325 3164 jure
339 3093 531 3149 incumbimus,
