3000 4674
489 377 540 442 nv
564 373 812 458 nctooau
836 375 897 438 1v.
1151 383 1213 469 273

172 507 264 576 decus
277 503 347 579 erit,
356 516 385 564 te
394 501 532 562 Consule
542 513 700 574 nascetur,
711 499 872 578 vitamque
884 499 989 560 inibit:
1000 511 1105 562 actam
1115 501 1215 567 felicis

171 597 243 655 vitta
262 614 372 656 exorsu
392 591 562 675 procedent
582 609 718 662 menses,
737 588 843 668 magni
864 607 950 662 vere,
971 604 1064 671 atque
1084 595 1213 654 eximii:

172 701 250 764 quos
259 681 377 742 nullius
387 681 449 740 vita
458 680 608 759 potuisset
619 672 848 756 daremajores,
859 674 1032 752 feliciores,
1041 677 1215 742 faustiores.

214 770 259 829 13.
280 770 311 830 Si
328 789 396 850 quae
411 789 485 830 vero
502 767 669 828 restiterint
680 764 821 845 reliquiae
840 763 995 826 bellorum
1011 765 1166 844 civilium,
1180 771 1214 829 in

171 878 241 939 quae
259 879 316 918 nos
330 879 384 940 per
398 877 556 918 summum
576 854 672 916 scelus
691 853 896 926 incurrimus,
914 865 969 915 tuo
988 853 1101 931 ductu,
1122 871 1215 938 atque

172 947 316 1028 auspiciis
330 960 528 1007 conterentur
547 967 554 1002 :
574 941 726 1026 quicquid
746 955 791 1001 est
812 939 1069 1016 formidandum,
1090 945 1214 1006 irritum

171 1036 246 1112 erit,
270 1049 301 1095 te
317 1033 461 1096 Consule.

214 1123 261 1184 15.
283 1125 373 1184 Vivet
388 1123 439 1184 hic
456 1135 561 1197 natus,
580 1135 615 1182 ut
633 1121 687 1180 Dii
706 1119 784 1180 olim
802 1119 958 1195 vixerunt,
979 1119 1062 1179 vivet
1078 1121 1217 1184 Deorum

172 1214 289 1274 vitam:
308 1215 390 1276 Deos
408 1212 542 1286 videbit,
564 1232 581 1270 a
599 1211 667 1270 Diis
686 1209 866 1270 videbitur:
887 1221 993 1268 cernet
1010 1229 1074 1270 una
1095 1232 1219 1295 quoque

173 1320 319 1381 magnos,
333 1301 387 1381 qui
402 1319 512 1360 omnes
523 1293 682 1378 conjuncti
697 1316 798 1356 evum
813 1315 942 1356 aureum
956 1295 1130 1376 agitabunt.

215 1408 261 1470 17.
279 1388 321 1446 Ac
332 1387 460 1448 demum
473 1389 507 1446 in
519 1386 742 1467 possessionem
757 1383 842 1444 orbis
851 1383 1010 1460 adveniet,
1028 1404 1120 1466 quem
1135 1401 1220 1468 reget

173 1491 321 1559 pacatum
332 1477 544 1558 lmperatoriis
555 1477 650 1558 patris
664 1475 712 1534 sui
728 1471 906 1534 virtutibus.

217 1567 262 1626 18.
274 1567 302 1627 Ο
314 1587 406 1648 puer,
417 1565 555 1626 tellus‘in
567 1565 700 1646 gratiam
711 1565 756 1624 tui
769 1561 873 1624 fundit
887 1563 1089 1644 omnigenam
1103 1561 1218 1626 florum

174 1655 368 1730 varietatem,
382 1652 525 1729 hederas,
537 1651 662 1729 baccar,
678 1652 844 1728 colocasia,
857 1649 1035 1713 acanthum.

173 1839 675 1918 consuledesipnato.Asconiusl’edia·
718 1845 810 1916 irrita,
822 1858 849 1901 et
860 1843 964 1900 solvent
976 1859 1060 1900 terras
1071 1845 1176 1900 timore.
1184 1870 1221 1888 -·

174 1941 225 1978 nus
235 1925 338 1978 aGallo
348 1927 454 1980 audisse
464 1928 675 1996 serefert,hane
719 1927 860 1998 Perpetua.
878 1927 978 1998 Longa.
998 1929 1099 1992 lmmo,
1116 1926 1220 1984 solvent

174 2003 295 2078 eclogam
306 2008 334 2059 in
345 2005 477 2060 honoram
493 2010 549 2078 ejus
564 2009 672 2060 factam.
719 2019 850 2078 perpetua
867 2005 1026 2070 formidine,
1043 2003 1072 2057 id
1089 2017 1144 2071 est,
1164 2005 1220 2058 sol-

175 2087 354 2140 Sevu.-llaec
366 2091 456 2141 omnia
468 2091 673 2142 confutavimus.
718 2099 781 2138 vent
789 2083 932 2137 formidine
940 2086 967 2135 in
976 2090 1220 2156 perpetuumSet-v.
1233 2125 1235 2130 .

212 2183 252 2220 11.
266 2165 363 2219 Pollio.
378 2169 417 2222 De
429 2167 482 2220 hoc
499 2187 603 2221 summo
616 2170 674 2220 viro
758 2166 799 2218 18.
812 2166 848 2216 At
865 2165 914 2216 tibi
927 2164 1015 2236 privita
1024 2203 1033 2230 ,
1048 2182 1130 2235 puer,
1145 2162 1222 2218 nullo

173 2243 229 2298 Ecl.
243 2248 294 2312 lll,
307 2247 354 2300 86:
369 2265 457 2318 pauca
467 2243 548 2314 addo,
557 2247 601 2298 Ad
607 2265 677 2300 sum·
719 2241 877 2296 munuscula
888 2241 971 2294 cultu.
985 2243 1127 2296 Rhetorice
1136 2243 1222 2316 diges-

174 2343 218 2376 ma
228 2337 364 2397 provectus
374 2326 526 2398 incorrupta
536 2327 590 2378 uita
599 2337 625 2378 et
628 2323 677 2397 fa·
719 2337 746 2378 ta
764 2324 898 2386 laudatio,
912 2343 966 2375 non
983 2321 1054 2376 enim
1071 2323 1221 2395 improvide

173 2404 399 2458 tundim'l'acitus
408 2404 527 2457 Annall.
538 2405 584 2470 xl,
593 2407 621 2456 6:
632 2423 677 2456 an·
718 2406 746 2457 in
758 2403 892 2476 principio
902 2407 1026 2456 universa
1039 2405 1203 2475 consumpsit
1212 2399 1232 2455 't'

175 2483 674 2554 numeraturoptimt'soratoritunltial.
719 2477 768 2538 aad
790 2484 919 2556 paulatim
944 2485 1009 2537 feeit
1031 2481 1139 2536 laudem
1161 2501 1222 2536 curn

173 2561 208 2616 de
217 2577 284 2616 orat.
294 2564 335 2618 25.
348 2565 566 2637 Maynusorator,
574 2567 677 2619 Seneca
720 2577 796 2618 etate
819 2563 973 2636 procedere.
995 2592 1032 2606 -
1048 2563 1221 2616 Munusculn.

174 2643 208 2700 de
219 2657 306 2715 tranq.
315 2663 339 2697 c.
355 2642 394 2696 15.
403 2644 510 2697 Asinius
521 2643 608 2696 Pollio
621 2661 675 2694 non
720 2647 790 2699 Bene
801 2646 1035 2700 inrebnsmiuoris
1048 2647 1147 2711 atatis,
1157 2661 1221 2697 usus

174 2724 287 2775 minima
299 2742 361 2796 pars
371 2724 446 2776 Rom.
459 2721 527 2795 styli.
537 2723 595 2775 Val.
603 2723 674 2774 Max.
721 2740 762 2780 est
778 2725 973 2788 diminutione;
990 2737 1021 2777 ut
1035 2724 1110 2777 nullo
1131 2725 1221 2793 cultu,

174 2805 251 2871 Vlll,
271 2803 311 2856 13.
329 2802 408 2855 Plura
424 2803 489 2855 Plin.
508 2803 571 2869 Vll,
587 2802 630 2855 33.
649 2815 676 2854 et
721 2805 750 2858 id
770 2819 826 2873 est,
848 2806 969 2874 inarata,
990 2805 1038 2860 ted
1059 2822 1109 2858 sua
1126 2816 1223 2878 sponte

174 2879 268 2937 Senec.
279 2885 306 2934 in
316 2883 391 2955 praef.
400 2883 444 2934 tv,
453 2896 573 2935 controv.
587 2881 675 2934 Emm.
719 2899 794 2940 nata.
805 2885 877 2938 Seru.

175 2993 211 3004 -
224 2963 321 3036 Mapm'
335 2963 474 3035 procedere
492 2981 596 3016 mentes.
613 2963 675 3014 Nou
759 2983 798 3038 ¹9·
814 2966 937 3020 Errantes
950 2965 1039 3022 edem
1053 2965 1150 3039 passim
1161 2983 1224 3020 cum

174 3041 261 3096 Julius
280 3053 307 3094 et
325 3043 481 3114 Augustus,
503 3041 550 3094 sed
571 3059 675 3096 menses
721 3043 827 3098 baccare
852 3043 937 3110 tellas.
961 3047 1061 3098 Passim
1086 3059 1222 3118 vagantes.

175 3121 266 3194 magni
278 3121 349 3172 anni.
367 3122 460 3191 ltaque
477 3139 530 3172 non
548 3121 676 3189 retrahit,
721 3125 798 3178 Unde
808 3126 912 3196 antiqui
921 3125 997 3198 lyrici
1006 3125 1142 3192 dixerunt,
1152 3125 1223 3178 flexi·

175 3203 223 3271 qui
252 3217 379 3272 mapnum
409 3217 522 3252 mettsem
551 3200 677 3253 seculum
719 3203 804 3276 pedes
824 3203 957 3256 hederas:
979 3202 1053 3273 quod
1072 3202 1123 3254 hac
1142 3217 1222 3275 atqua

175 3277 350 3332 Chaldaicum
359 3279 502 3330 vocaverit.
511 3275 581 3332 Nam
590 3293 619 3331 ut
632 3298 678 3332 an·
721 3283 783 3336 illac
804 3295 943 3353 vagantur.
965 3281 1033 3332 Mira
1049 3292 1138 3334 autem
1155 3297 1223 3353 pne·

176 3371 221 3412 tea
229 3359 310 3411 Poeta
321 3356 397 3424 dixit,
405 3357 521 3431 Mapnus
532 3359 564 3410 ab
577 3359 678 3433 inteprc
722 3379 782 3414 rum
802 3358 895 3413 laudat
916 3378 948 3412 ex
971 3361 1035 3430 ipsis
1056 3362 1220 3414 muneribus.

175 3431 311 3492 seclorum
318 3493 321 3502 ,
329 3437 447 3490 nascitur
461 3437 541 3500 ordo,-
558 3438 613 3505 ihi,
629 3458 679 3511 per
721 3441 791 3492 Nam
801 3438 904 3494 hedera
913 3438 1013 3492 indicat
1026 3440 1145 3492 futurum
1155 3447 1221 3512 poe-

176 3535 304 3591 mapnum
317 3517 434 3569 ordinem
443 3517 589 3583 saelorum,
597 3520 678 3572 maxi·
722 3531 794 3580 tam:
809 3530 852 3583 ut,
869 3518 988 3571 Pastum
1004 3515 1099 3570 ledere
1115 3537 1222 3574 nascen-

176 3617 250 3658 mum
266 3616 367 3650 annum
383 3595 524 3670 intelligit,
545 3617 677 3654 annorum
721 3609 773 3650 tem
790 3606 882 3650 ornata
892 3607 1006 3668 poetam.
1024 3596 1125 3649 Baccar
1140 3615 1222 3666 vero,

176 3678 295 3732 civilium
315 3675 493 3746 MCCCCXL,
516 3679 591 3749 cujus
613 3681 677 3732 anui
720 3675 807 3730 herba
817 3688 874 3742 est,
887 3693 945 3746 quae
957 3675 1089 3730 fascinum
1099 3675 1220 3749 depellit.

176 3760 274 3812 mensis
292 3769 332 3810 est
352 3756 424 3809 CXX
441 3776 587 3824 annorum,
604 3757 677 3831 quod
721 3769 768 3824 ut,
786 3755 900 3807 Baccara
912 3753 1032 3825 frontem
1049 3753 1169 3826 Cinpite,
1189 3775 1223 3812 nt

177 3852 217 3894 est
230 3835 499 3912 seculumScaquer.
722 3835 777 3890 vati
797 3845 889 3888 uocem
909 3831 982 3885 mala
1003 3831 1097 3906 linqua
1113 3834 1220 3905 futuro.

216 3917 256 3984 14.
273 3915 361 3968 Irrita.
378 3915 420 3968 Ad
435 3915 548 3968 nihilum
562 3913 678 3970 deducta
721 3919 771 3968 Per
788 3912 861 3986 quod
878 3912 1021 3984 pulchrum
1036 3911 1137 3966 indicat
1152 3933 1221 3988 pue·

176 3997 342 4068 vestigium
359 4014 413 4048 uon
427 3995 509 4062 dicit,
526 3998 585 4048 Jam
603 3996 678 4047 irrita
722 3993 873 4048 rum.Serv.
1233 4037 1236 4046 .

175 4071 276 4130 salvent
285 4085 362 4128 terrm
368 4073 535 4148 fonnidiue:
545 4073 606 4149 sed,
615 4075 679 4130 fleat
760 4091 802 4130 aa.
815 4071 923 4130 Ridenti
933 4069 1057 4126 acantho.
1068 4063 1223 4142 Ιῖειομιιι·

250 4161 275 4216 t.
1015 4159 1046 4214 tt
1100 4157 1103 4164 '
