2964 4690
497 415 549 482 lu
573 414 821 486 schoottt
844 419 907 490 tx.
1159 431 1226 500 325

175 553 240 616 que
251 537 335 596 enim
347 535 437 599 furor
449 537 582 601 Martius
594 539 807 624 permulcetur
819 557 883 605 tam
895 544 981 610 dulci
993 546 1228 631 blandimento,

178 640 281 704 neque
293 626 466 688 exaudiunt
479 625 659 710 gladiorum
671 633 793 693 sonitus
807 645 872 693 mm
884 655 1010 698 suavem
1024 639 1227 706 cantilenam.

224 710 269 788 tlt.
284 716 390 798 Pergit
401 719 523 794 Moeris,
536 717 676 804 dicitque
688 741 720 784 se
735 721 774 782 ab
789 723 916 788 sinistra
927 729 1064 805 cornice,
1079 751 1148 812 quae
1159 747 1229 794 erat

179 799 214 860 in
231 797 318 880 ilice,
338 804 554 884 admonitum,
573 821 607 869 ut
625 807 696 872 lites
712 831 838 888 omnes,
859 817 1103 901 occasionesque
1120 821 1228 884 litium

176 907 251 950 cum
269 893 369 955 milite
381 897 453 957 Ario
466 911 665 980 amputaret:
681 901 734 962 eui
750 902 813 962 nisi
829 905 880 962 avi
895 905 1065 987 paruisset,
1082 907 1226 972 futurum

177 976 291 1059 luisse,
303 999 338 1045 ut
347 1005 405 1046 nee
416 987 496 1068 ipse,
507 1009 563 1050 nec
573 988 724 1072 Virgilius
733 989 800 1072 jam
810 991 966 1069 risereut3
978 995 1056 1057 adeo
1068 1000 1226 1082 impoten-

179 1079 226 1128 ter
239 1066 322 1133 ferus
336 1073 427 1136 miles
439 1079 474 1136 in
486 1079 616 1138 rusticas
629 1099 704 1161 opes
716 1101 893 1162 pauperum
905 1083 1117 1147 involaverat!

221 1179 267 1243 ¹7·
277 1164 384 1241 Quum
395 1165 534 1227 audisset
544 1168 694 1250 Lycidas,
706 1173 819 1253 quoin
827 1171 1006 1236 discrimine
1016 1192 1138 1238 versata
1150 1177 1227 1239 fuis·

178 1262 225 1310 set
240 1249 325 1314 salus
341 1269 371 1316 et
388 1259 453 1321 vita
469 1256 610 1338 Virgilii,
625 1262 763 1343 erumpit
779 1263 814 1322 in
830 1262 1087 1342 admirationem,
1106 1269 1156 1329 cui
1173 1267 1227 1328 ad·

174 1333 280 1419 jungit
299 1339 416 1407 doloris
434 1359 562 1406 notam:
586 1345 664 1422 heu,
688 1362 852 1412 tantumne
870 1351 1121 1416 seeluehumaua
1139 1375 1227 1418 meras

177 1425 332 1506 concipit?
345 1428 421 1506 heu,
433 1432 556 1514 Virgili,
568 1453 657 1516 paene
672 1435 764 1497 nobis
774 1451 877 1520 rapte,
886 1451 980 1522 atque
990 1463 1053 1503 una
1063 1455 1168 1504 tecum
1178 1464 1227 1503 so·

176 1509 310 1588 latia,et
318 1517 534 1584 blandimenta
545 1537 672 1586 tuorum
683 1528 971 1612 carminumlryuis,
981 1532 1042 1592 nisi
1056 1545 1107 1609 tu,
1119 1533 1227 1606 Maro,

176 1600 338 1682 conderet,
364 1628 434 1690 quae
457 1612 490 1671 in
516 1614 627 1694 quinta
643 1612 757 1696 Eclega
775 1613 923 1697 leguntur
936 1618 976 1681 de
990 1618 1162 1703 Nymphis,
1184 1618 1225 1682 de

175 1693 291 1769 sparsis
306 1693 452 1775 floribus,
465 1699 504 1760 de
515 1703 626 1763 umbra
642 1702 771 1766 inducta
783 1704 937 1768 fontibus.

216 1797 264 1838 ar.
276 1781 380 1865 Pergit
390 1787 523 1869 Lycidas
535 1811 543 1848 τ
554 1789 603 1851 vel
614 1792 701 1873 quis,
713 1813 733 1853 o
743 1794 847 1869 Maro,
859 1795 921 1858 nisi
931 1807 981 1874 tu,
992 1795 1106 1860 faceret
1117 1798 1177 1859 trie
1189 1818 1225 1858 ea

175 1869 333 1947 carmina,
354 1893 425 1956 quse
447 1875 503 1937 tibi
519 1877 700 1940 clanculum
715 1880 888 1944 suffuratus
900 1905 1001 1966 nuper
1019 1906 1104 1962 sum,
1126 1907 1225 1968 quum

174 1947 270 2016 ferres
286 1969 315 2018 te
329 1959 369 2020 asl
386 1957 591 2045 Amaryllida,
610 1967 665 2028 ubi
682 1968 802 2032 deliciae
819 1985 952 2033 nostrae:
972 1974 1082 2034 recitat
1095 1976 1155 2035 tris
1169 1973 1226 2036 illa

173 2044 328 2123 carmina,
348 2069 419 2131 qum
431 2051 540 2114 abiens
553 2053 591 2116 ad
607 2056 833 2138 Amaryllidem
845 2059 995 2142 Virgilius
1007 2060 1136 2137 fecerat,
1147 2082 1224 2143 quo·

172 2147 243 2188 rum
259 2139 415 2199 sententie
426 2153 470 2201 est
480 2163 490 2200 ·,
502 2155 537 2202 ut
546 2144 687 2227 Tityrus,
699 2143 777 2206 dum
789 2147 856 2228 ipse
866 2146 988 2223 redeat,
1006 2146 1141 2230 capellas
1152 2170 1224 2232 pas·

172 2231 239 2294 eat,
251 2238 356 2304 pastas
374 2215 412 2288 ad
430 2243 543 2312 potum
555 2246 643 2315 agat,
662 2250 771 2298 caveat
783 2255 858 2298 vero
872 2251 946 2299 tunc
960 2235 1003 2296 ab
1012 2252 1224 2314 occurentem,

172 2320 205 2366 et
216 2305 344 2372 feriente
359 2335 468 2398 capro.

212 2399 261 2457 26.
275 2401 395 2464 Recitat
411 2407 518 2469 Moeris
533 2412 594 2472 trie
611 2409 673 2473 alia
686 2417 840 2490 earmina,
860 2435 931 2498 quta
943 2413 1094 2498 Virgilius
1108 2414 1225 2478 fecerat

171 2482 205 2542 in
219 2482 346 2550 laudem
358 2492 448 2569 Vari,
467 2515 564 2577 quam
580 2498 753 2578 inchoavit,
773 2523 830 2563 nee
844 2503 993 2585 perfecit:
1015 2505 1104 2585 quasi
1119 2503 1222 2566 dicat:

171 2569 271 2633 immo
285 2594 375 2652 vero,
389 2581 552 2664 oLycida,
565 2600 686 2666 quanto
698 2587 753 2648 illa
768 2589 916 2665 meliora,
928 2592 1023 2652 etiam
1037 2590 1064 2651 si
1077 2588 1223 2652 nondum

169 2661 326 2742 perfecta!
346 2663 466 2747 ferent,
484 2693 504 2732 o
522 2673 618 2753 Vere,
636 2676 676 2736 ad
697 2679 808 2740 caelum
823 2701 939 2741 nomen
951 2693 1042 2740 tuum
1056 2679 1221 2741 Mantuani

169 2749 284 2832 Cycni,
299 2769 413 2837 poetas3
427 2762 523 2823 modo
534 2762 621 2824 salva
632 2765 687 2842 sit,
699 2779 730 2827 et
742 2766 910 2830 incolumis
922 2769 1067 2846 Mantua,
1078 2767 1111 2830 in
1124 2787 1220 2851 quam

165 2839 361 2920 redundavit
373 2845 477 2912 clades
490 2852 601 2914 vicinae
617 2853 791 2920 Cremonae.

169 2977 304 3063 romunt*
311 2999 408 3072 quihus
416 3004 623 3062 sibiPollionem
631 3009 671 3062 in·
715 3023 839 3084 tempora
860 3011 949 3082 carpit
967 3009 1094 3092 Augusti,
1121 3009 1219 3081 quibus

168 3076 429 3154 tereess'oremapud
441 3085 589 3158 Augustum
602 3107 670 3142 eon·
715 3094 836 3145 earmina
858 3110 913 3144 nou
937 3089 1134 3143 oblectamento
1161 3091 1219 3143 iue-

168 3151 320 3224 ciliarerat,
333 3161 482 3233 accipiunt3
496 3182 550 3235 quo
562 3169 670 3240 fugato,
714 3183 790 3240 rant,
802 3170 851 3224 sed
860 3171 974 3224 solatio:
988 3165 1063 3242 quod
1069 3167 1218 3222 infelicium

168 3249 259 3285 rursus
274 3234 307 3289 de
320 3238 427 3309 prediis
439 3243 493 3294 suis
506 3245 595 3298 fuerat
608 3247 671 3298 Vir-
715 3266 773 3302 esse
786 3251 935 3302 consuevit.

168 3309 247 3383 gilius
260 3316 395 3386 expulsus.
408 3320 479 3373 Serv.
753 3327 793 3381 28.
811 3329 925 3380 Mantua
944 3346 981 3380 uoe
996 3327 1094 3379 miserae
1104 3327 1218 3382 nimium

206 3391 245 3444 16.
268 3393 339 3448 Tuus
356 3398 452 3452 Moen's.
472 3399 503 3452 ld
520 3413 575 3471 est,
593 3403 668 3456 Tutts
712 3407 1217 3482 uicinaCremonoeAEeneingemitMaq·

166 3473 277 3528 amicus.
286 3475 385 3550 -Ipse
396 3479 538 3534 Menalcas.
549 3484 600 3536 Pro
609 3484 669 3536 Vir·
712 3487 1061 3553 tuanoruminlelieitatem,
1069 3484 1217 3557 quibusso·

163 3550 244 3625 gilio,
253 3554 370 3627 quidum
378 3577 457 3631 agros
464 3577 528 3614 suos
536 3559 667 3632 defendit,
711 3565 740 3618 la
751 3565 840 3618 obfuit
852 3565 975 3618 vicinitas
984 3563 1214 3620 Cremonensium.

164 3651 241 3708 pene
254 3638 359 3690 occisus
372 3652 420 3692 est.
434 3640 504 3693 Seru.
711 3645 781 3699 Nam
792 3647 892 3715 Cassii,
907 3645 994 3713 Bruti,
1007 3656 1034 3698 et
1045 3644 1154 3697 Antonii
1166 3665 1214 3698 co·

204 3715 668 3796 18.Poenesimultecumrolstiarop·
710 3728 770 3799 pias
797 3725 990 3779 Cremonenses
1017 3739 1213 3798 susceperant:

164 3796 471 3854 thenalealcumsuis
481 3804 552 3854 enim
563 3802 665 3858 solatiis
712 3824 780 3880 quos
793 3807 872 3860 etiarn
883 3808 956 3879 ipsos
968 3804 1038 3858 bene
1048 3819 1166 3870 excusat,
1174 3805 1214 3860 di·

162 3877 243 3946 periit
250 3879 514 3951 poeta,quinecdum
522 3881 600 3934 editis
608 3903 666 3936 car·
710 3904 774 3940 cens
786 3885 883 3938 miserae
898 3887 1044 3945 Cremonoer
1062 3901 1121 3954 quse
1133 3885 1212 3940 etiam

164 3954 279 4007 minibus
297 3959 421 4012 moritur.
435 3961 561 4032 Virgilius
576 3978 664 4016 autem
710 3967 733 4018 si
743 3963 837 4032 vellet,
849 3965 957 4018 minime
968 3975 1056 4016 tamen
1070 3963 1155 4015 tantis.
1164 3983 1212 4016 eo-

164 4029 211 4082 illo
219 4045 339 4106 tempore
347 4039 665 4115 nondumaliqnidserip-
710 4045 761 4118 piis
775 4057 867 4116 posset
883 4045 1015 4098 resistere.
1031 4041 1152 4094 Nimium
1166 4063 1213 4098 au·

164 4123 251 4165 terat:
265 4115 416 4176 etdiceuda
425 4117 540 4188 Solatia,
551 4119 666 4176 latenter
711 4135 764 4178 tem
782 4123 885 4188 vinna,-
897 4121 926 4177 id
942 4133 997 4190 est,
1017 4120 1147 4194 usquead
1161 4141 1213 4200 pe·
