3000 4674
512 367 560 435 ru
587 369 833 438 scsociu
856 369 919 438 vr.
1173 393 1236 465 297

234 486 284 567 lt.
301 492 328 553 A
344 492 445 575 prima
463 491 546 554 orbis
562 494 786 554 constitutione
803 497 913 557 transit
929 493 1050 558 Silenus
1067 495 1106 557 ad
1128 498 1236 558 orbem

197 595 391 642 renovatum.
407 579 509 662 liujus
523 582 636 666 triplex
648 583 827 644 renovatio:
843 586 960 666 prima,
978 585 1060 646 facta
1073 601 1145 669 post
1159 586 1239 646 dilu-

197 671 283 730 vium
299 692 316 731 a
333 671 525 734 Deucalione
544 686 574 734 et
587 673 701 755 Pyrrha
715 671 874 755 lapidibus
886 688 957 755 post
970 689 1090 758 tergum
1100 677 1238 757 jactatis:

196 755 292 818 altera
304 779 322 818 a
334 762 481 837 Saturno,
493 763 546 842 qui
558 777 690 843 agrestes
703 782 805 822 mores
817 765 1023 824 commutavit
1035 765 1068 824 in
1080 764 1237 840 meliores,

194 858 224 905 et
243 866 313 907 vere
330 868 461 909 aureos:
477 851 570 912 tertia
589 870 606 909 a
623 847 826 922 Prometheo,
847 851 901 931 qui
920 847 1030 910 dolens
1049 853 1236 933 paucitatem

194 925 360 996 hominum
373 938 478 1020 ignem
491 959 508 998 e
521 952 589 999 rota
602 938 680 1002 Solis
692 937 777 999 furto
789 941 955 1022 surripuit,
967 960 1030 1023 quo
1042 942 1114 1022 igne
1123 961 1158 1000 ex
1169 939 1237 1000 luto

194 1019 337 1086 homines
349 1027 515 1086 animavit:
528 1025 615 1107 cujus
627 1026 756 1088 audacia
771 1029 881 1109 punita
895 1043 942 1089 eet
955 1031 1054 1090 atroci
1068 1049 1158 1112 poena
1171 1017 1239 1088 vul-

195 1113 287 1188 turis,
303 1128 358 1174 aut
372 1114 484 1196 aquila
499 1115 749 1176 excarnificantis
763 1115 1006 1199 devorantisque
1020 1117 1085 1200 ejus
1103 1120 1237 1192 viscera,

189 1197 291 1279 jecur,
303 1223 372 1280 cor,
385 1202 494 1278 fibras,
508 1206 541 1264 in
552 1218 659 1264 monte
669 1207 823 1282 Caucaso,
832 1205 887 1265 ubi
898 1205 1012 1286 ligatus
1023 1205 1236 1267 Prometheus.
1267 1241 1273 1252 ·

230 1287 280 1365 43.
296 1293 370 1352 Post
382 1290 490 1352 orbem
508 1294 611 1375 primo
624 1290 803 1369 conditum,
819 1308 891 1375 post
909 1310 1109 1370 renovatum,
1126 1289 1238 1352 dilabi·

192 1387 244 1435 tur
256 1375 323 1456 jam
340 1378 379 1439 ad
396 1378 536 1440 fabulas:
552 1382 653 1462 prima
673 1382 813 1440 omnium
832 1383 974 1442 continet
989 1395 1114 1464 raptum
1130 1379 1237 1462 Hyle:

191 1461 252 1523 fnit
263 1463 314 1524 hic
325 1486 403 1548 puer
415 1467 539 1528 Herculi
554 1469 588 1528 in
597 1467 733 1545 deliciis,
749 1469 838 1529 illum
852 1482 979 1532 secutus
991 1485 1039 1531 est
1051 1473 1083 1529 in
1093 1467 1238 1529 Colchica

190 1551 401 1633 expeditione,
417 1557 474 1616 ivit
487 1556 526 1617 ad
541 1555 663 1617 fontem
681 1557 721 1616 ad
739 1578 854 1639 aquam
869 1557 1091 1630 hauriendam,
1110 1555 1236 1630 incidit,

191 1640 284 1712 obiit;
299 1640 468 1724 vulgarunt
479 1645 665 1727 Argonautae
676 1659 805 1727 raptum
819 1645 1002 1730 aNymphie
1015 1646 1056 1706 ob
1067 1643 1237 1727 pulchritu-

193 1725 299 1788 dinem
312 1733 395 1792 oris:
411 1730 451 1792 ab
466 1735 613 1796 omnibus
628 1737 659 1794 in
672 1734 808 1796 discessu
820 1750 908 1796 tanto
920 1736 1038 1816 gemitu
1049 1731 1235 1796 inclamatus

194 1828 254 1891 est,
271 1823 441 1898 praesertim
461 1822 500 1882 ab
519 1822 669 1899 Hercule,
688 1837 724 1884 ut
738 1843 774 1885 es
789 1822 882 1889 litora
893 1823 984 1906 Hylae
998 1841 1113 1884 nomen
1129 1820 1237 1882 redde·

190 1915 278 1962 rent:
293 1903 359 1968 haec
374 1911 481 1970 omnia
496 1909 618 1973 Silenus
632 1913 753 1974 cecinit.

228 2097 271 2166 ⁴¹·
293 2101 366 2156 Hinc
386 2101 484 2178 lapides
502 2107 613 2180 Pyrrhae
626 2113 688 2182 jec-
733 2108 820 2175 iilius,
840 2122 901 2180 post
917 2109 1003 2160 factos
1021 2126 1036 2160 a
1053 2124 1080 2158 se
1096 2104 1234 2168 homines,

188 2187 235 2232 i⁰⁸·
265 2181 368 2237 Fabula
395 2185 456 2239 talis
487 2200 545 2252 est,
583 2191 688 2261 Jupiter
733 2185 1181 2241 diciturauxiliohiinerroecmlum
1196 2201 1234 2234 aa·

189 2275 269 2328 quum
285 2280 411 2332 perosum
428 2265 559 2333 haberet,
575 2281 687 2341 propter
733 2268 853 2320 cendisee
870 2287 877 2320 r
900 2280 926 2320 et
947 2265 1068 2320 adhibita
1092 2263 1180 2315 facula
1200 2259 1235 2314 ad

186 2337 318 2393 feritatem
328 2341 488 2416 Gigantum,
499 2365 583 2420 genus
595 2346 689 2402 huma·
705 2341 711 2348 ’
731 2358 819 2399 rotam
827 2345 911 2413 Solis,
922 2347 1010 2418 ignem
1020 2345 1141 2408 iuratus,
1154 2359 1234 2410 quem

186 2433 267 2486 num,
289 2420 409 2486 scilicet,
434 2423 507 2495 quod
527 2444 559 2477 ex
580 2425 687 2479 illorum
731 2424 1024 2479 hominibusindicavit.
1033 2423 1076 2476 Ob
1085 2440 1164 2494 quam
1172 2438 1235 2472 cau·

186 2499 314 2568 sanguine
326 2501 390 2553 editi
405 2517 481 2556 erant
492 2505 632 2568 mortalem
647 2505 688 2558 di·
732 2525 789 2560 asm
799 2508 859 2559 irati
869 2505 915 2570 dii,
922 2504 976 2557 duo
989 2503 1060 2556 mala
1068 2503 1235 2554 immiserunt

187 2573 258 2628 invio
274 2579 414 2634 inundavit
427 2594 527 2651 terras,
542 2593 687 2658 omnesque
731 2589 827 2653 terrie,
846 2585 934 2638 febres
953 2597 980 2637 et
997 2581 1127 2634 morbose
1147 2583 1234 2650 ipsum

184 2655 305 2719 homines
318 2665 438 2730 necavit,
455 2670 571 2738 exceptis
588 2666 687 2741 Pyrrha
731 2668 812 2719 etism
819 2663 1007 2718 Prometheum
1017 2659 1235 2734 perhiercnrium

185 2749 211 2790 et
222 2738 402 2809 Deucalione,
416 2747 461 2816 qui
474 2747 501 2798 in
514 2760 603 2801 monta
615 2747 685 2800 Atho
701 2771 704 2778 ·
731 2747 759 2799 in
774 2759 864 2798 monte
876 2743 996 2797 Caucaso
1008 2739 1187 2814 religaverunt
1199 2733 1234 2788 ad

185 2814 290 2872 liberati
302 2835 382 2874 eunt:
401 2823 448 2876 sed
463 2822 492 2876 hi
509 2844 541 2878 ex
557 2844 685 2899 responso
732 2845 824 2880 saxum
842 2847 848 2878 ε
867 2838 895 2878 et
916 2823 1039 2878 adhibita
1062 2835 1102 2875 est
1126 2817 1233 2891 aquila,

185 2894 337 2966 Themidis,
355 2905 422 2954 saxis
434 2917 495 2975 post
512 2919 615 2979 tergum
627 2909 685 2977 jac·
732 2925 790 2978 que
804 2909 860 2976 ejus
878 2908 955 2976 jecur
971 2901 1103 2956 exederet·
1116 2928 1151 2940 —
1166 2901 1234 2952 Cau-

186 2975 232 3040 iis,
241 2977 469 3046 penushominum
479 2999 685 3055 reparaverunt:
732 2988 863 3058 casiasque
878 2983 957 3054 refert
968 2978 1091 3034 uolucres.
1106 2980 1175 3031 Bene
1189 2993 1235 3026 vo-

186 3065 212 3103 e!
225 3053 323 3126 Pyrrha
336 3058 443 3128 quidem
457 3067 591 3132 reparavit
603 3066 688 3118 ioemi-
731 3065 837 3130 lucres,
856 3066 884 3114 in
905 3078 1020 3135 genere,
1042 3060 1100 3111 siue
1121 3056 1234 3108 distinc-

185 3135 388 3194 ”⁸⁵3Deflcali0
397 3156 491 3191 meret.
505 3141 585 3209 Quod
598 3155 687 3197 autem
730 3146 829 3196 tione:
854 3143 917 3213 quia
941 3139 987 3192 alii
1008 3138 1162 3199 vulturem,
1187 3132 1232 3184 alii

184 3210 248 3265 dicit
265 3213 355 3287 hayna
372 3217 515 3286 Saturnia,
534 3219 686 3274 fabularum
730 3221 848 3294 aquilam
875 3237 922 3272 cor
945 3215 1095 3270 Promethei
1122 3211 1234 3268 erodere
1342 3275 1344 3280 Ι

186 3291 307 3346 ordinem
318 3298 404 3348 vertit.
415 3297 483 3350 Nam
497 3317 550 3369 quo
565 3311 685 3372 tempore
729 3300 892 3354 fabulantur.
1151 3329 1154 3334 Δ

185 3371 313 3426 Sanunus
334 3379 471 3448 regnavit,
490 3380 516 3429 iu
535 3381 611 3432 terris
631 3399 684 3434 non
765 3377 1015 3450 43.Hisaeljun5²'²s
1028 3373 1137 3446 Hylflm·
1151 3373 1232 3445 flil³⁵

184 3455 235 3505 fuit
246 3453 383 3508 diluvium.
394 3457 577 3512 AliiSaturnia
589 3480 684 3534 regna,
729 3458 932 3511 Thiodamantis
950 3456 1037 3522 lilius,
1058 3454 1094 3506 ob
1115 3456 1231 3525 speciem

184 3553 234 3604 pro
248 3536 321 3587 lovis
339 3538 490 3608 accipiunt,
509 3541 584 3609 cujus
602 3559 685 3614 repno
730 3538 839 3592 Herculi
852 3539 903 3590 fnit
914 3538 1080 3596 carissimus;
1098 3552 1177 3608 quem
1194 3553 1233 3584 sa-

184 3616 311 3668 diluvium
324 3619 424 3670 factum
440 3619 534 3671 volunt
551 3621 600 3672 sub
616 3621 687 3675 Deu·
731 3632 807 3672 cutus
829 3621 998 3691 navigantem
1015 3632 1075 3668 cum
1094 3618 1233 3687 Argonau-

185 3697 287 3750 calione
300 3711 326 3749 et
341 3697 454 3770 Pyrrha3
471 3717 526 3751 non
543 3717 625 3754 aureo
645 3719 687 3754 se·
731 3702 781 3765 tis,
793 3701 820 3752 in
829 3699 924 3751 linibus
932 3697 1088 3766 Pontijuxta
1098 3697 1228 3756 Messinm,

183 3777 325 3848 eulo,quo
334 3777 463 3830 Saturnus
472 3783 600 3851 regnavit.
611 3783 683 3835 Seru.
730 3779 804 3852 apud
828 3781 929 3831 fontem
949 3778 1131 3841 Calciamnis,
1149 3793 1231 3848 quum

218 3855 260 3922 la.
271 3857 459 3932 Caucasiasque
469 3860 549 3930 refert
559 3859 683 3928 volucres,
731 3873 858 3931 aquatum
870 3861 949 3923 isset,
994 3856 1122 3929 Nymphis
1140 3867 1231 3926 raptus

177 3929 337 4008 furtumque
355 3937 515 3990 Promethei.
530 3939 561 3990 Et
582 3937 626 3991 hic
645 3941 684 3993 fa·
729 3951 785 4005 est,
803 3957 851 3991 nec
869 3955 987 4008 unquam
1005 3937 1092 4007 potuit
1111 3935 1230 4004 reperiri.

182 4014 251 4069 buia
260 4016 379 4069 ordinem
389 4021 481 4084 vortit,
490 4037 548 4090 quse
557 4019 616 4072 talis
627 4033 666 4072 est
675 4042 681 4082 ;
728 4021 822 4071 Postea
833 4035 914 4088 quum
927 4029 994 4068 esset
1002 4016 1135 4086 cognitum
1142 4049 1150 4078 ,
1157 4010 1230 4082 quod

184 4093 353 4151 Prometheus
376 4099 465 4170 Japeti
492 4112 517 4151 et
543 4099 681 4172 Clymenes
727 4100 839 4170 perisset
858 4097 988 4160 insonte,
1007 4096 1031 4146 ei
1051 4104 1149 4146 statute
1170 4103 1231 4142 suat
