3000 4674
280 391 344 479 'ul
455 335 458 350 ¹
607 381 988 451 conuenerunt

280 527 406 574 tantum
419 507 524 569 demat
538 522 614 568 nota
630 525 709 584 una,
729 527 800 591 qua
815 512 992 592 potissima,
1011 531 1085 571 nam
1100 523 1178 572 serta
1194 511 1331 594 delapsa

277 601 416 682 ecapite
438 593 548 679 procul
567 594 716 677 jacebant.
741 597 799 658 Sed
820 595 969 678 Virgilius
990 600 1082 680 ponit
1105 614 1228 676 notam,
1251 619 1331 682 quae

278 687 365 749 deest
379 687 418 746 ad
432 705 630 746 communem
645 684 840 760 ebrietatem,
853 699 888 746 ut
900 701 1063 769 exaggeret
1075 691 1177 770 ipsam
1192 688 1330 748 ebrieta-

279 793 360 838 tem:
376 774 507 858 perinde
522 793 556 834 ac
571 775 596 834 si
612 772 715 854 dicat:
732 773 863 835 haberet
877 789 967 836 notas
982 797 1092 837 omnes
1107 778 1279 851 ebrietatis,
1296 778 1328 836 si

278 881 356 928 esset
368 885 484 926 corona
497 865 529 923 in
542 865 663 945 capite:
677 862 729 922 sed
742 863 822 924 hanc
833 885 896 926 esse
906 865 1027 948 lapsam
1040 867 1142 947 major
1151 867 1330 927 eratebrie·

277 971 345 1016 tas:
369 975 471 1034 neque
493 953 646 1028 Tumebi,
668 973 770 1034 neque
791 953 852 1014 alia
874 957 1036 1016 Brocensis
1058 956 1223 1040 explicatio
1241 953 1326 1014 milri

277 1045 448 1126 probatur:
465 1042 631 1124 explicatio
644 1040 798 1118 Turnebi‚
817 1043 841 1101 si
858 1044 927 1124 quis
941 1057 1083 1104 nostram
1098 1057 1237 1126 respuat,
1254 1039 1328 1101 haec

277 1150 346 1194 est:
367 1147 455 1194 erant
471 1147 551 1192 serta
571 1145 693 1192 tantum
711 1130 836 1213 delapsa
855 1135 1004 1214 acupile,
1025 1133 1167 1215 alioquin
1186 1135 1327 1212 integra,

279 1222 390 1296 illaesa,
405 1241 469 1284 non
484 1235 572 1304 rupta
586 1243 592 1279 ε
608 1221 656 1280 vir
670 1220 798 1302 quidam
811 1219 939 1295 doctus,
959 1223 991 1280 in
1008 1221 1168 1282 Academia
1182 1221 1327 1281 Salman-

278 1314 406 1389 ticeuai,
425 1315 468 1371 ita
486 1309 677 1392 explicabat:
692 1327 781 1370 erant
797 1326 878 1370 serta
893 1309 1010 1386 Sileno,
1027 1325 1151 1370 tanturn
1163 1307 1289 1390 delapsa
1308 1327 1329 1367 e

278 1403 394 1484 capite3
406 1399 620 1481 inclinantque
632 1412 703 1459 ante
716 1401 802 1481 ipsos
814 1400 942 1460 oculos:
960 1419 1034 1460 nam
1046 1398 1098 1461 hic
1107 1397 1211 1484 procul
1223 1399 1330 1480 capie-

279 1489 334 1549 bat
347 1510 407 1572 pro
422 1487 529 1548 oculis'.

323 1601 367 1661 17.
393 1576 569 1638 Cantharus
584 1571 694 1635 Bacchi
711 1594 765 1634 vas
780 1571 951 1657 pendebote
966 1595 1077 1652 manu,
1099 1575 1187 1658 quasi
1204 1571 1327 1635 eclavo

281 1679 336 1728 aut
355 1663 454 1728 iuste:
471 1662 575 1746 itaque
592 1683 655 1722 uon
672 1683 785 1722 manus
801 1663 869 1745 ipsa
885 1663 1079 1738 continebat,
1096 1677 1132 1722 ut
1147 1683 1215 1744 quae
1229 1658 1329 1737 ebrii,

280 1773 312 1819 et
326 1776 391 1815 non
405 1755 541 1836 potentis
553 1751 772 1828 administrare
785 1750 923 1812 huniana
936 1755 1062 1813 munia:
1083 1767 1149 1812 erat
1162 1753 1271 1834 pravis,
1289 1764 1330 1810 ut

281 1843 374 1906 multi
386 1863 485 1924 capax
496 1842 590 1902 meri:
605 1861 679 1902 ansa
688 1843 785 1902 attritu
798 1861 834 1900 ex
849 1843 1000 1904 continuo
1013 1863 1073 1905 usu
1084 1841 1223 1904 bibendi.

323 1935 368 1993 18.
385 1929 615 2013 Aggrediuntur
637 1926 727 1988 illum
747 1927 867 2007 subito,
888 1926 1024 2014 injiciunt
1040 1929 1211 1996 uinculaee
1227 1927 1331 1990 sertis?

282 2019 387 2094 idest,
408 2017 557 2098 injiciunt
576 2015 701 2076 vincula
719 2033 852 2078 sertacea
872 2041 879 2077 ε
902 2019 982 2078 sicut
1002 2017 1128 2101 injicere
1146 2015 1270 2078 vincula
1289 2037 1330 2075 ex

281 2107 379 2181 ferro,
395 2107 467 2180 erit,
483 2105 611 2184 injicere
624 2104 751 2163 vincula
763 2104 872 2164 ferrea.
889 2099 1001 2165 Reddit
1015 2105 1182 2180 rationem,
1196 2125 1253 2164 cur
1266 2100 1330 2162 illi·

281 2193 549 2276 gaveriutsenem:
562 2211 636 2250 nam
645 2190 819 2274 saepeilluai
830 2193 868 2252 ab
879 2189 1329 2274 illo,quumsaepevoluissent

281 2296 444 2343 canentem
456 2281 575 2342 audire.

321 2393 368 2434 20.
381 2372 496 2434 Timidi
509 2384 598 2432 erant
611 2391 646 2432 ex
658 2368 809 2447 facinore,
820 2371 906 2459 quod
918 2372 1050 2454 aggressi
1061 2369 1198 2444 fuerant;
1211 2389 1246 2430 ac
1257 2381 1329 2427 tum

281 2475 436 2542 oportune
451 2459 620 2527 intervenit
631 2455 731 2542 AEgle,
744 2481 814 2544 quae
826 2457 888 2520 illis
901 2461 1022 2520 animos
1035 2457 1157 2522 addidit
1169 2471 1199 2517 et
1209 2453 1330 2516 ademit

284 2565 416 2625 metum,
436 2562 472 2611 ut
485 2570 555 2632 quae
572 2545 785 2631 pulcherrima
802 2551 882 2614 iuter
900 2549 1052 2612 Naiadas:
1073 2558 1226 2632 putarunt
1242 2545 1330 2606 enim

276 2639 350 2700 ‘iore
364 2654 414 2715 ut,
427 2640 494 2698 vica
510 2637 663 2721 Nymphae
675 2637 928 2721 pulchritudine,
943 2641 1047 2700 minus
1062 2641 1244 2698 irasceretur
1256 2634 1332 2696 Sile·

284 2746 358 2801 nus,
378 2727 444 2786 imo
462 2727 568 2807 potius
586 2725 737 2809 gauderet
755 2748 786 2788 se
806 2728 845 2788 ab
864 2715 918 2787 illa
935 2729 1023 2809 capi:
1042 2723 1116 2787 inde
1133 2742 1195 2801 est,
1210 2737 1246 2785 ut
1259 2723 1329 2803 jam

282 2814 387 2874 Sileno
398 2813 531 2889 ridenti,
547 2813 579 2875 id
594 2829 653 2891 est,
666 2830 813 2877 revocato
828 2817 868 2876 ab
883 2815 1033 2878 ebrietate
1047 2831 1080 2876 et
1093 2831 1219 2887 somno,
1234 2825 1264 2871 et
1277 2811 1328 2870 aui

284 2904 423 2985 compoti
440 2901 494 2962 illa
512 2903 579 2964 sola
595 2923 671 2963 ausa
686 2901 783 2965 fuerit
797 2906 925 2988 pingere
936 2904 1089 2978 frontem,
1106 2902 1235 2978 faciem,
1252 2912 1329 2958 tem·

284 3009 361 3074 pora
375 2991 470 3050 moris
483 2990 598 3051 rubeis.

322 3157 362 3212 17.
375 3140 473 3194 Attrita
481 3160 559 3193 sanan.
573 3141 716 3211 frequenti
726 3139 780 3192 sei·
824 3149 910 3212 peret
921 3160 1021 3207 mmor,
1031 3140 1060 3194 id
1071 3153 1127 3206 eat,
1140 3157 1190 3212 par
1201 3149 1325 3190 transtra.

284 3220 346 3276 lieet
356 3233 440 3294 potu,
455 3233 482 3272 et
495 3222 558 3290 quia
576 3219 666 3292 largus
680 3218 782 3290 ponde
826 3223 887 3273 liaec
899 3221 1042 3274 verborum
1054 3221 1226 3291 transpositio
1239 3229 1328 3270 amata

283 3318 423 3372 rususque.
440 3329 474 3340 -
492 3299 635 3354 Peudobat.
657 3299 782 3352 Manibus
827 3303 960 3368 Lucretio,
968 3301 1015 3354 lib.
1027 3301 1072 3367 ΙΙΙ,
1084 3299 1278 3372 turmisqueex
1285 3297 1325 3349 in·

284 3399 339 3432 non
351 3381 476 3432 emissum
485 3377 633 3450 significat,
645 3379 730 3432 velex
740 3395 783 3430 to·
828 3379 898 3451 clyw
914 3381 1019 3434 cartbt's.
1041 3380 1110 3433 Vide
1128 3379 1244 3431 Gronov.
1267 3376 1325 3430 Ob·

284 3479 320 3514 na
335 3460 504 3531 pendentem.
519 3487 553 3499 ·-·
564 3460 717 3514 cantum.
735 3461 786 3512 Po-
829 3475 895 3512 terr.
908 3462 956 3525 ΙΙΙ,
973 3477 1015 3529 ¹9-
1027 3461 1183 3511 Emmcnesr.

284 3543 373 3594 aulum
392 3550 513 3594 ansatum
529 3539 617 3593 Liberi
634 3544 735 3612 patria,
754 3552 785 3594 ut
865 3557 907 3593 ao.
927 3539 1045 3591 Timidis.
1063 3537 1238 3591 Timentibus.
1257 3533 1325 3586 liam

284 3621 452 3686 Macrob.v‚
465 3635 506 3670 ar.
521 3635 575 3689 quo
588 3632 652 3670 usur
669 3631 709 3672 ert
726 3619 785 3672 Ma-
827 3617 936 3670 timidus
957 3629 1012 3684 eat,
1036 3619 1082 3688 qui
1108 3633 1212 3688 semper
1233 3617 1324 3667 timet:

285 3702 358 3765 rius,
380 3697 562 3769 Jugurrlrino,
582 3699 735 3762 Cimbrico,
756 3712 784 3751 et
827 3701 923 3751 timeus
941 3715 1021 3764 vero,
1041 3699 1087 3771 qui
1101 3697 1136 3750 ad
1152 3709 1257 3768 tempus
1272 3696 1324 3746 for-

284 3777 432 3830 Teutonicu
445 3774 516 3829 bello
530 3777 644 3830 feliciter
655 3787 739 3849 gesto.
828 3780 910 3831 midae
933 3797 964 3832 ex
987 3795 1091 3831 caussa.
1106 3779 1159 3829 Aut
1179 3793 1272 3828 revera
1292 3777 1325 3827 ti·

324 3857 363 3910 18.
373 3855 585 3929 Adpresst'.0rdo
594 3855 781 3922 eauchromis
825 3858 930 3912 midiae
955 3860 1016 3929 quia
1041 3860 1130 3930 pueris
1152 3875 1200 3928 per
1222 3867 1325 3907 ertatem

284 3951 310 3991 et
337 3936 479 4009 Mnasylus
502 3937 619 4010 adgressi
645 3937 781 4006 Silenum,
824 3937 982 3992 naturaliter
1001 3941 1081 3991 timor
1101 3949 1141 3989 eat
1162 3937 1274 4000 insitus,
1299 3945 1324 3985 at

284 4037 347 4071 nam
362 4017 461 4070 luserat
479 4015 558 4069 ambo
574 4033 620 4089 ape
640 4018 764 4071 carminis
773 4042 781 4082 3
824 4017 978 4071 timentibus
994 4034 1045 4084 ue,
1059 4017 1124 4067 dum
1137 4014 1247 4069 uincula
1265 4015 1324 4082 inji-

284 4114 310 4154 οι
320 4117 364 4170 spe
372 4137 380 4165 ,
391 4097 594 4170 pollicitatione.
825 4107 930 4162 cerem,
945 4096 1141 4168 expergefieret.
1156 4125 1190 4139 -·
1208 4094 1323 4153 Videati.

322 4193 352 4246 19
370 4179 435 4250 Ipsis
441 4197 480 4232 ert.
489 4179 526 4230 Ex
537 4180 600 4251 ipsis
611 4199 618 4229 ι
631 4191 660 4230 ut
671 4189 782 4231 transtra
825 4177 875 4228 Pro
889 4176 1018 4249 vigilanti.
1031 4178 1103 4231 Seru.
