2964 4690
272 417 336 502 314
567 483 570 488 ,
597 413 975 486 commeamus

271 539 376 622 aliquo
386 537 596 622 implicatum,
605 553 710 602 noctes
721 552 834 600 vexant
843 543 936 624 variis
946 539 1207 622 cogitationibus:
1221 539 1302 602 nihil

266 627 406 709 loquitur
416 630 447 688 in
459 627 605 705 tenebris,
615 643 738 694 tentum
749 651 852 696 secum
863 647 952 692 curas
963 629 1076 707 volvit,
1086 644 1116 692 et
1125 647 1302 692 recurrente

268 715 376 778 dolore
383 717 581 782 sollicitatura
592 736 689 802 quum
698 718 1000 801 surgitlectmquum
1010 722 1147 802 erumpit
1153 717 1231 794 dies,
1235 717 1301 800 jam

268 818 342 865 tunc
358 805 425 888 ipse
442 807 477 870 in
492 805 630 888 querelas
647 808 763 888 surgit,
780 808 813 868 in
829 827 923 870 voces·
935 809 1088 890 erumpit:
1107 827 1181 888 ergo
1194 827 1228 868 es
1241 805 1301 867 hoc

266 891 379 956 affectu
389 908 479 977 optat
487 897 623 970 Damon,
634 908 670 958 ut
678 895 801 961 Lucifer
809 909 969 972 namtas,
978 910 1015 958 ut
1023 896 1107 960 diem
1116 897 1298 979 preveniat,

266 980 306 1042 ad
319 1003 411 1065 quem
424 985 502 1065 ipse,
514 998 550 1045 ut
562 982 600 1044 ad
616 983 735 1045 stellam
750 986 877 1046 Veneris
891 986 1064 1045 amantium
1076 987 1148 1045 llere
1159 982 1300 1065 querelas

149 1083 151 1087 ·
265 1068 384 1133 deferat
401 1073 440 1134 de
457 1071 695 1138 violatoamom
710 1072 807 1138 Nisam
828 1085 916 1156 optat
932 1070 1071 1136 taelestes
1083 1073 1166 1150 Deos
1181 1071 1300 1153 alloqui

262 1156 328 1239 jam
345 1179 380 1220 ex
397 1161 498 1222 vicina
515 1159 586 1224 luce
602 1181 657 1243 per
674 1159 785 1225 culum
802 1173 987 1244 apparente:
1007 1182 1082 1223 nam
1099 1159 1247 1234 tenebris,
1265 1171 1301 1218 ut

264 1247 376 1309 coslum
388 1251 505 1332 ipsum,
517 1253 560 1314 ita
570 1271 695 1334 quoque
706 1253 759 1314 nit
771 1254 842 1314 tecti
854 1274 862 1312 ι
875 1253 1064 1312 reviviscunt
1077 1251 1182 1310 omnia
1195 1248 1233 1308 sd
1248 1268 1299 1308 or·

263 1347 332 1396 tum
342 1335 419 1414 diei,
435 1341 518 1402 venti
531 1340 607 1402 flant
618 1338 741 1415 leniter,
757 1353 874 1403 canunt
886 1337 1040 1412 volucres,
1056 1337 1179 1398 virescit
1190 1335 1298 1410 herba,

264 1424 408 1487 mortales
419 1448 542 1505 omnes,
552 1443 583 1489 et
596 1429 764 1488 animantia
777 1441 890 1503 cetera,
904 1427 1001 1488 veluti
1013 1425 1052 1486 de
1063 1447 1161 1500 noro,
1175 1442 1302 1504 recupe-
1358 1462 1363 1468 -

264 1526 330 1574 rats
341 1516 420 1593 rita,
436 1517 495 1578 sibi
506 1515 680 1600 plaudunt:
700 1538 782 1580 unus
796 1519 921 1582 Damon
933 1516 1168 1589 memoritur,
1186 1528 1217 1574 et
1231 1531 1300 1574 eam

263 1599 349 1663 ducit
363 1618 529 1665 extremam
543 1607 615 1668 vim
628 1603 756 1666 horam:
775 1605 845 1681 ills,
860 1626 1038 1688 quamquam
1052 1603 1098 1666 nit
1112 1601 1224 1664 testibus
1239 1598 1297 1660 illis

262 1691 391 1774 Prossci,
411 1690 493 1754 hanc
511 1691 626 1754 habent
644 1695 849 1755 sententiam:
868 1695 1059 1776 promissum
1077 1693 1172 1753 fuisse
1191 1688 1299 1770 conju·

262 1779 348 1860 pium
362 1780 514 1842 Damonis
528 1804 597 1844 cum
612 1782 686 1842 Nisa
700 1783 768 1844 Diis
781 1781 1002 1864 presentibus,
1018 1779 1072 1840 sed
1085 1777 1165 1838 nihil
1180 1774 1298 1861 prolec-

262 1880 329 1926 tum
342 1879 405 1928 tam
417 1865 509 1928 bonis
521 1870 658 1946 testibus.

202 1963 203 1966 ’
300 1976 349 2018 aa.
360 1954 435 2016 ldeo
447 1954 486 2016 ad
497 1957 668 2020 Mesalum
680 1967 787 2039 pastor
798 1955 956 2038 confugit,
967 1967 1004 2015 ut
1015 1955 1049 2016 in
1060 1974 1123 2036 quo
1135 1965 1236 2013 totum
1248 1969 1301 2010 ne·

260 2063 331 2104 snus
343 2041 524 2106 dulcissime
537 2043 693 2120 cantillet,
705 2045 773 2128 pini
786 2045 924 2104 suaviter
934 2043 1185 2113 admurmurent3
1197 2053 1233 2098 ut
1245 2036 1300 2118 qui

260 2131 368 2191 audiat
377 2151 499 2214 semper
510 2145 657 2194 correntes
668 2144 822 2215 pastores,
834 2144 864 2194 et
875 2129 979 2214 ipsam
991 2123 1094 2195 adhuc
1105 2130 1221 2190 Panem
1231 2144 1300 2207 pas·

261 2216 368 2278 toralia
381 2220 506 2280 musica
517 2233 684 2280 auctorem.

299 2307 347 2366 26.
366 2307 471 2386 Quum
487 2309 561 2368 Nisa
570 2307 707 2370 formosa
721 2307 861 2389 nupserit
872 2304 1005 2367 deformi
1019 2305 1148 2386 Mopso,
1168 2298 1299 2380 conjicit

260 2407 366 2476 pastor
385 2393 466 2473 fore,
490 2409 526 2458 ut
537 2411 675 2458 amantes
689 2396 772 2459 nihil
787 2416 849 2457 non
865 2407 1005 2478 sperent:
1019 2391 1154 2475 gryphes
1169 2402 1200 2450 et
1210 2387 1298 2470 equi,

259 2483 359 2546 ‹lamae
385 2497 416 2546 et
439 2504 531 2548 canes
558 2489 708 2550 amicitias
733 2483 938 2561 contrahent;
965 2504 1039 2544 nam
1060 2481 1107 2542 illi
1125 2479 1299 2564 jungentur

259 2573 358 2650 coitu3
370 2573 420 2633 isti
433 2594 496 2633 una
509 2576 637 2636 venient
649 2575 687 2635 ad
701 2581 825 2656 potum.
1029 2645 1030 2648 Ἴ

297 2679 347 2740 29.
360 2661 532 2743 Despectus
543 2678 665 2743 pastor,
677 2663 741 2724 cluo
754 2663 901 2744 admonet
912 2673 1067 2745 pastorem
1077 2658 1138 2718 sibi
1148 2657 1180 2715 in
1192 2671 1298 2714 amore

256 2745 435 2829 praelatum
450 2750 604 2831 primum,
616 2765 651 2810 ut
662 2748 745 2813 faces
758 2749 891 2826 incidat;
904 2747 1052 2824 alterum,
1065 2759 1099 2806 ut
1112 2762 1205 2806 nuces
1217 2761 1299 2824 spar-

256 2915 313 2969 rae
324 2915 388 2973 lese
396 2936 446 2990 pm
459 2919 557 2976 amsa
571 2920 690 2993 capitur,
707 2939 756 2976 ose
798 2918 914 2974 Difficile
923 2899 1128 2990 anapaestum,
1143 2912 1189 2984 qui
1198 2905 1298 2980 aliquid

256 2995 375 3069 saepitur
388 2996 436 3048 ira.
610 3037 621 3058 0
799 3016 933 3066 ammos,
944 3009 974 3050 ut
986 3015 1031 3062 ea,
1042 3013 1100 3066 que
1111 3005 1247 3055 amamus,
1259 3003 1298 3038 as-

294 3077 334 3130 18.
348 3078 479 3151 Cottiupls.
489 3079 552 3132 Non
562 3097 621 3150 quat
632 3092 699 3147 erat,
707 3079 755 3144 sed
799 3079 876 3150 sequi
887 3079 1028 3149 possimus.
1039 3076 1109 3127 Serv.

256 3173 315 3226 quse
325 3155 384 3210 fore
393 3157 559 3228 sperabatur.
571 3157 649 3212 Sicin
657 3171 753 3230 quarto
836 3144 1296 3230 27.Junpennsrp'cmptypltesequis.

256 3235 395 3304 AEneidos,
414 3235 482 3308 Quos
491 3255 538 3309 epo
547 3256 604 3291 sum
615 3239 688 3291 toties
695 3241 753 3310 jam
796 3239 892 3293 utum
909 3236 980 3289 idem
994 3237 1088 3306 jugum
1104 3228 1316 3313 subibuntlut,
1374 3303 1381 3314 .

255 3317 397 3390 dmiqmta
404 3319 755 3393 mansaliifindipnode-
797 3315 923 3369 dicuntur
933 3315 1010 3386 jungi
1023 3315 1151 3382 jumenta.
1170 3307 1211 3356 An
1225 3315 1297 3354 ⁰⁰¹¹l¹

255 3407 343 3466 &plut
352 3417 454 3465 amore,
469 3401 577 3472 antique
593 3401 693 3456 dictum
706 3417 752 3452 ac-
794 3397 955 3468 jtsnpeutur?
971 3391 1090 3465 Grypltes
1108 3399 1196 3442 antem
1211 3397 1294 3474 gertus

254 3476 753 3626 iffiiiiliiii⁰nm⁰⁶i⁰⁵tii
796 3469 1297 3624 itt't'tt³“,2¹t¹:{l,⁰‡ssiz¹3223?ss:

500 3597 508 3620 s
937 3591 946 3620 t
1051 3591 1053 3596 '

255 3631 316 3702 plus
329 3575 452 3701 amsblt,
462 3649 488 3692 et
503 3639 589 3693 minus
602 3577 756 3694 &stillim
796 3648 872 3698 sunt,
887 3633 935 3695 slis
951 3645 977 3686 ct
992 3633 1060 3686 iacis
1074 3627 1170 3699 aquilis
1183 3621 1297 3686 similes,

291 3711 334 3764 26.
346 3711 440 3782 Mopso
451 3713 516 3767 Nisa
530 3718 615 3768 dener.
635 3717 754 3770 Honesta
787 3715 873 3790 ¹eqtris
882 3712 1052 3766 vehementer
1062 3707 1166 3771 infesti,
1178 3699 1297 3774 Apollini

256 3792 423 3863 turpissimo,
441 3793 556 3864 pulchra
576 3793 698 3849 deformi.
718 3825 754 3857 -‚-
798 3793 955 3846 consecrati.
968 3791 1040 3845 Seru.

258 3871 329 3943 Quid
336 3883 656 3944 noasperenusamnm.
665 3875 753 3946 Spem·
834 3890 876 3942 ²9·
888 3871 949 3924 Tibi
955 3862 1179 3924 duciturtmorld
1187 3873 1236 3922 ests
1246 3857 1295 3912 Ἰὼ

257 3969 315 4006 mus
323 3951 531 4022 praemuniun-
544 3965 587 4018 ιιι,
600 3952 754 4026 Ιιιιιιοοςοιὶ
799 3963 844 4006 tno
859 3952 967 4004 nomine
979 3949 1037 4002 aliis
1050 3947 1175 3998 ducitur:
1195 3953 1224 3994 ut
1239 3957 1296 3992 eam

255 4030 333 4102 pond
342 4040 444 4084 uatum
455 4050 557 4104 sperem
568 4029 683 4088 &larem
690 4055 699 4094 ,·
712 4032 754 4086 rel
798 4051 853 4086 non
865 4033 931 4102 ipsi,
945 4028 993 4081 sed
1004 4027 1063 4080 aliis
1074 4026 1230 4078 servituram
1243 4021 1297 4091 sig·

258 4109 323 4182 quid
335 4129 388 4162 non
403 4130 538 4184 speremus
554 4115 671 4184 perversi
683 4113 755 4166 acci·
799 4111 901 4172 nificet;
911 4108 1013 4162 scilicet
1020 4108 1076 4176 ejus
1085 4099 1305 4176 corruptoribus,

258 4187 336 4256 dere,
358 4208 437 4262 quum
457 4191 509 4245 hoc
521 4181 593 4246 'mihi
613 4191 756 4246 acciderit?
836 4191 879 4243 30.
897 4190 996 4262 Spuma
1012 4185 1106 4240 marite
1122 4197 1208 4236 nuces.
1225 4178 1299 4233 idam
