3000 4674
266 377 331 458 224
593 363 975 464 coturnurrntr

263 517 299 561 ut
313 495 465 559 sententia
480 496 520 555 sit
534 497 680 578 opposita
696 493 759 570 his,
775 515 844 576 quae
859 495 898 557 de
911 517 943 556 se
958 494 1077 556 dixerat
1087 495 1211 578 Tityrus
1223 491 1309 556 lrunc

263 591 297 648 in
313 586 462 650 niodum.¹
472 587 519 644 Tu
538 583 737 646 laetsbundus
752 586 854 644 cernis
869 599 1009 646 errantes
1023 585 1135 661 boves,
1154 606 1212 667 ego
1228 607 1309 666 neges

263 698 347 753 sum,
362 677 433 736 vide
448 692 543 758 quam
559 674 679 734 alienus
694 695 712 733 a
728 688 780 734 tus
798 672 905 734 laetitia
920 697 926 734 :
942 695 1038 756 pecus
1054 695 1160 735 meum
1174 694 1310 758 aegrum,

263 767 336 826 vide
350 787 444 847 quem
460 763 553 847 longe
568 765 607 824 ab
623 779 766 840 armento
780 777 836 824 tuo
849 779 986 824 errante:
999 767 1100 825 cernis
1113 763 1196 824 hanc
1208 762 1311 846 copel·

263 851 342 926 lam3
353 855 419 927 vix,
429 874 449 912 o
458 853 577 934 Tityre,
590 873 685 912 manu
697 851 777 914 duco
788 851 875 912 illem
887 867 980 934 partu
990 865 1210 933 egrotantem:
1222 872 1310 911 nam·

265 962 328 1025 que
340 962 375 1001 ea
388 938 484 1000 modo
497 941 633 1004 connixa
644 942 726 1000 inter
735 941 859 1021 corylos
870 943 902 1000 in
911 940 997 1000 silice
1007 940 1135 1023 reliquit
1144 939 1310 1021 gemellos,

264 1051 354 1111 spem
366 1031 468 1111 gregis
483 1031 589 1089 totius.
601 1027 681 1090 Vide
692 1051 731 1088 an
742 1028 875 1111 majores
886 1028 1016 1090 affectus
1029 1031 1155 1098 excitari
1168 1041 1312 1110 possent,

264 1119 289 1178 si
303 1113 527 1176 describeretur
539 1129 646 1199 partus
659 1115 767 1177 infelix
780 1119 924 1200 primatis
937 1116 1072 1178 feminae.
1085 1120 1220 1178 Constitu
1229 1115 1313 1176 diffi-

264 1208 410 1268 cultatem
424 1206 544 1266 indicat
553 1209 720 1288 parientis,
733 1205 805 1268 ideo
817 1227 898 1284 non,
909 1208 1011 1268 enixo.
1024 1209 1120 1266 Juvat
1131 1204 1212 1265 hanc
1222 1206 1312 1264 mise·

264 1299 344 1357 riam
354 1296 470 1379 duplex
480 1289 540 1357 loci
551 1297 796 1372 circumstantis,
806 1296 945 1358 densitas
956 1295 1115 1370 arborum,
1124 1292 1200 1355 silex
1211 1293 1313 1369 nuda3

264 1405 332 1445 non
344 1385 449 1467 itaque
461 1385 494 1442 in
506 1383 575 1444 loco
589 1386 711 1466 aprico,
727 1405 791 1445 non
807 1387 838 1445 in
854 1384 923 1446 solo
938 1382 1083 1445 herbido.
1096 1385 1232 1444 Domum
1246 1401 1312 1441 non

264 1492 348 1532 unus
364 1485 502 1546 tantum,
516 1469 571 1530 sed
586 1470 700 1554 duplex
715 1471 811 1532 foetus
825 1472 1039 1555 periclitatur:
1056 1484 1087 1532 et
1101 1469 1162 1531 hoc
1177 1467 1313 1543 malum,

265 1581 305 1621 ne
317 1559 504 1643 leveputes,
518 1559 672 1622 redundat
684 1563 717 1620 in
730 1561 887 1643 reliquum
899 1582 1034 1644 gregem.
1047 1559 1131 1640 Quid
1145 1559 1207 1620 hoc
1220 1571 1314 1641 partu

247 1687 249 1690 -
265 1653 422 1725 miserius,
433 1650 488 1710 ubi
499 1652 605 1710 omnia
616 1650 833 1728 incommodo,
844 1651 933 1712 nulla
943 1673 1013 1734 spes
1023 1651 1120 1712 honi?
1130 1651 1234 1730 Pergit
1243 1669 1314 1730 pas·

266 1753 326 1800 tor.
338 1742 420 1822 Soepe
431 1737 542 1798 matum
549 1783 559 1812 ‚
571 1753 625 1800 etc.
635 1741 778 1816 Quercus
788 1741 903 1802 efflatu
913 1739 1047 1801 fulmine
1057 1759 1138 1822 saepe
1148 1735 1240 1798 nobis
1250 1735 1314 1798 hoc

266 1826 386 1887 malum
406 1825 633 1908 predixerunt,
652 1830 713 1888 nisi
732 1849 819 1888 mens
838 1829 949 1889 fuisset
966 1827 1060 1904 laevo,
1078 1825 1187 1901 idest,
1206 1821 1313 1886 stulta.

265 1915 325 1978 Sed
336 1913 596 1996 agc‚Tityre‚dic
606 1913 710 1994 nobis,
720 1920 790 2000 quis
800 1920 860 1980 iste
870 1939 943 2000 erga
955 1933 983 1978 te
993 1933 1057 1979 tam
1067 1914 1203 1981 liberalis
1212 1912 1316 1976 Deus?
1392 1981 1394 1986 ,

266 2093 326 2165 prie
347 2090 486 2161 cujusdam
507 2095 619 2149 rationis
637 2109 717 2164 sunt,
740 2110 771 2151 ut
814 2095 875 2151 retu*
886 2097 965 2165 ἴχαννι
980 2095 1056 2166 ’γέλω
1076 2097 1145 2168 Quos
1160 2094 1251 2147 arictes
1264 2093 1316 2144 im·

266 2173 331 2226 Itur
341 2171 369 2222 in
383 2171 523 2243 antiquom
535 2172 628 2228 silvam
637 2213 647 2242 ‚,
659 2193 770 2249 quaeque
814 2178 916 2230 mittere
927 2177 1032 2246 volunt,
1040 2177 1203 2250 potissimum
1212 2171 1318 2246 eligunt

268 2251 688 2333 initiumnonltabenttutflctur‚
698 2256 771 2332 apud
814 2275 847 2310 ex
861 2259 1003 2324 matribus,
1020 2275 1080 2330 quoe
1092 2255 1211 2329 qemincs
1222 2269 1317 2325 parere

164 2399 177 2408 .,
266 2331 328 2386 Ter.
342 2346 368 2386 et
380 2334 486 2387 similia.
509 2369 510 2373 =
813 2334 905 2388 solent.
920 2339 998 2389 Varr.
1016 2337 1050 2389 de
1066 2337 1096 2388 lt.
1112 2335 1143 2385 ll.
1158 2333 1176 2385 l.
1194 2334 1235 2398 11,
1249 2351 1272 2384 c.
1289 2348 1314 2382 2.

306 2412 347 2464 13.
361 2413 450 2486 AEqer.
463 2415 497 2466 Et
508 2433 622 2489 corpore
638 2429 665 2470 et
681 2420 770 2471 animo
813 2417 886 2468 Ferae
911 2434 968 2486 quse
991 2433 1075 2466 unum
1098 2425 1201 2466 tentum
1221 2412 1315 2462 loetum

267 2491 453 2565 oeqerdicitur:
462 2507 502 2560 ut,
510 2496 582 2562 Esto,
592 2513 688 2568 oeqmm
699 2498 772 2550 nulli
815 2497 952 2548 enituntur
963 2489 1096 2560 petoritu,
1112 2509 1166 2564 quo
1182 2487 1316 2543 vocabulo

267 2570 402 2644 quondam
411 2571 510 2645 flexere
518 2575 617 2624 mariti.
626 2575 678 2628 Sed
689 2594 772 2649 oepro·
815 2577 843 2628 iu
856 2594 888 2629 ea
902 2577 1012 2628 notione
1024 2576 1107 2626 utitur
1118 2572 1228 2624 Aristot.
1245 2570 1263 2621 l.
1281 2569 1314 2621 V.

269 2658 327 2711 tus,
341 2665 454 2718 corpore
466 2663 578 2702 tantum.
594 2651 651 2724 Apo
667 2667 771 2724 sutem,
816 2652 850 2706 de
869 2656 937 2705 Hist.
955 2653 1070 2705 Animal.
1089 2669 1148 2723 cup.
1165 2649 1211 2718 14,
1223 2649 1269 2700 ubi
1282 2647 1317 2702 ds

267 2728 394 2798 proprie:
407 2745 470 2778 nam
480 2731 522 2800 ogi
530 2727 655 2781 dicuntur
661 2749 769 2802 pecora.
816 2731 965 2803 elephantis
974 2755 981 2786 s
990 2728 1177 2803 utroqueCall.
1186 2729 1316 2800 iollymn.

267 2803 379 2857 Seru-
389 2805 417 2858 V
415 2805 442 2855 ix
448 2806 522 2858 duco.
533 2808 604 2875 Quia
612 2827 704 2862 recens
712 2831 772 2882 par·
815 2811 904 2883 Apoll.
916 2811 943 2864 Ἠ
952 2806 982 2863 di
992 2831 1017 2862 rs
1026 2808 1180 2877 proruisse,
1194 2805 1318 2874 stuperet-

266 2896 311 2936 tus
320 2883 529 2937 ambulationem
535 2885 706 2958 prohibebat.
717 2891 772 2942 Du·
815 2911 851 2948 set
866 2883 928 2958 αἶψα
939 2890 1035 2958 γίνοιτο.
1048 2893 1136 2943 Emm.

269 2974 517 3030 summensteten,
528 2985 586 3038 quse
593 2969 770 3039 suispedibus
854 2970 893 3023 15.
907 2971 984 3042 Spem
993 2970 1088 3044 pupis.
1101 2970 1132 3026 ld
1143 2981 1199 3036 est,
1216 2987 1317 3024 merem

268 3058 395 3098 utuntur:
402 3056 560 3118 portantur,
572 3067 630 3119 quse
640 3063 714 3101 motu
722 3068 771 3102 suo
817 3064 843 3106 et
856 3052 1010 3114 foerninsme
1028 3051 1163 3124 reparatio
1176 3051 1246 3104 enim
1258 3069 1319 3122 gre·

269 3138 371 3192 carent,
380 3126 427 3178 sed
435 3128 472 3178 ite
480 3127 614 3194 feruntur,
625 3140 655 3179 ut
662 3127 772 3181 humum
816 3133 856 3206 gis
865 3132 893 3183 in
903 3149 966 3188 sexu
978 3143 1092 3202 utroque
1102 3131 1231 3186 consistit.
1245 3130 1315 3182 Serv.

268 3225 323 3259 non
333 3208 479 3279 attingant:
492 3207 650 3275 trahuntur,
659 3227 715 3281 quc
724 3229 772 3282 per
856 3227 894 3280 ¹7·
909 3208 1023 3263 Deculo
1036 3220 1117 3262 tactus
1128 3209 1238 3261 mernisti
1249 3225 1318 3280 proe-

268 3301 368 3342 terram
382 3287 470 3340 slienn
483 3291 510 3340 vi
520 3303 721 3362 promoventur.
735 3291 769 3344 N.
816 3290 901 3342 dicere
917 3307 1035 3361 quercus.
1053 3289 1121 3342 Mire
1138 3291 1317 3360 compositum

309 3365 349 3434 ¹⁴l·
364 3367 417 3419 Hic
433 3369 502 3418 inter
516 3369 605 3422 densas
621 3368 728 3442 corylos.
743 3373 771 3423 ln
817 3371 966 3442 augurium.
981 3369 1049 3422 Nem
1068 3385 1182 3440 quercus
1194 3371 1220 3420 in
1234 3367 1319 3420 tutela

269 3459 362 3498 nostru
372 3446 509 3514 Editione‚
517 3449 618 3502 corulcs
626 3469 674 3521 per
684 3471 701 3502 u
711 3470 774 3523 pes·
816 3451 889 3502 lovis
905 3460 961 3501 est:
975 3461 1002 3501 et
1016 3447 1095 3520 hujus
1113 3449 1217 3502 arboris
1229 3450 1319 3500 fructu

270 3527 320 3577 sim
339 3527 509 3596 scripsimus,
525 3530 621 3584 imitati
637 3530 773 3584 Romanos
817 3531 881 3582 olins
907 3528 1029 3582 homines
1057 3529 1241 3582 vescebantur.
1270 3529 1320 3580 Per

270 3617 389 3660 veteres.
403 3606 449 3673 qui
456 3610 610 3678 peregrinus
620 3607 710 3666 literas
718 3629 772 3666 non
817 3626 932 3682 quercus
949 3628 1029 3682 ergo,
1042 3611 1119 3682 egri:
1136 3627 1185 3682 pet·
1201 3608 1318 3673 fulmen,

269 3681 467 3740 admittebant„
476 3711 511 3722 -
535 3685 671 3742 Gemellos.
694 3688 773 3764 Tales
817 3693 857 3747 ira
868 3692 941 3742 Joris
953 3711 958 3740 :
972 3709 1020 3763 per
1032 3693 1099 3744 iram
1112 3692 1200 3752 lovis,
1211 3692 1252 3742 irn
1263 3689 1319 3742 Ce-

270 3779 360 3833 naprte
380 3760 506 3814 dicuntur
527 3757 592 3830 slyer
612 3765 771 3830 citonatus.
817 3767 1320 3842 sariszperdsmnumarborum‚dom·

221 3845 225 3856 ‘
270 3839 773 3914 'rhenenldytllocupletentur?
816 3867 881 3902 nutu
906 3867 1032 3922 egsomm
1056 3847 1230 3921 figurabatur.
1256 3850 1317 3900 Htec

245 3937 253 3984 J
271 3919 433 3990 &depulsor
442 3922 495 3975 vid.
505 3921 645 3994 schonau,
658 3938 683 3977 et
695 3925 771 3998 ldyll.
818 3946 932 3999 quercus
944 3946 1008 4000 ergo
1021 3940 1109 3995 tacta,
1121 3927 1215 3995 idest,
1228 3927 1319 3990 afflata

268 4005 323 4072 Ill,
351 4003 399 4072 34:
418 4003 571 4070 odolamites
593 3997 654 4069 αἶγα
679 4003 772 4073 potie-
816 4007 910 4060 leviter
919 4007 1087 4062 fulminetut
1096 4007 1210 4075 Cicero,
1224 4009 1320 4062 Tactus

270 4105 314 4138 en.
331 4087 361 4138 ln
380 4087 470 4159 pretio
484 4097 560 4138 crant
574 4087 695 4160 magno‚}
708 4088 773 4155 quic
816 4095 853 4142 est
861 4084 909 4140 itte
916 4124 926 4155 ,
941 4086 989 4160 qui
1002 4085 1071 4141 Itane
1083 4086 1172 4142 urbem
1183 4087 1318 4154 condidit,
