2964 4690
267 366 329 452 est
575 367 981 436 vcotanicurtem

266 505 326 566 est,
344 491 516 554 calentibus
532 510 568 552 sc
582 489 726 567 fervidis,
747 493 1004 575 sparsas'glebes:
1026 497 1050 556 si
1070 513 1141 557 vero
1157 493 1259 558 solum
1276 495 1320 558 sit

267 580 487 657 infecundum,
505 580 671 642 differatur
684 582 782 641 aratio
796 582 835 642 ed
849 583 1074 664 Septembrem,
1092 607 1155 667 quo
1168 586 1316 645 Arcturus

266 672 421 745 exoritur3
436 692 471 732 ac
488 683 556 731 tum
574 668 702 750 quidem
717 682 839 730 tantum
857 671 951 732 tellus
968 672 1175 756 suspendetur
1192 673 1317 748 leviter,

267 779 334 818 non
355 760 541 834 invertatur3
558 761 759 841 signeturque
775 761 877 820 tenuis
893 761 1023 842 quidam
1043 762 1159 838 sulcus,
1179 783 1243 823 non
1258 781 1319 820 vo·

268 864 336 906 mer
349 849 474 929 penitus
489 861 637 930 penetret.

306 937 356 1017 69.
370 938 482 998 Reddit
494 941 648 999 rationem
661 940 828 1020 superioris
838 942 982 1024 praecepti
994 964 1001 999 :
1015 942 1141 1023 pinguis
1151 941 1319 1002 tellustote

268 1025 391 1107 penitus
408 1027 591 1088 invertenda
606 1039 668 1101 est,
689 1049 752 1109 quo
767 1028 879 1090 melius
893 1027 1088 1089 eradicentur
1102 1028 1221 1103 lierbae,
1242 1047 1318 1107 que-

267 1134 339 1174 rum
348 1114 403 1174 illa
410 1115 495 1176 ferax
506 1129 552 1176 eet
560 1135 615 1176 sua
623 1117 829 1198 prnguedine,
840 1119 925 1178 acsic
934 1121 1161 1199 totaperuicies
1169 1137 1319 1198 agrorum

268 1214 423 1264 evertatur
433 1226 440 1261 z
452 1225 591 1264 macrum
602 1205 702 1266 solutu
715 1206 932 1295 arandumest,
941 1220 970 1266 et
982 1205 1100 1280 leviter,
1112 1219 1142 1266 et
1152 1218 1222 1288 post
1232 1217 1320 1264 oesta·

268 1303 346 1366 tem,
367 1313 407 1352 ne
425 1291 541 1355 humor
557 1295 688 1375 exiguus
709 1295 855 1368 siccetur,
877 1294 1058 1376 deseratque
1076 1307 1190 1354 terram
1215 1291 1319 1366 illem,

269 1398 323 1438 seu
337 1381 442 1460 potius
454 1400 581 1440 arenam
593 1381 739 1442 sterilem.

312 1488 360 1550 7¹·
372 1470 510 1530 Tertium
522 1483 721 1552 preceptum.
739 1471 769 1532 Si
783 1472 867 1534 idem
882 1471 974 1549 velis,
995 1471 1086 1554 fingit
1100 1491 1131 1532 se
1144 1470 1234 1552 loqui
1248 1489 1321 1529 cum

270 1558 421 1638 agricole,
440 1573 475 1620 ut
489 1562 569 1620 votis
583 1561 645 1622 tuis
659 1561 845 1643 respondeat
858 1577 1044 1645 proventus,
1062 1573 1167 1644 patere
1181 1572 1217 1619 ut
1228 1558 1322 1620 tellus

270 1717 305 1754 ne
321 1701 385 1755 solis
399 1705 495 1760 ardore
512 1707 643 1758 siccetur:
660 1704 717 1758 Col.
735 1707 775 1770 ll,
820 1718 877 1757 tum
901 1705 981 1780 sydus
1006 1717 1054 1757 est.
1079 1703 1207 1756 Arcturus
1233 1714 1322 1752 autern

269 1781 303 1848 lt
315 1803 326 1827 ι
336 1780 417 1834 Erilis
433 1802 497 1856 ager
507 1784 621 1856 planus,
637 1786 683 1855 qui
698 1785 774 1855 aquis
819 1784 890 1837 idem
900 1783 1094 1857 Arctophylax,
1106 1784 1169 1854 quia
1179 1793 1240 1854 post
1249 1782 1322 1832 Ursae

272 1859 407 1926 abundet,
420 1865 536 1933 primum
546 1862 737 1916 areturultima
746 1863 774 1913 in
812 1862 936 1916 'caudam
948 1862 1053 1915 locatus
1067 1863 1108 1913 sit.
1127 1863 1192 1913 ltem
1210 1861 1322 1922 Bootes,

270 1940 775 2014 pertemensisdugusti;subindesep·
821 1943 894 2014 quod
915 1943 997 1994 boves
1019 1959 1080 1994 cum
1101 1939 1221 2012 plaustro
1243 1951 1322 2010 egat:

270 2020 369 2071 tembri
378 2023 413 2071 sit
424 2022 549 2085 iteratus,
561 2033 725 2092 paratusque
735 2037 775 2072 se·
821 2021 866 2073 alii
878 2019 1008 2073 Arcadem
1021 2023 1103 2072 luisse
1115 2017 1197 2070 lilium
1208 2017 1324 2070 Calisto·

271 2099 355 2149 menti
365 2100 434 2150 cirea
443 2102 640 2171 equinoctium.
650 2124 704 2147 ι-
712 2097 776 2150 Grn-
821 2102 862 2152 nis
873 2113 899 2154 et
907 2100 980 2174 lovis
991 2098 1101 2166 dicunt,
1116 2100 1162 2168 qui
1173 2115 1253 2168 quum
1264 2115 1324 2148 ma·

272 2175 336 2228 ciles
349 2176 411 2230 clivi
424 2197 478 2230 non
491 2191 554 2230 sunt
563 2191 652 2232 melate
665 2177 776 2243 arandi,
821 2195 888 2233 trem
901 2183 928 2232 in
944 2179 1056 2251 ligurem
1073 2197 1140 2230 urse
1156 2180 1197 2230 ira
1212 2179 1325 2230 lunonis

273 2257 321 2310 sed
340 2259 413 2312 circa
435 2259 600 2333 septembres
618 2258 775 2324 Kalendas3
821 2257 1326 2333 transfiguratamvelletoccidere,em·

274 2340 415 2409 quoniam,
432 2342 455 2392 si
468 2339 592 2394 antehoc
603 2353 708 2412 tempus
718 2357 779 2411 pro·
823 2342 890 2394 bosa
906 2341 972 2392 Jove
991 2341 1019 2391 in
1035 2337 1128 2390 celum
1143 2354 1201 2389 esse
1215 2335 1328 2388 transla-

273 2417 417 2485 scinditur,
428 2421 521 2473 effoeta
533 2433 559 2473 et
569 2421 626 2472 sine
636 2437 716 2472 succo
726 2417 778 2470 hu·
824 2436 879 2486 tos;
889 2422 1081 2480 illerlrcturus5
1090 2418 1135 2469 ille
1144 2415 1235 2470 Helice
1243 2416 1323 2470 dicta.
1383 2446 1388 2455 ·

273 2517 333 2552 mus
346 2501 436 2552 aestivo
449 2499 504 2554 sole
514 2502 667 2572 peruritur,
679 2499 780 2552 nullas-
825 2503 877 2555 elit
890 2504 993 2554 Icarum
1004 2501 1078 2552 hunc
1087 2499 1181 2550 volunt
1191 2515 1266 2565 esse,
1279 2498 1325 2569 qni

275 2597 327 2650 qne
336 2580 431 2632 virium
445 2579 572 2651 reliquias
583 2578 672 2632 habet.
686 2581 779 2650 ltaque
826 2602 842 2635 a
854 2581 1026 2655 pectoribus,
1039 2597 1106 2652 quos
1119 2581 1181 2630 vino
1194 2589 1258 2628 tunc
1271 2577 1326 2648 pri·

275 2661 376 2731 optime
384 2661 453 2710 inter
462 2659 598 2712 Kalendas
606 2673 632 2712 et
643 2659 707 2711 Idus
716 2677 779 2729 sep·
824 2680 897 2715 mum
910 2675 1034 2734 reperto,
1050 2659 1138 2712 ebrios
1155 2661 1270 2722 lecerat,
1285 2675 1327 2708 ve·

274 2738 385 2790 tembris
398 2751 505 2804 aratur,
522 2757 554 2791 ee
570 2737 684 2791 subinde
698 2739 779 2790 itera·
824 2743 874 2795 luti
887 2742 950 2794 dato
963 2759 1080 2806 veneno,
1092 2743 1197 2792 occisus
1209 2753 1257 2792 est.
1268 2739 1328 2792 Ori·

277 2831 336 2882 tur,
349 2831 378 2869 ut
390 2819 482 2889 primis
492 2817 590 2888 pluviis
603 2819 779 2888 equinoctia·
825 2835 869 2874 tur
881 2835 969 2873 sutem
979 2819 1050 2872 idem
1060 2822 1187 2872 Arcturus
1198 2831 1259 2872 ente
1268 2820 1324 2870 XV.

275 2897 346 2951 libus
357 2899 462 2950 conseri
470 2899 568 2969 possim
578 2915 666 2968 neque
677 2899 704 2949 in
714 2897 779 2961 lire,
824 2901 882 2954 Cal.
899 2901 1009 2953 Octobr.
1026 2911 1106 2972 atque
1123 2897 1217 2952 exinde
1232 2899 1327 2968 pluvis

268 2977 324 3056 ¹secl
337 2977 388 3030 sub
405 2977 480 3029 sulco
491 2977 552 3030 telis
569 2995 632 3050 ager
647 2979 780 3029 seminan·
825 2981 972 3051 incipiunt,
990 2978 1063 3050 quod
1078 2982 1135 3051 ipse
1153 2980 1272 3050 aperuit,
1289 2977 1331 3030 di·

276 3059 327 3112 dus
335 3073 383 3113 est.
393 3058 522 3112 Videatur
530 3057 630 3112 Pallad.
639 3057 685 3110 lib.
694 3059 740 3126 1x,
753 3075 779 3120 ις
826 3060 913 3112 cendo
925 3082 932 3112 :
944 3060 996 3112 Hic
1008 3059 1118 3112 sterilem
1128 3060 1235 3132 exiqutts
1242 3077 1276 3111 rte
1284 3058 1329 3110 de-

232 3131 236 3140 ’
277 3141 448 3204 x‚1.V.G.
826 3140 1329 3194 semelumoramsamereturumeu·

311 3221 355 3274 68.
370 3221 422 3272 Sul
437 3221 521 3292 ipsum
535 3221 683 3273 Arcturum.
699 3219 782 3272 idest
827 3234 881 3274 tem
909 3221 1060 3292 pluviarum
1089 3233 1116 3272 et
1140 3230 1329 3290 tempestatum

277 3301 427 3354 autumnali
437 3313 573 3374 tempore,
587 3319 641 3373 quo
650 3303 780 3353 Arcturus
828 3318 887 3353 esse
900 3313 1036 3352 auctorem
1050 3310 1077 3350 et
1088 3297 1196 3368 Plautus
1214 3297 1330 3353 ostendit

277 3383 381 3434 oritur:
394 3393 420 3433 et
430 3381 568 3436 sciendum
577 3381 651 3453 quod
660 3381 704 3434 sub
713 3399 782 3452 prte-
826 3385 854 3434 in
863 3381 1001 3448 Rudente,
1013 3397 1096 3452 quum
1110 3379 1224 3432 eundem
1242 3382 1329 3452 ipsum

276 3461 510 3533 positio,quando
520 3473 625 3532 tempus
636 3459 781 3532 significat,
827 3460 960 3514 dicentem
987 3461 1052 3512 fecit
1070 3481 1076 3511 =
1097 3459 1219 3531 lracrepui
1242 3459 1331 3532 lybor-

277 3543 431 3592 accusativo
439 3539 722 3612 gaudet5uthocloeo
730 3539 781 3591 Sulr
826 3561 900 3606 num,
925 3551 951 3592 et
963 3541 1065 3619 fluctus
1086 3540 1157 3592 movi
1178 3541 1328 3593 maritimos.

275 3627 423 3682 arctarrum,
435 3617 463 3668 id
476 3630 530 3682 est,
543 3621 615 3671 circa
628 3633 779 3671 arcturum:
828 3621 1256 3692 Vehemenssumcxorieoseqrrum
1265 3621 1330 3672 oeci·

277 3701 355 3763 item,
366 3698 526 3752 Autubisul
536 3699 619 3751 lucem
629 3700 784 3752 densar'rtter
826 3701 876 3764 do,
891 3699 1071 3753 vehementior.
1087 3701 1174 3770 lpsius
1190 3719 1270 3754 manu
1286 3699 1332 3752 ed-

276 3777 367 3830 nubila
382 3796 450 3831 sese.-
467 3792 509 3846 et,
525 3780 577 3832 Set
599 3789 699 3831 noctem
720 3799 783 3832 curo
825 3783 890 3852 jecti
905 3792 967 3832 sunt
977 3779 1071 3833 deletis
1083 3779 1203 3844 duobus,
1217 3799 1330 3852 quorum

276 3869 404 3912 munet:
416 3859 454 3910 Et
461 3861 591 3925 item,Sub
601 3859 684 3912 lucem
695 3879 784 3933 expor-
830 3861 897 3913 alter
909 3871 980 3914 totns
991 3860 1043 3932 legi
1055 3861 1144 3930 potuit
1157 3879 1163 3910 ε
1180 3859 1258 3926 Illic,
1273 3857 1333 3932 offi-

277 3949 336 3990 tortt
350 3937 466 3991 calathis.
487 3941 545 3992 lloc
561 3953 650 3994 autem
667 3953 706 3992 est
728 3953 784 3992 tum
830 3941 901 3992 ciant
915 3951 1008 4014 repetes
1023 3957 1057 3990 rte
1068 3939 1190 4012 fretellus
1208 3937 1261 3992 iuis
1270 3961 1279 4000 ,·
1300 3955 1333 3990 ex

277 4036 360 4089 quum
364 4020 420 4089 jam
429 4019 524 4091 pluere
534 4022 786 4092 compertumdrc·
832 4020 915 4073 altero
925 4020 985 4071 lroc·
994 4031 1096 4072 tanturn
1108 4058 1116 4087 ,
1129 4039 1161 4074 rte
1174 4019 1272 4074 deserat
1285 4017 1337 4070 lur-

275 4111 352 4154 otrus
362 4099 433 4152 enirn
440 4098 591 4172 pluviarum
603 4113 630 4154 et
640 4113 784 4173 tempesta·
831 4117 1012 4153 meramnum.
1023 4098 1096 4152 Serv.
