2918 4682
284 387 349 470 466
614 381 998 450 COMMENTARIA

327 505 391 583 184.
403 505 543 588 Exponit
553 506 741 578 secundum,
754 525 825 586 quse
836 518 925 566 ten‘ae
937 518 1016 586 apte
1028 504 1156 568 ritibus.
1170 509 1241 570 111ae
1252 511 1349 572 vide·

283 598 372 672 licet,
393 595 607 677 quibusinsit
625 591 801 676 pingued03
824 593 935 674 quibus
956 593 1057 675 uligo,
1077 610 1172 678 etque
1191 599 1350 660 uviditae

283 699 448 768 perpetum
460 684 535 744 dum
545 683 596 743 hic
605 683 721 744 humor
732 682 833 742 dulcis
845 685 900 759 sit,
911 705 975 743 non
986 690 1098 744 salsus:
1110 707 1181 768 quse
1191 686 1347 750 herboste

286 779 366 836 sint:
383 795 452 857 quae
469 773 587 834 fertiles
607 773 646 834 ad
665 774 892 856 erumpendum
907 776 941 840 in
955 772 1015 842 elie
1032 779 1189 858 quaepinm
1207 799 1279 859 prae
1293 781 1346 840 ni-

285 866 349 926 mia
363 863 510 925 ubertate.
531 862 800 924 Definivitlocum
816 861 939 922 erebus
955 877 1107 944 quatuor,
1125 865 1347 945 pinguedine,

285 952 419 1033 uligine,
431 952 635 1025 herbositate,
645 949 824 1014 fertilitate:
839 963 910 1013 ente
922 971 996 1012 vero
1010 972 1103 1032 quam
1118 952 1254 1016 ulterius
1268 975 1347 1036 pro-

285 1041 389 1114 cedat,
402 1040 532 1102 adhibet
542 1039 718 1121 exemplum
728 1038 790 1100 loci
801 1037 933 1102 deliniti.
946 1040 1058 1104 Vidisti
1068 1041 1244 1125 aliquando
1258 1065 1345 1104 con-

284 1130 413 1198 vallem,
424 1131 456 1190 in
467 1151 562 1212 quam
574 1131 746 1210 occipiente
757 1141 864 1210 tepore
875 1131 954 1190 veris
962 1127 1078 1190 humor
1087 1128 1245 1213 plurimus
1256 1131 1346 1212 (boc

284 1235 330 1280 est
348 1221 433 1280 enim
450 1219 569 1296 munes)
587 1217 717 1298 liquitur
735 1239 753 1278 e
772 1218 945 1294 montibus,
966 1221 1021 1299 qui
1039 1219 1256 1282 seeum—trehit
1273 1221 1346 1282 ieli-

285 1329 355 1370 cem
371 1307 604 1388 iecuntlumqne
623 1307 753 1370 limum:
772 1305 847 1394 boio
866 1306 1005 1374 similem
1020 1307 1093 1374 volo
1106 1311 1265 1370 exissimes
1279 1325 1343 1370 ter-

287 1421 351 1459 ram
374 1397 414 1458 ad
434 1400 524 1456 vites.
547 1395 705 1471 Procedit,
726 1413 758 1458 et
777 1395 912 1459 adhibet
924 1397 1000 1458 duas
1021 1397 1102 1472 alias,
1117 1399 1343 1460 conditiones:

286 1509 434 1570 campus,
449 1487 504 1569 qui
520 1489 634 1548 Austro
649 1502 695 1546 est
711 1488 886 1568 expositus,
905 1509 968 1550 non
985 1489 1110 1551 Beroe:
1129 1489 1261 1566 deinde,
1285 1492 1344 1572 qui

287 1577 346 1638 fert
361 1576 490 1650 filicem,
512 1575 645 1638 idoneus
660 1579 719 1640 erlt
736 1579 850 1638 vineto.
872 1578 1045 1643 llicobiter
1060 1579 1203 1659 attingit,
1223 1579 1345 1640 filicem

286 1668 421 1728 inrisam
437 1685 502 1726 esse
516 1667 641 1740 aratris,
660 1681 696 1726 ut
710 1667 748 1727 ud
763 1687 857 1746 quam
869 1666 1065 1728 evertendam
1080 1689 1162 1750 opus
1179 1668 1345 1729 sitmulti·

286 1755 363 1838 plici
377 1755 558 1826 iteratione,
574 1768 705 1834 propter
715 1755 852 1830 vividos,
865 1776 901 1816 sc
914 1755 974 1818 sibi
988 1756 1066 1837 ipsis
1077 1756 1229 1838 implexas
1243 1756 1342 1817 iube·

288 1841 595 1922 nentesque'radieee.
955 1885 957 1901 ι
1020 1897 1023 1906 ,
1080 1881 1082 1888 ›

332 1932 546 2014 ipiufixponit
555 1931 662 2010 qtreles
674 1929 718 1993 ibi
732 1934 810 1994 vites
822 1935 1019 2015 proveniant.
1030 1936 1105 2006 Hic,
1120 1936 1238 2017 inquit,
1250 1933 1343 1996 loeus

289 2021 344 2100 qui
358 2017 498 2098 pinguis,
518 2019 573 2099 qui
592 2017 781 2099 uliginosus,
803 2023 863 2103 qrii·
875 2019 1046 2096 herbosus,
1066 2023 1121 2104 qui
1137 2021 1264 2096 fertilis,
1286 2024 1345 2104 qui

287 2109 403 2166 Austro
421 2109 592 2188 expositus,
612 2109 666 2189 qui
688 2107 748 2169 fert
766 2110 896 2186 filicem,
919 2112 1007 2172 dabit
1024 2104 1082 2171 tibi
1101 2114 1182 2172 vites
1199 2115 1343 2194 primum

288 2193 383 2254 fortes
392 2241 398 2264 ,
408 2194 583 2258 acvalidas:
594 2195 707 2256 deinde
723 2200 850 2279 copioso
863 2201 937 2259 vino
948 2200 1088 2274 fluentes,
1101 2217 1196 2282 atque
1207 2219 1341 2260 uvarum

289 2282 516 2346 fertilissimas:
536 2289 628 2348 tertio
648 2301 743 2348 tuntae
761 2287 926 2366 bonitatis,
949 2302 983 2348 ut
998 2292 1035 2348 e'o
1054 2292 1129 2350 vino
1149 2291 1250 2372 possis
1268 2289 1342 2348 Diis

291 2369 390 2432 libare
402 2375 435 2433 in
449 2377 563 2453 pateris
575 2390 604 2435 et
619 2374 711 2449 auro',
725 2373 827 2452 idest,
842 2379 875 2436 in
889 2379 989 2437 aureis
1002 2380 1126 2460 pateris.
1145 2378 1254 2438 Obiter
1266 2397 1343 2436 vero

292 2463 419 2543 attingit
434 2466 512 2523 ritus
526 2485 683 2525 sacrorum
696 2487 702 2522 :
718 2486 791 2524 nam
802 2467 890 2526 adest
900 2467 1039 2526 minister
1052 2469 1195 2550 pinguis,
1208 2489 1243 2527 ex
1254 2468 1347 2526 Etm-

292 2551 354 2624 ria,
369 2564 402 2609 ut
417 2549 595 2631 frequenter
607 2551 744 2627 solebat,
757 2557 893 2631 accitus,
908 2557 961 2635 qui
975 2555 1066 2616 inflat
1077 2555 1169 2615 tibias
1181 2575 1217 2613 ex
1231 2553 1347 2614 ebore:

294 2653 325 2698 et
337 2637 514 2700 redduntur
523 2641 590 2701 Diis
601 2657 667 2700 exta
682 2643 714 2701 in
726 2642 869 2704 lancibus
879 2644 1006 2726 pandis,
1018 2640 1049 2703 id
1064 2659 1123 2718 est,
1135 2642 1262 2726 patulis.
1274 2645 1349 2703 Par·

294 2723 427 2784 ticulum,
437 2725 506 2784 oluit
523 2748 593 2808 quae
609 2731 781 2810 precessit,
793 2731 913 2813 explica
923 2735 1022 2813 quouis
1035 2745 1168 2813 tempore.

333 2903 392 2971 184.
402 2903 532 2978 Dulcique
547 2905 646 2978 ulipiue
658 2907 726 2960 loeta.
739 2908 797 2962 Uli·
841 2923 885 2962 tur
896 2912 1060 2980 meopeuii:
1072 2931 1135 2964 num
1145 2910 1191 2962 hie
1201 2909 1350 2982 significat,

296 3003 330 3058 go
354 2987 464 3057 proprie
489 2987 677 3048 estuaturalis
700 2988 798 3040 humor
841 2989 873 3040 de
890 3002 990 3044 sunone
1004 2993 1114 3063 aspicem
1130 2992 1158 3042 in
1176 2990 1347 3042 imumrhoc

298 3081 389 3132 terre,
408 3083 439 3116 ex
453 3083 636 3136 ennnnquam
651 3069 800 3130 recedens5
842 3087 897 3122 non
909 3071 985 3124 vidit.
996 3070 1035 3122 Gl.
1049 3072 1174 3141 lleyuius.

296 3146 365 3200 bene
378 3159 466 3198 autem
478 3145 557 3202 Dulci
571 3146 689 3212 addidit,
703 3147 735 3200 ad
746 3147 800 3200 dis·
882 3149 939 3202 188.
954 3149 1064 3202 Felicem
1082 3147 1184 3200 limum.
1201 3147 1347 3200 Terrarum

297 3228 444 3279 cretionem
455 3243 558 3278 amaro.
570 3228 723 3299 Uliginosus
735 3247 799 3298 ergo
843 3226 959 3294 seilicet,
973 3228 1000 3280 id
1012 3242 1068 3294 est,
1080 3228 1211 3288 fenilem
1224 3245 1288 3280 nam
1301 3227 1348 3279 flu-

298 3328 360 3380 ager
379 3321 435 3372 est,
455 3326 559 3378 semper
577 3307 717 3371 humidus;
736 3324 798 3360 narn
843 3309 944 3360 minum
959 3307 1037 3362 limus
1052 3321 1093 3359 est
1108 3308 1211 3360 noxius.
1224 3308 1297 3359 Sero.
1310 3337 1348 3350 -

296 3389 389 3441 uvidus
399 3387 512 3453 dicitur,
531 3391 576 3458 qui
591 3389 735 3460 aliquando
748 3391 800 3442 sic·
845 3388 946 3460 Quique
956 3388 1038 3441 editus
1050 3399 1144 3440 autem.
1159 3388 1217 3438 Hoc
1233 3386 1295 3438 loco
1312 3386 1346 3439 de

298 3485 382 3522 catur.
394 3469 464 3520 Serv.
843 3481 897 3518 uno
910 3465 1057 3538 eodemque
1070 3485 1136 3539 egro
1147 3465 1286 3538 intelligit,
1299 3467 1344 3535 qui

337 3548 393 3616 187.
414 3547 550 3617 Dispicere.
564 3547 724 3619 Dispicirnus
742 3567 798 3600 non
843 3547 876 3598 sit
890 3548 1008 3618 pinguis,
1021 3561 1047 3599 et
1059 3548 1135 3600 letus
1146 3546 1220 3598 dulci
1232 3544 1341 3617 uligine,

297 3637 400 3679 tantum
416 3639 519 3690 mente,
537 3645 619 3697 quum
634 3641 705 3680 rocta
718 3628 799 3680 ratio·
842 3624 972 3678 herbosus
989 3639 1015 3682 et
1031 3627 1114 3680 ubere
1132 3625 1228 3679 fertilis
1249 3623 1275 3676 iti
1294 3641 1340 3676 eu·

298 3705 338 3756 nis
347 3716 446 3754 trutina
454 3723 510 3756 rem
518 3705 700 3775 ponderamus
710 3717 736 3756 et
746 3707 801 3757 ani·
846 3716 928 3758 strum
939 3708 1081 3776 expositus.

298 3803 341 3856 mn
368 3782 487 3856 diligenti
511 3783 728 3856 perpendimns;
752 3785 801 3839 ced
884 3785 1188 3858 194.Lauoilmspaudis.
1202 3785 1344 3854 Atitpntu·

297 3869 377 3920 etiam
393 3885 475 3936 quum
492 3867 613 3935 corporis
625 3864 727 3918 lumina
741 3884 799 3918 om·
845 3867 893 3929 lis,
905 3879 951 3918 aut
962 3879 1081 3922 extorum
1092 3864 1213 3938 pondero
1225 3867 1346 3916 incurvu-

298 3967 343 4000 nes
361 3951 388 3998 in
406 3965 466 3998 oras
479 3945 706 3999 circumferimus:
726 3943 801 4016 apud
844 3947 886 3999 tir.-
898 3947 970 3998 Lanx
983 3960 1070 4000 eutem
1083 3947 1134 4000 fuit
1147 3963 1195 3998 ins
1209 3943 1346 3997 saculioiis

299 4045 390 4080 omnes
404 4029 461 4077 fere
474 4024 579 4078 codices
594 4025 706 4098 legitur,
720 4026 801 4098 despi-
845 4025 1013 4082 destinatum.
1027 4057 1063 4070 --
1073 4025 1214 4080 Fumantt'a
1228 4035 1287 4076 exta
1301 4023 1344 4075 di-

299 4105 437 4176 cerequod
451 4105 799 4178 macheycnintarpreta·
843 4121 956 4170 cuntur,
977 4108 1019 4159 vel
1041 4109 1103 4179 quia
1124 4107 1235 4158 victime
1259 4106 1344 4156 ventri

627 4387 640 4414 Ο
