2964 4690
368 331 420 397 m
444 327 833 397 oaonorcoaun
857 331 949 395 mn
975 333 999 394 1.
1143 334 1201 413 421

204 451 271 531 iou.
284 457 355 516 Tria
368 469 525 539 postrema
537 455 576 515 ab
591 456 691 515 tribus
707 455 832 533 avibus,
849 467 974 530 noctua3
990 455 1078 530 Nis03
1095 457 1207 515 corvis.

160 544 251 604 Nihil
268 560 482 629 tempestatem
496 543 660 620 formides,
676 545 699 603 si
715 545 830 603 videris
846 559 996 605 tacentem
1009 559 1155 604 noctuam
1169 541 1209 603 ad

162 649 311 693 occasum
321 635 412 707 Solis3
424 633 501 695 illud
513 635 705 716 nequicquam
714 645 833 708 exercet,
842 645 885 693 est
894 655 958 694 non
970 648 1101 708 exercet3
1112 653 1208 714 quam

159 719 294 802 phrasin
309 724 432 808 Virgilii
448 736 478 784 et
492 722 541 784 hic
554 724 675 782 Servius
688 723 847 800 observat,
861 737 891 783 ct
903 745 960 804 eqo
974 721 1067 782 alibi:
1084 725 1110 782 si
1124 721 1209 781 vide·

159 811 205 868 ris
221 813 329 872 Nisum
346 815 397 894 (in
414 813 475 874 hoc
492 815 696 896 prognostico
716 831 779 872 rem
794 811 908 873 dilatat
925 834 960 872 ex
973 813 1151 872 narratione
1164 811 1210 871 fa-

159 895 262 974 buloe)
282 917 486 985 apparentem
505 903 536 962 in
557 923 641 977 aere,
659 916 691 962 et
709 916 901 984 repetentem
919 921 1028 982 poenas
1048 900 1087 960 eb'
1108 899 1208 983 Scylla

160 982 229 1044 filia
243 1008 302 1069 pro
323 990 437 1072 capillo
456 1011 630 1074 purpureo,
649 1009 741 1071 quern
757 989 811 1050 illa
825 993 906 1073 patri
922 990 1053 1062 ademit;
1074 1009 1211 1070 quacun·

162 1095 226 1154 que
240 1077 323 1136 enirn
338 1077 403 1139 haec
414 1079 511 1160 fugit,
533 1077 587 1138 ille
602 1081 789 1160 insequitur;
804 1101 866 1161 qua
881 1078 931 1139 hic
947 1078 1136 1159 insequitur,
1155 1075 1211 1136 illa

160 1157 247 1242 fugit
258 1185 265 1222 :
278 1163 404 1226 demum
417 1171 442 1227 si
455 1165 569 1225 videris
581 1187 689 1226 corvos
704 1180 750 1226 ter
765 1181 820 1227 aut
835 1180 946 1248 quater
958 1185 1066 1224 vocem
1082 1162 1213 1244 ingemi·

160 1261 288 1326 nantes,
307 1251 393 1334 quod
413 1251 534 1313 faciunt
550 1273 729 1336 compresso
747 1254 785 1314 ad
804 1251 1003 1314 formandam
1020 1273 1130 1336 vocem
1144 1263 1212 1332 gut-

160 1349 246 1411 ture3
269 1353 300 1399 et
311 1363 408 1423 quum
427 1356 500 1402 sunt
517 1344 548 1400 in
566 1344 631 1402 suis
650 1341 746 1418 nidis,
759 1342 925 1403 dulcedine
937 1341 1074 1423 quadam
1087 1340 1168 1398 inter
1180 1357 1214 1397 se

162 1427 376 1506 strepitantes3
390 1428 576 1489 faciunthoc
585 1429 669 1490 enim
677 1445 749 1513 post
757 1444 882 1491 exactos
891 1429 1022 1502 imbres,
1034 1426 1111 1486 dum
1121 1443 1211 1485 suam

163 1510 319 1587 sobolem,
332 1514 408 1574 dum
421 1515 513 1576 nidos
525 1519 673 1578 revisunt.

166 1676 178 1700 ·
189 1671 277 1724 aqua,
289 1657 337 1710 sed
346 1662 427 1712 etiam
436 1660 493 1713 luto
504 1687 515 1710 ι
528 1684 535 1726 ;
548 1675 574 1715 et
584 1662 665 1734 paulo
746 1662 1032 1731 404.Sublimisinaere
1038 1661 1124 1713 Nisus.
1133 1657 1216 1709 Nisus

163 1746 242 1802 post:
256 1739 423 1812 eProdiqunt
434 1743 462 1793 in
478 1744 582 1796 lutosos
597 1743 667 1795 limi·
712 1760 757 1794 rex
773 1743 987 1814 Megarensium,
1006 1751 1083 1811 pater
1104 1735 1213 1808 scylla,

167 1837 179 1859 ι
191 1825 230 1865 tes
242 1816 379 1884 salustra,
393 1835 421 1872 ut
429 1819 582 1874 volutentur
591 1823 618 1874 in
629 1822 668 1873 lu·
712 1838 766 1890 quo
779 1834 877 1890 pacto,
891 1821 917 1871 in
930 1817 1080 1893 volucrem,
1094 1833 1152 1887 quae
1168 1815 1214 1866 lte-

166 1917 179 1940 ι
190 1905 233 1957 ιο,
248 1896 320 1966 quod
332 1911 372 1950 est
383 1899 491 1953 illarum
504 1904 625 1972 requies,
638 1912 668 1953 ut
713 1899 810 1952 iioeetus
826 1902 881 1952 sive
892 1899 968 1972 sulco
987 1909 1172 1968 nuncupatur:
1188 1910 1216 1948 et

166 1971 287 2026 «lavatio
303 1975 412 2030 homini.
429 2003 440 2026 ι
462 1981 559 2032 Aratus
575 2003 581 2032 :
598 1981 623 2032 ui
643 1975 670 2032 a·
712 1980 775 2032 item
787 1979 842 2031 filia
854 1979 937 2050 ipsius
953 1975 1055 2048 Scylla,
1070 1994 1129 2047 qus:
1143 1992 1217 2026 amo-

163 2049 215 2109 eta
229 2057 319 2124 sonat
332 2057 544 2126 ieruquer‘reuoer.
558 2061 597 2112 De
607 2061 666 2131 ipso
712 2078 741 2112 re
753 2059 850 2112 Minois
862 2057 948 2110 hostis
961 2070 1056 2129 capta,
1069 2056 1139 2128 patri
1149 2055 1215 2108 lata-

164 2137 337 2206 prognostico
347 2138 384 2189 ita
393 2139 493 2191 Plinius
502 2141 599 2204 XVIII,
612 2138 646 2191 35
659 2161 664 2191 :
710 2138 764 2191 lem
776 2137 904 2208 capillum
921 2148 1115 2208 praesecuerat,
1127 2135 1155 2186 in
1175 2133 1215 2184 Ci-

165 2222 300 2286 tutpesque
307 2217 379 2286 porci
389 2217 476 2268 alieno
487 2217 601 2270 subsultu
611 2237 666 2268 mu·
711 2219 751 2268 rin
761 2220 816 2270 sive
824 2228 946 2290 eqrettum
953 2216 1047 2268 mutati
1055 2215 1117 2279 sint,
1122 2212 1216 2265 (locuit

165 2290 342 2364 aipulosfaeni
352 2293 498 2349 lacerantes.
509 2297 594 2348 Eram.

202 2371 262 2436 403.
285 2374 465 2446 Nequiequam
486 2393 551 2428 seros
570 2385 667 2428 exercet

166 2459 260 2501 noema
268 2462 364 2504 canna.
374 2453 462 2519 idest,
472 2472 535 2506 non.
544 2457 664 2507 Persius:

165 2529 345 2603 Nequiequam
359 2533 449 2604 fundo
469 2535 575 2607 suspiret
590 2555 667 2587 num·

165 2627 222 2662 mus
234 2611 260 2662 in
273 2611 334 2663 imo.
351 2613 422 2666 Serv.
434 2643 468 2655 -
477 2617 590 2668 Noctua.
603 2616 666 2670 Aris

166 2703 205 2742 est
224 2691 361 2766 lucifuga:
382 2713 441 2766 qus:
460 2695 591 2770 significat
607 2697 667 2770 plu·
691 2723 696 2730 ·

165 2773 251 2836 viam,
264 2774 286 2825 si
298 2775 424 2827 cecinerit
435 2790 496 2847 post
508 2777 575 2830 Solis
588 2795 668 2829 occa-

166 2867 232 2902 sum.
239 2850 336 2904 uenae
345 2867 432 2907 autem
443 2855 501 2910 talis
512 2869 551 2908 est
558 2856 664 2909 fabula:

166 2929 322 3002 Nyctimene
342 2947 486 3006 postquam
507 2956 567 2989 eum
588 2950 665 3010 patre

167 3009 327 3076 concubuit,
342 3025 369 3064 et
385 3015 493 3085 agnovit
509 3016 612 3068 lacinus
625 3034 666 3068 es-

168 3105 212 3156 se,
227 3089 254 3139 in
266 3089 338 3141 silvis
355 3108 382 3142 se
400 3091 519 3160 abdidit,
537 3107 563 3145 et
579 3093 666 3146 lucem

167 3168 276 3240 refugit:
286 3167 331 3220 ubi
339 3169 451 3222 deorum
459 3170 595 3225 voluntate
604 3191 667 3224 eon-

167 3263 243 3298 versa
255 3261 294 3299 est
306 3249 333 3300 in
346 3267 437 3316 avem,
454 3269 512 3322 que
528 3269 578 3322 pro
593 3265 667 3304 tanto

167 3328 286 3380 facinore
298 3329 422 3382 omnibus
432 3330 526 3382 avibus
537 3345 575 3384 est
586 3329 669 3383 admi·

168 3409 274 3460 rationi.
285 3410 353 3462 Seru.
363 3409 505 3462 —Plinius
516 3433 521 3462 :
536 3435 546 3458 ι
556 3413 669 3484 Vesper

172 3487 277 3539 atinum
298 3489 409 3540 Noctua:
428 3489 581 3557 sllentium,
598 3509 669 3543 sere·

172 3567 283 3620 «nitatis
305 3581 345 3620 est
364 3571 523 3641 presagium
543 3593 548 3622 :
574 3585 669 3624 eontra

172 3645 347 3719 «garrulitas,
360 3646 465 3719 pluvie.
479 3672 490 3696 ι
505 3679 540 3688 --
552 3650 670 3724 Nequid-

170 3743 264 3800 quam.-
277 3739 377 3780 noctua
388 3729 488 3800 gemitu
501 3746 549 3781 suo
565 3729 670 3803 proeel-

168 3823 196 3858 es
207 3807 360 3878 imbresque
376 3807 553 3880 nequidquam
573 3827 668 3881 provo-

171 3897 221 3937 cat.
230 3887 357 3958 Apuleius
366 3886 581 3955 dicit,noctuam
590 3907 671 3942 cane·

171 3967 672 4039 re,quumadvesperaseiuululamau·

171 4046 670 4118 emvesper03bubonemnoctu.V.G.

711 2297 789 2349 ovid.
801 2297 908 2348 Metam.
923 2296 999 2358 Vlll,
1012 2295 1103 2356 initio;
1117 2293 1214 2344 Noster

711 2393 743 2428 ex
757 2372 890 2426 industria
905 2374 933 2424 in
950 2372 1095 2424 cultissimo
1115 2384 1141 2422 et
1159 2372 1216 2422 ior·

705 2457 782 2506 'tasse
791 2471 916 2526 supremo
925 2453 1070 2517 Poematio,
1079 2449 1153 2522 quod
1160 2451 1215 2504 Me-

711 2535 799 2607 garis,
813 2553 866 2605 quo
879 2545 1041 2597 secesserat,
1056 2543 1144 2582 motus
1159 2550 1214 2583 me-

711 2616 797 2668 moria
810 2615 848 2666 rei
859 2625 884 2666 et
894 2613 961 2680 loci,
972 2613 1094 2686 scripsit,
1103 2622 1129 2662 et
1138 2610 1214 2662 Ceiris

712 2695 854 2766 inscripsit.

747 2774 807 2841 410.
828 2771 951 2846 Liquidus
967 2789 1045 2824 voces.
1061 2771 1154 2824 Claros
1174 2789 1215 2822 so-

711 2856 796 2920 nitus,
809 2856 854 2926 qui
867 2853 1050 2927 impediuntur
1059 2853 1213 2904 imminente

711 2948 876 3008 tempestate.
897 2935 972 2986 Aeris
994 2932 1126 2984 subtilitas
1150 2933 1215 2983 facit
1265 2987 1268 2994 ¹

711 3035 803 3067 vocem
812 3017 1045 3086 magissonoram,
1059 3029 1117 3082 qus:
1132 3027 1215 3081 quum

711 3093 888 3166 proficiscitur
911 3112 928 3145 a
948 3094 1051 3153 corvis,
1074 3091 1215 3142 serenioris

713 3173 821 3226 earliest
835 3171 980 3237 indicium,
995 3184 1024 3221 ut
1038 3169 1104 3220 Plin.
1115 3171 1214 3236 xvtlt,

714 3251 1011 3306 35:0bscuramrocem
1020 3252 1215 3315 mnittunumu·

714 3346 769 3386 tata
783 3343 957 3402 tempestate,
974 3347 1005 3380 ex
1020 3330 1151 3380 sententia
1164 3329 1215 3379 Lu·

714 3425 778 3464 eret.
787 3411 833 3464 lib.
842 3411 879 3460 V:
891 3411 928 3460 E:
934 3419 1034 3480 partem
1045 3419 1213 3460 niutaatcum

715 3491 901 3564 tempestatibus
917 3508 970 3540 una
986 3489 1141 3558 Ilaucisonos
1152 3507 1215 3540 can-

714 3584 768 3638 tus,
781 3583 831 3624 etc.
845 3569 930 3621 Emm.
941 3597 976 3608 -—
987 3569 1031 3620 Ait
1043 3568 1140 3620 Aratus
1155 3589 1215 3621 eor·

713 3668 760 3704 vos
777 3668 872 3702 serena
890 3659 1047 3720 tempestate
1066 3651 1215 3721 appropin-

715 3743 833 3804 quante,
857 3730 973 3802 primun:
994 3725 1130 3799 singulos,
1154 3748 1214 3781 mox

716 3810 871 3862 catervatim
880 3807 914 3860 ad
924 3806 1002 3860 nidos
1010 3805 1151 3858 volitantes
1159 3807 1215 3880 ple·

715 3909 750 3943 na
768 3908 834 3942 voce
852 3887 1016 3960 singultare,
1034 3884 1146 3957 lateque
1165 3889 1216 3939 cir-

717 3988 777 4021 cum
794 3969 915 4021 arborem
933 3965 1111 4017 tumultuare:
1128 3963 1215 4029 idem,

717 4051 767 4116 ait,
779 4067 805 4100 r.
819 4047 887 4114 381,
899 4063 1040 4100 cumeram
1050 4063 1157 4098 raucam
1169 4063 1217 4096 ro·
