3000 4674
375 378 695 448 counranrlnu
711 380 754 446 rn
769 381 975 450 reuoclu
990 386 1033 450 11.
1160 389 1224 480 237

186 507 271 568 enlm
282 503 537 566 formosissimus.
549 501 606 564 Sed
618 497 732 564 frustra
745 503 891 585 Corydon
906 506 1033 568 ardebat
1047 511 1161 570 amoris
1176 509 1224 571 fn-

187 599 257 672 riis,
270 615 343 656 nam
356 593 416 656 illae
428 593 546 654 deliciae
558 591 685 654 alterius
697 605 786 653 erant
797 591 936 682 domini:
950 595 1021 657 ideo
1032 596 1154 676 subdit,
1166 621 1224 660 nec

187 682 323 745 babebat
335 681 411 766 quid
420 694 567 765 speraret,
580 680 681 756 idest,
694 679 814 742 nullam
824 701 912 764 spem
923 685 1068 764 potiundi
1079 683 1225 748 habebat.
1300 671 1311 698 '

187 771 295 853 ltaque
311 771 408 830 mirus
424 768 554 830 affectus
568 769 719 829 excitatur
733 789 750 828 a
764 783 872 850 poeta,
890 769 1020 852 perinde
1034 793 1069 834 ac
1083 774 1108 834 si
1123 773 1222 835 dicat:

187 861 284 922 Amor
292 881 430 922 summus
440 873 506 920 erat
514 861 546 918 in
556 858 737 941 Corydone3
748 859 868 934 verius,
882 858 988 936 ardor3
1000 861 1051 922 sed
1062 863 1225 924 rideamne

186 953 230 1011 ris
243 948 336 1032 hujus
348 946 576 1022 infelicitatem,
591 945 714 1007 amabat
728 947 810 1006 enim
822 963 1052 1029 praeoccupatas
1063 949 1199 1012 delicias.

228 1040 257 1100 ³.
270 1034 440 1100 Destitntns
451 1052 559 1121 pastor
570 1057 626 1119 spe
636 1033 798 1117 potiundi,
811 1034 896 1116 quod
908 1049 1069 1118 tantopere
1082 1037 1228 1120 optabat,
1337 1085 1340 1094 .

188 1126 313 1190 levandi
331 1126 450 1188 doloris
471 1147 579 1188 caussa
600 1125 667 1185 ibat
685 1122 809 1184 assidue
829 1122 868 1183 ad
887 1123 1087 1202 solitudines,
1107 1127 1170 1186 ibat
1187 1127 1227 1186 ad

188 1213 349 1276 cacumina
362 1211 525 1288 umbrosa,
543 1216 625 1272 inter
639 1210 749 1272 densas
768 1208 869 1293 fagos,
887 1211 992 1290 idest,
1009 1211 1049 1272 ad
1067 1216 1229 1274 cacumina

164 1367 167 1376 ,
190 1303 335 1366 umbrosa
346 1297 491 1386 fagorum
503 1301 668 1363 densitate.

229 1395 257 1454 5.
270 1395 374 1476 Pergit
387 1395 419 1452 in
431 1389 612 1474 explicanda
622 1391 757 1472 pastoris
768 1387 959 1452 infelicitate.
974 1390 1022 1452 lbi
1037 1390 1137 1468 solus,
1151 1389 1229 1472 quid

189 1477 249 1542 bac
272 1501 304 1540 re
326 1477 460 1542 tristius?
472 1477 612 1562 jactabat
628 1476 733 1538 studio
752 1480 855 1554 inani;
873 1479 944 1541 vide
960 1495 995 1542 ut
1011 1479 1134 1542 nullum
1148 1479 1232 1540 leva·

190 1571 280 1630 men!
295 1590 397 1631 versus
412 1567 493 1631 male
506 1567 665 1644 conditos,
681 1581 715 1628 ut
728 1569 782 1649 qui
794 1566 926 1650 profecti
939 1584 1039 1630 essent
1051 1569 1089 1629 ab
1103 1567 1233 1630 bomine

190 1657 319 1732 insano;
337 1649 494 1740 dabatque
513 1654 654 1739 querelas
673 1675 744 1714 suas
765 1656 925 1715 montibus
946 1671 977 1715 et
995 1655 1103 1738 sylvis,
1122 1668 1158 1716 ut
1177 1656 1233 1736 qui

190 1765 257 1805 non
271 1739 471 1806 exaudiretur
484 1743 524 1804 ab
536 1743 639 1818 Alexi;
653 1743 779 1803 mitiora
792 1755 904 1824 putans
917 1743 1125 1820 insensibilia,
1137 1763 1233 1825 quam

191 1833 329 1892 animam
345 1829 429 1894 illius
442 1853 535 1915 quem
548 1829 763 1892 ardentissime
774 1832 910 1893 amabat.

231 1921 260 1980 6.
273 1919 387 1982 Probat
398 1913 521 1982 duobus
532 1917 643 2004 primis
654 1918 806 1997 versibus,
820 1920 930 1982 Alexin
940 1939 1003 1982 esse
1012 1918 1169 1982 crudelem
1182 1920 1235 1979 tri·

193 2123 237 2158 ros
254 2104 380 2164 babuisse
397 2129 533 2164 amorem:
552 2129 601 2166 nec
620 2110 692 2163 enim
735 2107 796 2164 dem
822 2127 854 2164 ex
878 2110 1074 2184 originatione,
1096 2105 1233 2160 delirante.

192 2188 306 2258 turpiter
319 2208 379 2242 eum
395 2190 529 2263 diligebat.
547 2191 599 2242 Alii
612 2189 693 2260 Cery-
735 2192 804 2244 Pier.

192 2258 291 2320 donem
318 2267 401 2320 Asinii
427 2271 554 2322 Pollionis
579 2286 694 2340 puerum
772 2271 796 2323 5.
807 2266 1062 2324 Montibusetsilris.
1074 2266 1168 2338 Adaqii
1178 2268 1235 2318 for·

193 2345 345 2400 adamatum
358 2367 374 2400 a
383 2348 493 2420 Vispillo
503 2348 607 2400 ferunt:
620 2365 694 2398 eum·-
737 2371 807 2404 mam
824 2351 920 2414 babet,
935 2350 1011 2422 queri
1023 2347 1059 2400 ad
1070 2357 1183 2410 montes,
1200 2345 1237 2398 nd

192 2443 245 2497 que
255 2446 272 2479 a
283 2426 392 2478 domine
405 2429 456 2499 ipsi
469 2427 561 2479 datum
573 2425 693 2498 Corydo·
736 2428 830 2494 silvas,
846 2429 882 2480 ad
895 2447 986 2500 rupes,
1003 2429 1073 2494 sive,
1092 2423 1237 2477 inclamare

193 2523 255 2558 nem
267 2525 284 2558 a
294 2506 405 2578 Virgilio
421 2506 483 2559 licto
498 2507 607 2558 nomine
621 2523 693 2575 nup·
738 2519 849 2574 montes,
865 2522 911 2560 aut
925 2507 989 2579 quid
1003 2505 1088 2559 simile
1102 2503 1137 2556 ad
1151 2503 1240 2575 explir

193 2585 306 2656 cupari,
325 2603 357 2637 ex
373 2603 404 2637 eo
425 2603 523 2657 periere
540 2587 612 2651 aris,
635 2601 693 2654 quta
738 2587 852 2641 eandum
865 2587 983 2640 studium
994 2582 1130 2657 quoddam
1140 2585 1237 2648 inane,

193 2659 340 2737 Corpdalus
357 2664 470 2732 dicitur,
489 2663 567 2718 dulce
584 2681 691 2716 canens.
731 2660 765 2720 ¹et
776 2665 842 2720 nihil
850 2665 1000 2738 proficiens.
1011 2666 1146 2716 Hauerem
1158 2661 1237 2729 sulse,

193 2739 287 2798 Alexin
306 2763 368 2797 rere
388 2763 520 2816 puerum,
539 2745 616 2815 quasi
634 2744 693 2796 siue
737 2759 767 2798 ut
782 2745 866 2810 solet,
882 2747 968 2818 attigit
979 2745 1064 2796 Plaut.
1081 2742 1109 2794 in
1123 2741 1237 2794 Mereat.

194 2825 368 2895 responsione
387 2843 418 2876 ae
434 2823 579 2897 superbum
595 2845 601 2875 ι
620 2821 693 2875 bunc
742 2827 823 2880 :Nun
837 2845 887 2900 epo
899 2825 970 2879 idem
982 2825 1069 2891 faeie,
1085 2836 1115 2874 ut
1130 2821 1195 2876 alios
1210 2823 1238 2874 in

195 2915 283 2955 autem
302 2902 429 2956 dilectum
448 2905 529 2956 fuisse
550 2902 693 2966 Pollionis;
738 2907 876 2960 Conmdiis
897 2905 958 2958 Vidi
976 2907 1064 2958 lacere
1088 2915 1238 2966 amatores,

196 2993 222 3034 st
242 2982 381 3054 Virgilium
402 2996 507 3056 qratrun
526 3001 553 3036 se
574 2983 694 3034 futurum
740 2990 784 3060 qui
795 3001 841 3040 aur
852 2987 941 3050 noeti,
959 2997 1005 3036 aut
1017 2983 1077 3048 die,
1093 2983 1147 3032 Aut
1165 2980 1237 3046 soli,

196 3062 373 3128 existimasse,
390 3065 412 3114 si
424 3081 484 3116 eum
494 3061 634 3127 laudaret,
648 3079 696 3114 eu·
739 3079 785 3120 aut
798 3068 877 3119 Lunsse
891 3065 1010 3116 miserias
1022 3073 1132 3115 narrant
1143 3079 1213 3113 suas.
1224 3084 1237 3108 a

194 3141 239 3209 jus
247 3139 334 3190 lor-ma
342 3139 425 3191 Pellio
437 3135 635 3192 delectabatur:
649 3139 695 3210 qui
739 3146 772 3196 Et
781 3148 808 3198 in
820 3145 924 3196 Asinar.
935 3141 1040 3214 lepide:
1051 3140 1160 3212 loquens
1173 3139 1240 3190 lece

198 3235 231 3271 so
250 3231 368 3289 tempore
381 3213 601 3291 Transpadanarn
614 3219 696 3270 ltaliae
740 3235 782 3276 mr
797 3223 875 3274 diem.
898 3219 979 3274 Stich.
996 3237 1044 3292 epo
1063 3217 1134 3270 bunc
1153 3215 1239 3268 lacero

198 3309 302 3370 partem
316 3297 437 3364 tenebat,
454 3311 480 3350 et
499 3299 568 3368 agris
583 3308 697 3368 praeerat
740 3302 818 3354 diem.
831 3303 941 3370 ltaque,
954 3297 1068 3371 quereris
1079 3296 1113 3347 ad
1123 3294 1238 3368 lapides,

199 3377 358 3432 dividendis.
368 3377 438 3432 Serv.
741 3392 857 3445 montes,
871 3375 1169 3444 erbom,eaudamrim
1179 3395 1242 3450 prn-

236 3477 260 3512 2.
271 3457 387 3511 Delicias
397 3457 507 3510 domini·
516 3455 573 3508 Hoc
583 3467 640 3517 est,
652 3455 698 3525 qui
741 3460 894 3514 verbialiter
901 3457 1106 3528 habebit,atqus
1115 3456 1172 3524 illa,
1181 3456 1242 3510 Asi-

199 3557 248 3592 auo
260 3537 369 3590 domino
382 3535 495 3602 Casani,
508 3533 552 3585 rel
567 3532 697 3598 Pollioni,
743 3561 807 3614 „pm
817 3541 915 3607 rom,
924 3539 1075 3611 Μίθρῃ.
1083 3536 1164 3605 lam,
1175 3557 1241 3592 mor.

200 3619 228 3672 in
245 3617 346 3670 deliciis
366 3627 431 3670 efai.
448 3614 518 3666 Serv.
534 3641 569 3652 --
583 3609 699 3664 Delicias
745 3619 1140 3694 tuumflapelh2921pluraulin.
1152 3617 1239 3672 θεώ,

199 3697 375 3752 domini-Usu
383 3689 642 3747 inolevitutdelitias
653 3711 701 3762 pel·
743 3701 873 3754 Jambat,
889 3699 920 3752 ld
936 3711 991 3766 m,
1010 3695 1140 3752 suadebat
1156 3699 1242 3750 incas·

200 3775 339 3832 tseeunda
357 3795 373 3828 a
389 3773 441 3826 fine
455 3771 558 3844 syllaba
569 3769 702 3824 scribatur
745 3798 813 3834 mm,
826 3779 895 3832 Sem,

200 3859 258 3910 fere
272 3857 378 3928 passim.
396 3855 426 3906 ln
443 3853 484 3904 his
498 3867 587 3904 tarneu
601 3849 702 3903 codict-
779 3851 804 3904 6.
813 3847 1124 3912 crudelislnexorabitis,
1133 3849 1242 3919 quinon

201 3937 251 3990 bus
268 3936 384 4006 antiquis
400 3931 507 3986 delicias
522 3950 570 4003 per
587 3931 701 4002 escrip-
745 3930 857 3985 flecteris
867 3947 926 3982 meo
941 3947 1045 3990 amore;
1060 3929 1107 3998 qui
1118 3947 1160 3980 me
1174 3929 1242 3978 mori

204 4029 260 4068 tum
275 4016 418 4088 plurimum
436 4011 575 4066 observari
591 4032 596 4063 ι
618 4023 645 4064 et
662 4013 700 4062 ita
744 4011 825 4082 copis.
838 4008 880 4060 Sic
888 4009 1012 4060 Horatius
1023 4006 1058 4060 ad
1071 4008 1241 4077 Ligurinum

204 4109 276 4154 tacte
288 4095 368 4155 scribi
378 4092 508 4172 ostendit,
520 4090 595 4170 quod
606 4103 646 4153 est
655 4109 699 4148 ea·
743 4089 789 4144 lib.
801 4089 845 4158 IV,
855 4087 900 4144 ad.
916 4105 964 4162 tn:¹
975 4087 999 4141 0
1011 4085 1125 4142 erudelis
1137 4084 1243 4144 adbuc!

664 4218 670 4248 l
