2998 4670
298 343 363 423 604
406 375 408 380 ·
623 339 1002 406 GOMMENTARIA

295 465 419 548 paravi,
439 479 472 526 et
490 465 627 526 nominis
647 462 924 524 immortalitatem.
945 465 1024 524 Nam
1043 468 1094 526 cui
1110 468 1170 528 ista
1185 469 1246 544 vis,
1268 467 1329 527 nisi

297 554 382 614 filio?
402 557 456 615 Est
475 557 532 616 ista
553 555 661 615 acerba
682 557 842 614 concessio
853 551 956 636 felices
971 552 1057 636 syloe
1074 568 1146 617 suut
1165 554 1329 618 fructiferae

300 643 436 707 arbores.

341 734 407 796 333.
421 737 520 796 Mater
534 738 630 797 sensit
645 747 767 794 tantmn
781 737 918 795 sonitum
932 733 1113 811 clamantis,
1134 751 1163 796 et
1175 749 1332 797 commota

298 835 358 895 est,
377 843 477 902 neque
494 825 599 884 auimo
617 825 775 898 exterrita,
794 837 830 882 ut
846 837 951 904 postea
969 836 1060 904 poeta
1076 825 1201 884 scribit:
1222 825 1333 897 sensit,

300 909 443 989 iuquam,
466 925 587 972 tautum
603 911 755 984 sonitum3
777 929 923 990 namque,
944 931 984 970 au
999 924 1088 971 natus
1103 913 1128 970 is
1142 925 1233 985 esset,
1253 929 1332 968 non·

298 994 375 1054 dum
390 999 530 1078 agnovit,
543 1010 578 1058 ut
592 1019 661 1080 qoae
673 1011 750 1058 esset
762 996 819 1058 sub
832 1001 904 1060 imis
919 998 1104 1080 gurgitibus,
1116 1013 1146 1058 et
1157 999 1219 1058 alto
1233 996 1334 1056 llumi·

299 1103 353 1157 ue;
373 1097 409 1143 ut
420 1105 489 1166 quae
502 1085 637 1146 lanificio
652 1103 781 1168 operam
792 1084 890 1146 daret.
904 1087 950 1146 lta
964 1088 1086 1146 Servius
1098 1100 1220 1168 poetam
1235 1083 1334 1166 expli-

298 1185 363 1246 cat,
373 1188 406 1233 et
414 1194 501 1235 vere:
515 1178 556 1235 sic
566 1178 650 1236 euim
660 1195 804 1236 occurras
812 1174 993 1236 calumnia:
1008 1195 1071 1235 uon
1082 1177 1164 1236 enim
1173 1195 1210 1234 ex
1219 1175 1333 1234 decoro

299 1273 392 1340 poeta
405 1275 579 1324 moraretur
593 1267 626 1324 in
640 1263 827 1325 recensendo
843 1264 986 1346 catalogo
998 1263 1228 1347 Nympharum,
1241 1264 1266 1322 si
1278 1261 1335 1342 Cy-

299 1369 374 1410 rene
395 1367 502 1412 uatum
524 1357 717 1435 agnovisset:
737 1367 846 1436 postea
864 1356 977 1414 certior
995 1353 1032 1414 lit
1050 1352 1148 1414 relatu
1166 1349 1336 1412 Arethusae.

300 1435 410 1520 ltaque
424 1443 569 1522 praeclare
582 1442 673 1503 fiuxit
687 1455 792 1524 poeta,
811 1443 952 1503 nondum
970 1441 1071 1502 lilium
1086 1461 1103 1500 a
1118 1454 1215 1500 matre
1229 1438 1336 1519 cogni-

299 1538 378 1603 tum,
388 1542 509 1590 tantum
519 1531 647 1593 confuse
657 1534 794 1592 sonitum
805 1533 973 1614 quemdam
982 1541 1177 1614 perceptum,
1187 1543 1221 1588 ut
1231 1528 1336 1588 locum

300 1615 389 1677 daret
407 1619 620 1700 Nympharum
638 1623 792 1702 catalogo.
812 1620 869 1683 Sed
888 1620 958 1680 vide
976 1641 1039 1702 quo
1059 1635 1210 1702 apparatu
1229 1617 1338 1676 Noster

302 1703 451 1788 Cyrenem
465 1709 605 1786 inducat,
620 1711 677 1770 sub
689 1710 828 1770 thalamo
840 1710 894 1770 alti
907 1710 1060 1784 fluminis,
1075 1723 1167 1788 atque
1180 1709 1212 1765 iu
1224 1705 1339 1764 formo·

303 1795 424 1854 sissimo
442 1798 591 1856 comitatu
610 1797 843 1880 Nympharum,
860 1817 929 1880 quae
944 1797 1020 1856 fuste
1039 1797 1118 1855 circa
1139 1793 1241 1867 illam,
1262 1789 1339 1849 dant

304 1900 430 1962 operam
442 1883 590 1947 lanificio.
604 1886 723 1946 Vellera
736 1902 808 1947 suut
819 1888 1054 1968 pretiosissima,
1068 1899 1102 1944 ut
1113 1881 1273 1966 Nymphas
1286 1881 1340 1940 de·

304 1983 368 2044 cet,
380 1993 444 2032 nou
457 1975 563 2050 obvia,
576 1991 608 2035 et
620 1976 775 2056 vulgaria,
787 1977 895 2056 utique
907 1996 942 2036 ex
953 1974 1079 2034 Mileto:
1094 1973 1243 2033 vellerum
1252 1969 1339 2029 color

304 2061 391 2140 aquis
412 2063 627 2145 Nympharum
649 2066 814 2141 concolor,
835 2065 984 2123 nimirum
1003 2061 1089 2122 color
1109 2059 1208 2140 hyali,
1228 2057 1260 2116 id
1279 2068 1338 2128 est,

304 2148 391 2223 vitri3
409 2170 482 2210 nam
495 2174 583 2236 aquae
595 2156 700 2214 vitreae
711 2153 799 2213 suut:
815 2167 846 2213 et
857 2153 931 2234 quia
942 2153 968 2211 is
980 2150 1067 2210 color
1077 2169 1143 2207 non
1157 2144 1340 2227 simpliciter

305 2309 370 2364 dicit
388 2327 485 2366 cuncta
505 2319 659 2369 crescentia.
679 2315 756 2368 Unde
774 2327 801 2368 et
845 2326 915 2375 tum;
928 2315 955 2364 iu
967 2311 1024 2364 aliis
1035 2318 1225 2363 commemorat
1235 2303 1341 2376 virgini-

306 2391 523 2468 alibi‚Aretaqer
532 2397 718 2449 vitiomorieas.
728 2396 799 2447 Serv.
844 2406 938 2455 tatem;
955 2395 982 2444 in
998 2392 1054 2444 aliis
1066 2385 1299 2460 pulchritudinem.
1312 2383 1340 2434 S.

305 2472 384 2524 -De
397 2473 534 2546 interficio,
547 2475 650 2528 Tullius
660 2478 687 2528 iu
696 2476 800 2528 OEcon.
844 2474 995 2544 -Drymo
1006 2467 1066 2521 'Arri
1078 2469 1123 2521 ait
1133 2467 1217 2535 ipsuis,
1230 2465 1261 2515 αὖ
1270 2463 1343 2514 arbo·

306 2549 380 2619 apud
388 2551 519 2602 Nonium:
534 2575 544 2598 ι
554 2554 635 2606 Nullo
642 2554 723 2606 modo
733 2556 801 2606 laci-

309 2628 381 2680 «lius
391 2629 505 2682 arbitror
514 2651 593 2703 posse
605 2653 691 2705 neque
703 2633 800 2686 herbas

310 2726 463 2775 «arescere,
485 2723 511 2763 ot
531 2712 672 2765 interfici.»
696 2714 800 2784 lmpro-

306 2789 380 2860 prius
397 2787 475 2858 hujus
490 2791 564 2842 verlsi
578 2807 640 2842 usus
657 2803 697 2842 est
710 2810 801 2862 perve-

308 2881 409 2920 uustus.

343 2948 403 3003 332.
419 2950 506 3002 Taedia
522 2949 613 3004 laudis.
630 2949 749 3002 Tedium
761 2963 801 3004 est

310 3049 392 3102 angor
408 3035 502 3084 utentis
518 3044 545 3084 et
562 3033 655 3096 animi,
674 3048 728 3081 nou
745 3048 803 3081 cor·

288 3169 290 3176 ¹
308 3111 381 3182 poris
394 3111 552 3165 invaletudo.
563 3113 633 3164 Serv.

344 3189 403 3243 333.
412 3190 530 3242 Sonitum
541 3190 657 3242 thalamo
665 3188 804 3266 substrami-

308 3269 350 3322 nis
360 3268 417 3321 alti.
429 3271 484 3322 Cur
495 3290 549 3322 nou
562 3273 641 3323 etiam
652 3289 746 3322 vocem
758 3289 804 3322 au·

309 3348 390 3401 diuiti
398 3351 503 3404 Scilicet
515 3353 577 3422 quia
587 3353 614 3402 iu
626 3353 679 3403 ima
691 3349 804 3402 fluminis

309 3441 386 3500 parte
400 3443 469 3494 erat,
487 3429 606 3482 lanificiis
622 3443 761 3500 occupata.
777 3431 804 3482 S.

346 3507 406 3560 336.
415 3509 576 3581 Drymoqam
587 3508 748 3581 Xanthoque.
760 3509 805 3558 llas

311 3599 385 3652 suut,
403 3599 432 3636 ut
448 3588 523 3638 multi
540 3588 645 3652 volunt,
663 3587 805 3658 dequibus

312 3666 349 3718 ait
360 3665 444 3730 luno,
452 3667 520 3718 Sunt
527 3667 593 3716 mibi
599 3667 734 3738 bisseptem
740 3685 806 3739 prte-

310 3745 390 3799 stanti
400 3761 503 3818 carpsere
513 3745 650 3817 Nympha.
663 3745 714 3799 Sed
724 3749 805 3820 magis

311 3826 416 3897 poetice
437 3824 550 3882 conficta
566 3827 674 3878 uomina
691 3827 806 3898 accipis·

312 3923 379 3958 mus.
390 3905 458 3958 Saue
468 3907 534 3958 mira
543 3907 670 3958 varietate
680 3923 742 3958 usus
753 3919 805 3958 est:

313 3999 375 4038 nam
383 4003 417 4038 ue
428 3986 592 4038 continuatio
601 3987 737 4038 nominum
745 4003 807 4057 pos·

315 4075 354 4116 sot
366 4071 456 4119 creare
467 4063 615 4129 fastidium
629 4067 655 4119 io
667 4065 724 4122 aliis
733 4064 809 4122 hahi-

845 2555 918 2605 n'but.
926 2551 1080 2604 -Xantlto
1091 2550 1113 2600 A
1124 2548 1213 2601 colore
1222 2543 1341 2608 Xantho,

845 2631 873 2684 id
892 2644 944 2696 est,
958 2631 1042 2708 flavo.
1055 2657 1090 2668 -
1102 2628 1187 2700 Liqea.
1207 2626 1339 2676 Acautu:

846 2714 921 2783 quasi
933 2727 1036 2762 canora.
1048 2738 1084 2748 -
1094 2704 1260 2776 Phyllodoce.
1269 2703 1341 2768 Qua·

845 2794 868 2843 si
884 2787 963 2857 qima
979 2783 1103 2854 agapite,
1121 2783 1192 2856 folia
1208 2782 1342 2851 excipiens.

844 2871 956 2922 Tattbm.
1227 2893 1231 2899 ·

880 2949 940 3002 338.
950 2949 1045 3012 Nesse,
1054 2944 1174 3016 Spioque,
1187 2940 1340 3012 Thaliaque,

848 3027 1047 3099 Cymodoceque.
1055 3025 1085 3074 ln
1093 3021 1229 3074 codicibus
1238 3019 1342 3089 aliquot

847 3121 918 3159 totus
934 3123 1024 3160 versus
1041 3103 1222 3163 desideratum
1240 3101 1286 3170 qui
1303 3111 1342 3150 ta-

847 3201 968 3240 mennon
977 3189 1032 3237 siue
1040 3178 1345 3254 carmioisinjuriadami

848 3279 944 3339 potest.
952 3262 1128 3316 Pica-idem
1137 3259 1343 3312 uotatCl.Voss.

848 3377 882 3387 -
894 3349 994 3410 Nesea,
1014 3342 1118 3404 Navali,
1141 3359 1199 3412 quse
1217 3353 1243 3392 et
1259 3335 1343 3391 Naaai:

848 3427 879 3478 ab
891 3425 983 3479 insula.
995 3453 1030 3463 -
1041 3425 1112 3495 Spio.
1124 3417 1182 3472 'Arri
1194 3420 1237 3472 rati
1248 3419 1326 3470 mairo
1337 3455 1345 3478 ,

850 3526 865 3560 a
875 3525 948 3578 specu
958 3501 1148 3577 Nympharum.
1158 3529 1194 3540 -
1205 3499 1308 3550 Thalia.
1321 3497 1344 3548 Α

850 3586 978 3638 viriditate
1000 3601 1046 3636 seu
1065 3581 1160 3632 florum
1183 3580 1344 3631 amoenitate.

849 3697 884 3718 ,-
894 3665 1044 3738 Cymodoce.
1053 3659 1111 3714 'ani
1120 3663 1165 3715 rsit
1174 3657 1299 3724 sapasim,
1312 3658 1345 3710 ab

850 3747 926 3798 u'ntlis
941 3759 967 3797 et
975 3744 1109 3822 fluetibus.
1125 3741 1237 3793 Tsubm.
1250 3767 1284 3776 —
1298 3739 1348 3807 Cy·

850 3826 935 3898 dippe.
957 3823 1036 3876 Velut
1058 3821 1124 3877 siloa
1144 3819 1240 3876 lanan,
1262 3813 1347 3887 qloria

851 3923 983 3980 equorum.
992 3896 1275 3969 Taubm-Lycorias
1288 3895 1347 3946 Sive

853 3985 970 4057 alupiuo
979 3983 1073 4036 habitu
1083 4003 1089 4032 :
1100 3981 1153 4032 aive
1167 3976 1200 4028 ab
1209 3972 1345 4046 Apolline,

853 4059 1043 4140 quietaoaaptia
1051 4053 1348 4116 dictus.-Glio.liaalor,
