3000 4674
311 357 374 426 300
630 351 1021 420 COMMENTARIA

347 476 396 553 cl.
416 473 537 537 Deinde
557 479 641 536 canit
662 475 825 536 historiam
849 475 985 536 Cornelii
1007 473 1091 536 Galli
1115 489 1231 559 poetae,
1261 493 1372 558 quarn

309 563 459 644 Virgilius
471 561 624 644 confingit
636 567 668 624 in
683 566 814 646 gratiam
828 566 937 624 amici:
951 584 987 624 ea
1000 580 1045 624 est
1057 561 1144 624 talis:
1158 565 1289 624 errabat
1304 565 1374 624 fcr-

312 666 393 714 tasse
405 651 514 714 Gallus
528 651 567 712 ad
579 652 697 713 flumen
709 656 919 726 Permessnm,
932 651 1071 714 offendit
1082 652 1172 712 illum
1187 675 1253 714 una
1271 675 1292 713 e
1308 675 1375 714 no·

312 761 382 803 vem
398 743 510 820 Musis,
525 741 614 802 clusit
627 743 666 802 ad
678 757 802 804 montes
814 745 956 820 Bteotits,
970 763 1074 804 sacros
1088 743 1239 824 Apollini,
1258 765 1303 804 ex
1318 765 1374 804 va·

312 830 415 891 tibus:
437 833 602 892 assurrexit
619 830 666 892 illi
688 833 795 892 statim
813 829 943 892 honoris
960 851 1035 912 ergo
1053 833 1215 891 universus
1232 830 1373 891 Chorus

312 918 434 996 Pboebi,
449 918 607 996 videlicet,
617 922 730 996 Musae,
744 917 913 1003 Nymphae,
927 935 1038 1002 poetae.
1050 921 1197 1005 Princeps
1210 922 1374 980 omnium

312 1009 421 1070 Pastor
432 1011 542 1086 Linus,
555 1012 608 1092 qui
621 1009 704 1070 lilius
717 1007 886 1092 Apollinis,
900 1012 950 1069 cui
964 1011 997 1070 in
1009 1012 1113 1091 capite
1124 1029 1242 1070 corona
1253 1029 1297 1070 ex
1313 1008 1375 1067 llo·

312 1100 414 1176 ribus,
432 1114 525 1183 atque
537 1102 610 1182 spio
623 1120 747 1176 amaro,
761 1099 914 1160 allocutus
927 1113 974 1160 est
986 1099 1113 1161 Gallum
1128 1099 1244 1160 divinis
1257 1099 1372 1159 versi-

313 1185 388 1264 bus,
408 1187 495 1250 bunc
513 1192 547 1250 in
566 1188 715 1252 modum:
735 1189 840 1270 accipe
859 1187 915 1249 hos
934 1187 1083 1265 calamos,
1104 1208 1182 1269 quos
1201 1189 1261 1247 tibi
1285 1188 1373 1247 dant

312 1279 424 1352 Musae,
437 1277 588 1340 dederunt
599 1281 685 1362 prius
698 1278 852 1353 Hesiodo,
866 1276 920 1337 sed
932 1280 997 1338 seni
1009 1278 1088 1359 jam,
1099 1278 1157 1338 tibi
1169 1279 1200 1337 in
1208 1274 1348 1358 juventa
1361 1297 1370 1332 ε

312 1363 361 1428 his
372 1365 425 1428 ille
434 1367 479 1427 ita
489 1365 672 1428 dulcissime
682 1363 920 1447 modulabatur,
932 1379 968 1427 ut
977 1385 1073 1426 ornos
1084 1384 1209 1446 quoque
1220 1385 1259 1426 ex
1271 1385 1373 1424 mon-

313 1453 400 1517 tibus
415 1455 593 1531 deduceret3
606 1455 656 1516 his
669 1470 704 1516 ιιι
718 1454 858 1517 Hesiodo
872 1477 944 1538 por,
958 1475 1048 1518 canes
1063 1455 1217 1536 originem
1231 1451 1368 1534 Grynaci

313 1545 472 1619 nemoris,
484 1559 578 1626 atque
590 1546 633 1604 ita
646 1546 794 1621 suaviter,
811 1558 847 1605 ut
862 1544 1005 1625 quamvis
1017 1541 1129 1626 Apollo
1142 1539 1234 1624 plura
1245 1539 1370 1600 babent

313 1631 384 1693 loca
395 1632 455 1691 sibi
468 1653 568 1708 sacra,
581 1629 684 1693 tamen
698 1631 760 1694 boc
771 1653 837 1695 uno
851 1633 1014 1714 potissime
1026 1631 1178 1714 glorietur
1188 1631 1253 1690 tuis
1264 1627 1369 1688 versi-

314 1719 375 1780 bus
387 1721 567 1782 nobilitato.
678 1729 682 1750 ¹
717 1799 721 1806 1
1042 1737 1053 1768 '1

354 1806 401 1890 74.
415 1810 573 1872 Dicuntur
580 1809 647 1892 jam
659 1809 726 1871 haec
739 1830 775 1870 ex
788 1829 923 1893 persons
937 1821 1053 1893 postte,
1072 1829 1137 1870 non
1152 1807 1258 1869 Sileni.
1273 1801 1367 1883 Quid

313 1895 442 1979 loquar,
456 1913 492 1960 ut
501 1902 672 1960 narraverit
681 1897 802 1961 Silenus
811 1899 942 1982 Scyllam
955 1901 1019 1961 Nisi
1030 1897 1147 1960 liliam?
1157 1895 1196 1957 de
1207 1917 1269 1977 qua
1278 1913 1369 1978 spar-

315 1981 465 2064 sitiente,
477 2007 657 2080 conversam
669 1986 765 2049 fuisse
776 1986 879 2050 media
892 1991 940 2050 sui
953 2003 1043 2074 parte
1055 1990 1088 2049 in
1103 2005 1194 2048 canes
1206 1986 1369 2054 marinos,

350 2151 394 2222 67.
415 2155 451 2207 Ut
467 2155 556 2210 Ls'uus.
576 2158 708 2231 Apollinis
725 2157 813 2212 lilius:
858 2157 934 2212 nullo
946 2175 974 2212 se
985 2169 1089 2212 tanturn
1098 2153 1196 2226 Apollo
1203 2151 1331 2224 jactabit.
1340 2148 1366 2201 S.

314 2229 389 2286 Ordo
402 2247 490 2289 sutem
503 2251 558 2304 est,
574 2236 631 2290 brec
642 2238 682 2291 illi
693 2253 722 2292 ut
734 2239 815 2291 Linus
896 2239 937 2310 74.
949 2238 1021 2309 Quid
1029 2229 1305 2310 loquarautScyllnm
1315 2229 1369 2282 Νέ-

316 2309 419 2366 dixerit.
430 2311 573 2372 -Ds'ur'nc
585 2319 709 2372 cennius.
719 2317 750 2371 ld
760 2331 816 2384 est,
859 2319 899 2385 si,
919 2338 999 2393 quam
1010 2317 1091 2388 famo
1106 2324 1193 2370 secuta
1210 2323 1253 2366 est.
1273 2309 1367 2383 scylla

314 2393 479 2464 vaticinans,
492 2397 538 2467 qui
548 2393 639 2450 divina
648 2397 771 2452 canebat.
782 2427 818 2437 -
861 2397 921 2450 dure
937 2398 1062 2461 fuerunt,
1076 2413 1131 2448 una
1147 2391 1242 2445 Phorci
1255 2404 1281 2444 et
1300 2393 1369 2441 Cre·

315 2472 416 2525 Pastor.
430 2473 577 2544 Quaeritur,
590 2496 638 2529 cur
647 2487 737 2550 postor
746 2475 819 2530 dixe·
861 2475 967 2530 tbeidos
980 2473 1109 2550 Nympha·
1129 2471 1199 2536 lilia,
1215 2467 1368 2542 pulcherri-

314 2551 367 2616 rit3
381 2554 433 2606 nisi
451 2555 519 2608 forte
535 2555 609 2628 quod
626 2575 653 2610 se
669 2558 751 2610 Poeta
767 2555 817 2608 sub
862 2576 921 2611 rna:
935 2575 1014 2629 quarn
1028 2573 1110 2626 quum
1127 2565 1229 2606 amaret
1245 2549 1366 2602 Glaucus

316 2634 432 2700 pastoris
444 2651 560 2704 persons
571 2635 682 2688 inducit.
695 2635 736 2688 Id.
861 2637 980 2688 marinus
992 2633 1076 2700 deus,
1088 2633 1153 2684 duur
1162 2631 1220 2702 ipso
1230 2639 1367 2681 amaretur

353 2728 395 2780 7a.
410 2713 518 2784 Grynei
530 2716 642 2768 nemoris
652 2716 758 2768 dicatur
767 2716 818 2768 ori·
861 2733 877 2766 a
888 2713 980 2778 Circe,
993 2725 1019 2766 et
1033 2731 1092 2766 earu
1103 2719 1303 2772 contemnere13
1319 2704 1367 2759 illa

315 2807 358 2862 qo.
371 2791 530 2844 blisaculum
542 2793 693 2866 Apollinis,
705 2796 751 2866 qui
764 2812 817 2850 ser-
860 2794 929 2846 irata
941 2793 1043 2844 fontem
1053 2791 1082 2842 in
1096 2807 1150 2861 qno
1162 2786 1249 2860 Scylla
1260 2784 1367 2838 solebat

316 2881 423 2938 pentem
437 2869 475 2922 ibi
487 2872 594 2925 occidit.
611 2871 751 2946 Gryuseum
767 2893 817 2926 ne·
860 2891 889 2926 se
901 2872 1020 2940 sblnerc,
1027 2871 1105 2923 tinxit
1113 2871 1237 2922 venenis:
1249 2869 1275 2920 in
1286 2883 1366 2938 quem

316 2965 389 3014 mus,
402 2963 442 3002 est
452 2951 478 3002 in
486 2949 582 3004 fluibus
592 2951 688 3016 Ioniis,
698 2951 818 3024 Apollini
863 2968 945 3023 quum
957 2950 1139 3004 descendisset
1152 2948 1259 3022 puella,
1277 2946 1367 2999 media

317 3029 435 3104 eGrynu
448 3033 819 3106 consecratumsvelsGryns
863 3033 905 3084 sui
923 3043 999 3104 parte
1022 3032 1051 3083 in
1075 3032 1160 3082 ieram
1188 3039 1291 3082 mutata
1317 3037 1365 3078 est.

211 3169 214 3174 ,
316 3109 549 3176 Moesiacorum
566 3113 613 3166 ubi
630 3127 670 3166 est
685 3111 761 3166 locus
774 3133 817 3167 ar·
863 3113 939 3166 Hanc
957 3123 1053 3184 postea
1068 3109 1187 3162 Glaucus
1205 3109 1269 3162 iecit
1287 3104 1366 3158 derum

316 3187 427 3244 boribus
446 3191 551 3261 multis,
567 3195 667 3265 junco,
684 3197 820 3266 gramine,
865 3187 1201 3262 mennamquaeuanem
1211 3186 1329 3259 Ulyssis,
1342 3194 1367 3236 et

316 3268 479 3343 floribusque
501 3274 580 3326 rsriis
602 3275 675 3326 omni
698 3285 820 3344 tempore
843 3261 952 3324 'socios
964 3270 1089 3324 evertisse
1103 3279 1236 3320 narratur.
1250 3265 1365 3333 Quidam

313 3351 818 3421 vestitumsbnndansetiasnfontibus,
863 3351 977 3425 Scyllam
990 3349 1061 3402 banc
1077 3367 1094 3400 n
1107 3347 1234 3418 Neptuno
1252 3357 1366 3398 amatam

319 3433 582 3501 quasivitasuomen
592 3436 718 3506 accepite
727 3433 817 3508 Gryno
863 3431 965 3496 disson
973 3442 1000 3480 et
1009 3446 1058 3500 per
1067 3425 1265 3498 Amphitritem,
1277 3424 1367 3492 conju·

318 3511 437 3583 Eurypili
444 3511 513 3576 filio,
526 3516 573 3584 qui
583 3515 703 3586 regnarit
712 3515 740 3564 in
751 3515 818 3566 Mes·
863 3529 923 3584 gem
939 3508 1072 3581 Neptuni,
1088 3517 1248 3558 metuentem
1265 3502 1367 3574 pellicis

318 3589 373 3651 sis,
385 3589 432 3658 qui
444 3589 570 3642 adversus
580 3592 819 3661 TrojanosGrascis
863 3593 995 3655 formam,
1010 3587 1120 3640 venenis
1136 3585 1226 3638 Circes
1245 3586 1273 3635 in
1292 3601 1367 3635 mon-

320 3665 447 3718 suxilium
460 3667 568 3721 sulic-
576 3670 644 3722 Vide
655 3671 763 3724 Eanum.
774 3673 820 3738 111,
862 3681 948 3722 strum
960 3669 1091 3720 nssrinuns
1103 3684 1160 3718 esse
1174 3675 1310 3716 muletam.
1324 3661 1367 3712 Al·

321 3743 354 3796 de
377 3743 476 3810 Gallo,
499 3747 534 3800 de
557 3767 667 3801 nemore
687 3748 819 3821 Grynem
864 3761 999 3800 teravero
1016 3744 1102 3818 Scylla
1116 3745 1184 3810 tuit,
1201 3743 1260 3796 Nisi
1275 3741 1367 3812 Mega·

321 3822 373 3876 vol.
386 3824 412 3888 1,
425 3843 486 3898 pag.
501 3844 547 3880 sar
562 3841 588 3879 et
597 3845 672 3900 seqq.
864 3829 982 3881 rensiurn
1002 3828 1071 3900 regis
1089 3823 1163 3878 lilia:
1186 3834 1280 3878 conus
1301 3836 1366 3891 quos

357 3901 399 3971 73.
413 3901 513 3975 Nequis
521 3905 556 3958 sit
564 3903 652 3970 lucus,
665 3906 823 3979 quoseplus
866 3907 931 3960 uam
952 3906 1063 3960 devictis
1083 3907 1140 3974 jam
1161 3898 1365 3956 Atheniensibus

314 3981 513 4055 jactetApollo.
525 3985 621 4038 Sensus
633 3985 677 4038 bic
689 4000 745 4053 est,
757 3987 823 4040 Situ
867 3998 1002 4059 pugnaret,
1010 3985 1114 4044 Minos3
1130 3995 1242 4055 propter
1258 3978 1305 4032 filii
1319 3979 1367 4030 Au·

322 4059 462 4135 Gryntaum
484 4061 635 4120 laudaveris
658 4085 773 4132 nemus,
795 4071 822 4120 in
869 4065 961 4140 drogsi
972 4065 1124 4129 interitum,
1137 4081 1217 4135 quern
1228 4059 1367 4115 Atbenieu-
