2964 4690
263 405 327 486 ·0‘70
594 391 975 458 constructam

262 521 361 592 vehit,
375 531 411 578 ut
421 537 487 576 non
499 517 662 575 cessatori:
678 513 730 576 hic
745 517 821 575 item
836 517 914 576 mire
927 519 1007 579 arvis
1019 519 1160 598 prodest,
1172 521 1229 601 qui
1246 541 1323 581 non
1449 565 1450 568 η

261 621 425 669 contentus
439 605 534 669 semel
546 627 660 680 arasse,
674 606 836 680 suscitasse
849 619 949 687 terga,
964 603 1067 668 sulcos
1079 607 1247 684 formasse,
1262 611 1323 670 ite-
1449 519 1452 704 1

262 717 334 758 rum
347 696 474 756 invertit
486 697 608 770 omnia,
621 695 751 775 oblique
763 709 844 768 arat,
858 695 1001 756 tellurem
1013 712 1145 774 exercet,
1159 702 1243 780 agris
1257 701 1321 758 im·

259 801 362 869 perat,
374 799 404 846 et
413 785 509 845 veluti
520 787 603 867 cogit
612 785 651 844 ad
661 783 764 845 foenus
776 807 782 842 :
794 799 825 844 et
835 783 914 848 illud
924 800 971 846 est
980 801 1098 848 sextum
1108 800 1317 871 praeceptum.

301 877 382 935 Paas
393 893 538 934 saeuum.
562 893 626 934 roo.
648 875 723 934 Post
738 887 895 954 praecepta
910 873 1059 956 parandae
1075 891 1179 950 terrae,
1198 876 1315 936 arandi

260 961 336 1034 soli,
346 959 488 1021 mutandi
501 963 593 1020 variis
605 961 795 1035 seminibus,
807 963 1016 1039 stercorandi,
1025 963 1154 1039 urendi,
1164 965 1315 1037 accendi,

255 1051 462 1134 'obliquandi,
482 1072 581 1132 quum
600 1050 639 1110 ed
655 1066 822 1112 sementem
838 1066 961 1134 pergat,
983 1074 1052 1134 quae
1066 1069 1111 1115 est
1124 1055 1197 1114 libri
1213 1053 1315 1134 hujus
1452 1097 1453 1136 ,

260 1161 334 1224 pars
348 1141 497 1216 secundo,
510 1143 637 1200 initium
653 1143 750 1201 sumit
762 1163 780 1201 a
794 1143 874 1202 votis
888 1157 919 1202 et
932 1145 1075 1224 precibus
1087 1145 1315 1226 agricolarum,

260 1233 446 1314 suadetque,
467 1246 503 1292 ut
524 1247 633 1314 petant
653 1253 670 1292 a
687 1234 770 1309 Diis,
792 1253 861 1313 quta
878 1255 943 1296 non
963 1255 998 1295 ex
1013 1236 1091 1310 illis,
1112 1238 1164 1296 sed
1181 1257 1218 1296 ex
1232 1235 1314 1296 caelo
1451 1225 1453 1244 ²

244 1325 413 1408 pendent:
437 1323 523 1402 quasi
543 1323 642 1382 dicat:
665 1337 768 1398 orate,
789 1343 860 1405 quae
878 1344 944 1384 non
965 1307 1095 1406 potestis
1112 1325 1232 1386 facere:
1254 1325 1313 1384 sed
1451 1252 1454 1448 l

259 1414 335 1494 quid
347 1409 475 1472 tandem
489 1408 605 1471 debent
617 1407 726 1472 orare?
741 1424 777 1470 ut
788 1425 924 1486 aestates,
939 1433 1015 1495 quas
1028 1413 1130 1493 signat
1143 1434 1198 1494 per
1209 1412 1316 1472 solsti·
1453 1449 1454 1482 3

258 1505 317 1578 tia,
329 1500 467 1562 humidae
479 1501 555 1574 sint,
575 1511 611 1558 ut
625 1498 764 1580 hyemes,
784 1519 916 1560 serene:
932 1499 1035 1559 reddit
1048 1502 1218 1575 rationem
1233 1501 1312 1579 quia
1452 1485 1454 1522 ¹

256 1595 283 1651 si
302 1589 409 1670 hyems
428 1589 470 1646 sit
488 1608 594 1651 serena
608 1601 638 1648 et
657 1587 820 1675 pulverea,
839 1586 921 1646 farra
941 1607 1011 1668 quse
1025 1601 1091 1648 sata
1106 1601 1194 1661 sunt,
1215 1601 1312 1646 erunt

256 1681 429 1751 laetissima3
455 1697 528 1758 ager
550 1676 724 1737 latissimus
746 1699 752 1734 ε
775 1675 940 1736 confirmat
961 1678 1103 1758 exemplo
1122 1678 1255 1750 Moesiae,
1278 1692 1313 1735 et

259 1770 405 1850 (largam,
418 1765 502 1826 hunc
517 1769 552 1826 in
563 1768 714 1825 modom:
730 1767 841 1826 Moesia
856 1766 945 1827 nullo
958 1767 1058 1842 cultu,
1073 1780 1103 1826 et
1116 1764 1225 1825 labore
1239 1782 1312 1824 tarr-

258 1873 327 1920 tum
342 1878 372 1918 se
389 1853 498 1936 jactat,
519 1865 691 1936 quantum,
708 1855 733 1913 si
749 1857 788 1916 sit
802 1851 912 1936 hyems
925 1875 1046 1930 serena,
1062 1843 1151 1928 estas
1162 1850 1312 1928 humida3

1454 2297 1456 2344 Ι

256 2049 374 2122 quumin
387 2044 504 2116 obliquis
516 2049 645 2118 corripiat
661 2048 756 2098 -Ne-
801 2049 900 2119 erumpit
917 2059 1010 2099 aratro.
1028 2045 1134 2099 Scilicet
1157 2042 1309 2097 autumnali

255 2130 403 2202 quicquam.
413 2124 443 2175 ld
450 2139 504 2192 est,
514 2125 575 2177 Non
585 2127 642 2179 sine
652 2144 755 2180 caussa.
801 2138 938 2198 tempore,
954 2145 1007 2198 qno
1020 2129 1074 2196 jan
1086 2143 1146 2178 oum
1158 2123 1308 2176 seminibus

255 2212 324 2263 Nam
339 2225 444 2277 sempor
462 2205 521 2258 dua
534 2209 662 2280 negative
675 2226 756 2262 unam
803 2206 975 2258 cramalium
981 2205 1171 2278 hooprarcipit,
1182 2215 1211 2254 ut
1221 2220 1309 2274 quum

253 2288 466 2342 confirmativam
488 2287 598 2339 faciunt.
615 2317 651 2328 --
666 2287 758 2360 Neque
805 2285 895 2338 denuo
904 2303 1024 2352 aramus,
1034 2299 1098 2338 tunc
1108 2301 1156 2356 per
1166 2281 1310 2353 obliquum

257 2371 332 2424 illum
340 2369 511 2441 nequicquam
518 2379 615 2440 specim
623 2372 701 2421 Ceres.
710 2369 757 2420 Pe·
802 2377 890 2417 aratra
904 2365 1043 2417 meamus.
1063 2364 1149 2416 Neruo
1166 2364 1237 2415 enim
1248 2381 1307 2414 uno

255 2451 383 2524 riphrasis
397 2447 543 2512 ubertatis,
556 2467 587 2500 ex
598 2447 758 2502 caussaeffi·
804 2457 925 2518 tempora
942 2445 985 2497 bis
1001 2457 1066 2498 arat.
1082 2444 1151 2495 Seru.

255 2535 357 2596 ciente,
370 2547 429 2598 quae
441 2528 588 2598 putabatur
596 2529 686 2581 Ceres.
695 2528 758 2580 Cre-
836 2545 880 2597 99.
889 2528 975 2600 Atque
982 2529 1092 2598 impetur
1101 2526 1175 2576 aruis.
1186 2523 1307 2596 llepnius

255 2611 337 2662 debat
366 2610 436 2660 enim
463 2621 604 2673 vetustas,
633 2610 756 2661 Numinis
801 2608 857 2659 hare
872 2610 958 2662 otiosa
967 2605 1183 2677 judicavit,vol.
1199 2606 1224 2669 l,
1241 2622 1306 2676 pag.

255 2688 424 2742 blandiorem
436 2700 589 2756 aspectum,
604 2690 758 2740 tristiorem·
803 2687 869 2754 2643
889 2687 937 2740 sed
959 2688 1117 2744 immerito:
1142 2705 1202 2738 nam
1223 2683 1306 2753 hujus

254 2789 286 2820 vo
300 2780 496 2830 uut'avorsnm,
513 2765 612 2816 bonam
626 2766 756 2819 malamve
801 2767 932 2820 Clausulas
948 2765 1107 2838 metaphora
1126 2764 1309 2839 significanter·

255 2849 374 2900 caussari
387 2845 531 2896 fortunam.
550 2847 618 2898 llinc
636 2846 757 2899 formula
801 2845 902 2898 indicat
913 2864 1067 2921 supremum
1080 2845 1147 2898 illud
1158 2845 1306 2917 imperium,

253 2929 396 2994 ille,Deus
406 2926 574 2996 uosrespexit,
583 2927 611 2978 id
620 2940 668 2988 est,
677 2945 757 2998 opem
802 2923 1305 2997 quodaoeroolonmexercetarando.

254 3009 323 3062 tulit.
334 3005 400 3059 hide
413 3017 438 3056 et
451 3006 539 3057 llomae
550 3004 757 3058 colebaturFoo·
800 3005 950 3078 frangendo
963 3046 972 3074 ,
993 3007 1138 3070 vertendo,
1155 3002 1307 3076 rumpendo

254 3103 318 3144 tuna
331 3087 489 3160 cognomine
499 3085 648 3156 Respiciens.
802 3103 895 3158 agros,
913 3103 980 3156 quos
996 3088 1053 3156 jure
1069 3103 1115 3138 suu
1127 3103 1204 3158 reque
1215 3095 1307 3138 vocat.

289 3187 333 3240 97.
346 3167 453 3240 Esqui,
464 3165 584 3238 proscisso
594 3181 679 3237 quus.
692 3181 722 3216 ω.
737 3175 755 3218 t.
839 3181 896 3218 roo.
910 3165 1027 3217 Humido
1040 3164 1147 3216 solstitiis
1159 3173 1237 3234 atque
1249 3161 1306 3212 hie-

254 3252 366 3322 Propria
377 3265 443 3300 voce
452 3263 515 3298 usus
528 3258 584 3307 est;
594 3263 676 3316 quum
686 3247 756 3298 enim
800 3261 853 3296 mes
862 3255 1040 3297 oraresereuas
1055 3241 1189 3315 Apriooloe.
1207 3240 1304 3293 Solsti-

254 3333 341 3400 primo
357 3329 413 3400 agri
429 3339 554 3392 arantur,
572 3323 681 3396 quando
696 3324 757 3380 duri
800 3325 866 3375 tium
880 3323 962 3379 derude
977 3341 1027 3395 pro
1040 3323 1143 3387 oestiuo,
1157 3323 1199 3373 cui
1216 3339 1306 3392 oppo-

255 3423 326 3473 sunt,
334 3407 463 3479 proscindi
471 3405 608 3470 dicuntur,
618 3423 700 3478 quom
711 3407 757 3458 ite·
801 3407 873 3454 nitur
885 3403 1033 3467 hibernum,
1044 3399 1116 3472 quod
1127 3403 1235 3473 proprie
1248 3401 1306 3452 hru-

254 3499 347 3539 raatur
358 3486 489 3558 olfrinpi;
503 3503 586 3555 quum
598 3487 756 3549 tertiantur,
801 3501 862 3548 ma,
883 3501 937 3552 qua
952 3499 1005 3540 nox
1027 3494 1066 3533 est
1087 3480 1257 3553 longissima,
1276 3494 1307 3533 et

254 3567 334 3618 litari.
347 3566 419 3618 Serv.
433 3593 467 3604 -
477 3565 567 3635 Terqa.
581 3559 675 3616 Ndru:
695 3567 756 3617 imi·
801 3562 858 3615 dies
872 3563 1059 3628 brevissimus,
1075 3575 1106 3613 nt
1120 3575 1214 3616 eontra
1230 3561 1258 3612 lit
1275 3563 1304 3613 in

252 3647 354 3698 tutione
363 3643 531 3708 Graecorum,
545 3643 634 3710 idest,
645 3645 754 3714 supinas
801 3641 929 3708 solstitio,
943 3641 1017 3714 qnod
1031 3642 1125 3694 incidit
1139 3644 1167 3694 ia
1180 3641 1305 3694 ultimum

253 3711 353 3796 qlehus.
369 3721 444 3781 Pind.
459 3720 533 3792 Pyth.
547 3720 599 3772 od.
614 3722 646 3788 4²
660 3721 756 3782 ιὶιιβυ-
800 3739 918 3775 mensem
929 3723 1052 3782 lunium,
1062 3733 1091 3772 ut
1104 3721 1208 3772 (lolem.
1222 3721 1259 3785 ll,
1272 3722 1304 3788 4,

253 3801 336 3856 austu
348 3801 372 3850 δ’
386 3797 478 3868 imonis
494 3799 561 3868 σχίζα
574 3799 642 3852 sisar
656 3801 711 3866 po'r-
726 3800 756 3854 ld
801 3803 851 3868 tx,
867 3801 913 3870 ¹4³
926 3800 967 3854 vel
978 3814 1007 3852 ut
1017 3799 1122 3852 Servius
1133 3815 1229 3852 octavo
1241 3799 1301 3852 llal.

253 3896 309 3938 ast:
323 3881 448 3934 liadelat
460 3891 558 3953 terqum
575 3890 755 3934 mmmmm
798 3881 930 3934 luliarum
938 3882 989 3934 die.
1003 3882 1042 3933 De
1053 3881 1161 3932 solstitio
1173 3893 1199 3932 et
1211 3881 1302 3931 latmo

225 4007 228 4014 .
252 3961 755 4039 plebesanollentisadpmfituditotem
800 3958 904 4012 sioGic.
920 3957 1303 4030 denat.lleor.ll,19=Solis

249 4061 346 4119 orqyoe.
359 4042 472 4094 Taubm.
798 4059 923 4106 accessus,
933 4040 1102 4111 discessusque
1110 4036 1234 4104 solstitiis,
1245 4037 1303 4089 tru-

287 4124 466 4193 petramora
478 4121 611 4195 obliquum
624 4138 692 4178 verso
699 4141 756 4194 per·
798 4122 896 4193 mirque
909 4119 1033 4196 cognosci.
1047 4120 1083 4172 Ut
1094 4119 1147 4174 hoe
1157 4117 1219 4172 loeo
1228 4119 1299 4172 llos-
