3000 4674
262 433 324 478 aaa
588 403 971 481 COMMENTARIA

637 616 923 679 EXPLICATIO.

302 813 328 854 1.
340 793 429 856 Hanc
442 789 597 868 tabulam,
610 793 660 854 vel
671 795 778 876 potius
792 803 918 854 scenam
932 805 1086 876 agrestem
1099 797 1200 879 aperit
1212 797 1303 858 Meli-

259 879 350 944 boeus
363 880 449 959 exul,
462 884 563 943 amico
575 884 698 966 Tityro,
712 881 743 943 id
756 897 818 959 est,
832 881 978 964 Virgilio,
992 882 1173 945 felicitatem
1185 899 1215 945 et
1227 885 1305 946 laeti·

260 973 338 1032 tiam
353 971 540 1053 gratulatus,
554 973 663 1055 Tityro
675 973 730 1054 qui
746 970 805 1034 sub
819 970 933 1032 umbra
945 971 1009 1054 fagi
1023 975 1138 1056 patnlae
1152 975 1303 1036 recubans

260 1082 390 1144 operam
402 1061 456 1123 dat
468 1060 600 1121 silvestri
613 1081 709 1122 musae
723 1075 754 1122 et
765 1061 913 1122 bucolicis
926 1063 1127 1124 carminibus.

301 1151 330 1211 3.
344 1152 514 1232 Comparat
529 1147 596 1232 jam
615 1150 788 1212 infortunia
809 1171 880 1226 sua,
900 1163 931 1212 et
950 1149 1142 1233 reliquorum
1159 1151 1305 1211 Mantua·

259 1261 389 1313 norum,
403 1259 540 1321 quorum
555 1259 704 1322 personas
719 1241 867 1315 sustinet,
886 1261 957 1301 cum
971 1241 1069 1322 Tityri
1084 1241 1202 1322 pariter
1216 1241 1306 1300 Man·

260 1331 349 1391 tunni
367 1328 519 1390 felicitate
538 1327 763 1412 inexplicabili.
785 1330 869 1390 Dum
891 1343 927 1390 tu
945 1343 1064 1407 cantas,
1084 1332 1204 1413 inquit,
1227 1328 1304 1390 dum

258 1419 419 1479 meditaris
438 1437 577 1492 musam,
598 1437 657 1476 nos
678 1417 853 1500 linquimus
876 1417 968 1495 fines,
992 1419 1047 1479 sed
1065 1417 1162 1500 quos?
1182 1419 1304 1499 patrie.
1338 1457 1341 1462 -
1383 1441 1387 1448 ·

257 1507 446 1587 Linquimus
465 1525 553 1580 arva,
576 1504 682 1586 qualia
704 1504 790 1566 haec?
815 1505 928 1567 dulcia.
947 1502 1091 1567 Miserius
1109 1505 1231 1566 dicam:
1250 1526 1303 1588 pa·

257 1597 351 1656 triam
365 1592 514 1674 fugimus.
529 1593 564 1651 ln
579 1591 638 1653 hac
652 1609 757 1652 autern
772 1608 881 1654 nostra
895 1593 983 1677 fuga,
996 1610 1046 1672 tu,
1060 1597 1181 1678 Tityre,
1199 1592 1302 1656 lentus

257 1698 352 1765 atquc
364 1683 498 1757 otiosus,
511 1680 656 1762 indulges
667 1685 729 1743 tuis
742 1683 918 1760 amoribus;
932 1685 1026 1745 doces
1039 1681 1135 1744 cantu
1146 1697 1201 1744 tuo
1214 1683 1304 1765 loqui

256 1772 341 1853 ipsas
354 1767 492 1860 rubores,
503 1789 538 1829 ac
549 1790 696 1832 resonare
708 1791 825 1847 nomen
835 1785 896 1834 tuae
906 1770 1115 1854 Amaryllidis.
1126 1772 1232 1850 Quum
1244 1773 1300 1848 ait,

710 1957 846 2019 NOTAE.

293 2121 434 2180 1.Patuloe.
444 2124 756 2202 Potulumcliciturquod
799 2133 915 2188 resideat
931 2131 1066 2206 scrupuli,
1084 2129 1195 2204 pulchre
1212 2131 1301 2185 evellit

253 2207 545 2282 patetnaturaliter‚ut
556 2227 647 2277 nares,
658 2211 754 2279 arbor,
800 2217 889 2268 animo
899 2215 916 2267 l.
929 2215 1020 2286 V11‚p.
1031 2213 1092 2286 775.
1100 2213 1258 2264 Emmeness.
1267 2242 1302 2252 —

255 2308 329 2343 crux.
340 2291 437 2344 Potens
447 2308 529 2359 vero,
541 2303 582 2346 est
596 2291 670 2364 quod
682 2288 756 2346 clau·
800 2293 907 2348 Dulcia.
924 2294 1035 2359 Dulcis,
1054 2294 1143 2345 suavis
1164 2293 1303 2364 proprium

254 2367 327 2422 ditur
346 2382 373 2423 et
389 2371 523 2442 aperitur,
542 2383 572 2423 ut
591 2373 707 2440 ostium,
730 2385 756 2426 et
800 2375 893 2447 patric
906 2373 1062 2445 epitheton:
1078 2373 1117 2424 sic
1134 2383 1241 2435 noster,
1254 2371 1301 2424 Ge.

254 2449 335 2503 oculi.
346 2449 458 2503 Servius.
468 2479 505 2492 -
516 2450 649 2524 Teqmine.
660 2454 757 2520 Recte,
801 2452 895 2528 ll',511
908 2476 914 2504 :
929 2475 940 2500 r
951 2453 1089 2523 Exilioque
1101 2450 1196 2503 domos
1206 2463 1232 2503 et
1245 2449 1304 2502 dul·

255 2531 376 2602 quamvis
388 2531 556 2604 refragentur
566 2531 648 2596 Bavii,
660 2533 756 2601 Maevii,
802 2535 844 2584 cia
856 2533 948 2586 limine
960 2545 1073 2585 mutant.
1084 2553 1096 2577 ι
1108 2527 1186 2583 Ovid.
1200 2529 1219 2581 l.
1233 2532 1257 2596 l,
1270 2529 1303 2581 de

255 2623 282 2661 et
303 2611 360 2678 ejus
379 2609 471 2660 farine
491 2608 592 2681 plures.
611 2610 686 2660 Fecit
706 2629 756 2681 pro
801 2615 886 2664 Ponto
896 2632 938 2684 ep.
947 2612 997 2676 111,
1008 2610 1050 2666 35.
1066 2609 1184 2662 uNescio
1194 2625 1246 2680 qua
1258 2629 1304 2660 na·

253 2689 366 2762 Virgilio
378 2688 474 2762 scalig.
487 2688 522 2741 ed
533 2691 652 2761 Propert.
666 2689 712 2742 lib.
723 2693 755 2745 11.
801 2691 854 2744 tale
864 2691 950 2744 solum
959 2688 1100 2743 dulcedine
1109 2701 1202 2761 captos
1209 2687 1303 2752 Ducit,

254 2767 320 2840 eleg.
332 2768 379 2820 ult.
391 2780 417 2820 et
424 2767 480 2820 Cic.
491 2769 525 2820 de
534 2769 594 2820 Div.
605 2767 622 2818 Ι.
634 2771 665 2820 ll.
677 2788 700 2822 e.
711 2771 754 2824 30.
802 2785 828 2824 et
839 2774 1007 2824 immemores
1019 2788 1074 2820 non
1086 2770 1149 2821 sinit
1160 2783 1217 2820 esse
1229 2769 1277 2818 sui.
1289 2791 1300 2817 ι

256 2867 268 2894 ι
281 2847 334 2914 Qui
354 2845 455 2919 platani
478 2847 506 2898 in
532 2865 607 2899 rnmo
628 2847 755 2900 foliorum
773 2880 784 2906 r
800 2840 1303 2924 Homodyssl.34:¹1150123iryndrim

253 2927 370 2998 tegmine
380 2940 477 2998 septos.
489 2950 501 2975 ι
515 2927 675 2980 Emmeness.
800 2924 823 2987 ir
835 2933 956 3002 sarpidus.
974 2943 1001 2984 et
1015 2949 1054 2983 vs.
1070 2929 1113 2982 28.
1124 2924 1301 2997 ptvsrprimpm.

289 3005 315 3057 3.
334 3005 390 3058 Nos
404 3005 501 3078 putrioe
510 3003 582 3079 fines
598 3004 753 3079 linquimus.
798 3009 1011 3062 idem-Arva.
1022 3009 1170 3080 lnoerprete
1180 3008 1302 3074 Nannio,

254 3081 317 3138 Non
328 3083 480 3154 voluntate,
495 3085 543 3140 sed
558 3088 585 3138 vi
598 3086 709 3140 Caesoris
728 3103 754 3142 et
798 3109 859 3142 arva
873 3106 930 3161 quse
947 3101 1065 3142 mantus.
1081 3089 1165 3139 Plaut.
1182 3088 1209 3139 in
1221 3087 1299 3139 Truc.

253 3165 365 3219 militum
379 3169 435 3239 ejus
453 3167 600 3240 compulsi,
614 3169 685 3220 sicto
700 3170 755 3221 An·
798 3170 825 3236 l,
844 3187 875 3234 a,
893 3170 936 3241 47.
950 3169 1013 3222 Non
1025 3185 1103 3219 arvus
1116 3165 1174 3234 bic,
1187 3167 1231 3220 sed
1238 3185 1301 3238 pos·

252 3249 337 3301 tonio.
350 3249 420 3302 Seru.
431 3277 466 3289 -
498 3249 556 3302 inis.
570 3249 690 3321 Antiqua
702 3265 754 3302 ter·
798 3265 863 3302 euos
873 3259 910 3302 est
921 3265 991 3322 aper.
1002 3249 1080 3300 Varr.
1092 3245 1125 3300 de
1139 3249 1168 3299 L.
1183 3245 1212 3298 L.
1223 3247 1241 3296 l.
1255 3247 1298 3298 lv.

252 3329 364 3381 minatio
378 3347 435 3380 acc.
447 3327 485 3400 pl.
500 3329 520 3382 is
534 3347 585 3400 pro
602 3330 654 3396 eis,
673 3348 753 3402 quam
798 3347 891 3381 aruum
908 3339 935 3380 et
949 3329 1035 3381 aratio
1051 3328 1084 3379 ab
1100 3327 1208 3380 arando.
1226 3326 1300 3379 ldem

253 3427 285 3461 ex
297 3409 360 3462 Mas.
376 3409 445 3461 eruit
456 3411 549 3481 ingens
562 3409 628 3461 illud
641 3412 754 3463 interio-
798 3409 893 3461 Isidor.
909 3409 926 3460 l.
940 3408 1017 3476 XIV,
1039 3427 1063 3461 c.
1080 3409 1129 3460 13:
1146 3408 1210 3460 hinc
1228 3403 1300 3477 apud

252 3504 312 3539 rum
321 3489 458 3540 literarum
470 3488 560 3542 lumen
570 3491 617 3540 Vir
626 3489 753 3542 Nobiliss.
798 3489 877 3542 Ovid.
895 3488 942 3540 lib.
962 3490 983 3539 l.
999 3489 1033 3541 de
1049 3489 1134 3549 Ponto
1148 3506 1191 3559 ep.
1207 3489 1232 3551 l,
1253 3502 1278 3537 ιι
1292 3506 1298 3537 :

139 3567 141 3570 ’
251 3565 310 3618 Nic.
325 3569 448 3619 lleinsius
459 3567 529 3620 Μ’.
544 3570 618 3637 cujus
629 3567 755 3621 elimatis-
802 3572 917 3622 «Cernis
928 3567 1219 3639 utinduris(etquid
1231 3565 1300 3640 bore

251 3648 323 3700 simis
341 3649 410 3698 curis
426 3647 497 3698 hanc
511 3646 679 3700 emendatam
698 3648 755 3701 edi·
799 3649 935 3718 firmiusi)
958 3651 1027 3700 arvis
1052 3649 1144 3699 Fortis
1161 3659 1298 3698 taurorum

250 3728 351 3777 tionem
371 3723 469 3791 debet,
490 3727 610 3797 quisquis
633 3729 752 3779 Maronis
797 3747 913 3802 corpora
930 3729 1037 3802 frangat
1055 3745 1132 3800 opus.
1144 3750 1156 3774 ι
1179 3729 1230 3778 llic
1248 3741 1298 3797 pro

252 3806 400 3861 admirator
411 3819 458 3858 est.
471 3806 497 3858 Si
510 3810 569 3879 quis
581 3819 671 3861 tomen
683 3811 752 3860 anti·
794 3810 901 3883 praediis
912 3821 938 3861 et
949 3807 1173 3881 possessionibus.
1186 3807 1269 3859 Idem.

251 3887 751 3960 quissimis‚calamoexoratiscodici·
830 3891 855 3944 5.
879 3890 1009 3942 Aesonare
1033 3889 1106 3940 doces
1129 3883 1298 3957 Amaryllide

249 3965 300 4020 bus
308 3965 448 4019 detrahere
456 3967 675 4041 pergit‚accedat
683 3970 750 4022 Pris·
793 3967 886 4041 sylvas.
907 3966 939 4020 ld
960 3981 1018 4034 est,
1039 3985 1148 4020 carmen
1167 3979 1242 4018 tuum
1263 3964 1298 4018 ds

250 4049 347 4111 cinno,
365 4047 411 4117 qui
426 4059 490 4099 vett.
509 4049 750 4102 Grammaticorum
793 4051 880 4101 amica
891 4044 1054 4119 Amaryllide
1064 4047 1242 4117 compositum
1252 4043 1299 4094 do·

249 4126 328 4186 facile
336 4129 474 4200 princeps,
484 4126 749 4200 quantulumcunque
794 4145 838 4182 ces
850 4126 936 4200 sylvas
950 4141 1086 4180 resonare.
1105 4125 1139 4180 Et
1151 4124 1245 4178 melius
1257 4133 1298 4179 est
