3000 4674
495 415 546 478 ru
570 397 820 478 ucuoosM
844 411 905 477 ιν.
1158 425 1220 512 ²7⁵

178 540 362 622 pueritiam,
383 537 519 618 attigeris
530 535 741 618 juventutem,
756 535 790 594 in
812 553 873 616 qus
892 537 990 616 possis
1002 537 1094 600 bonis
1113 545 1222 606 studiis

178 649 306 710 operam
322 628 410 701 dare,
428 627 529 708 poesi,
551 623 702 698 historiae,
724 621 947 704 philosophie,
961 623 1043 705 (haec
1059 633 1222 713 explicatio

179 737 245 778 uon
259 719 351 778 latuit
364 719 519 790 Servium,
534 718 588 798 qui
601 735 656 796 per
669 713 788 774 hemum
801 710 914 787 faudes,
934 719 1042 796 poesin
1057 721 1223 806 intelligit:

178 809 325 891 perfecto
338 810 478 891 polenos,
494 805 677 866 historiam:
693 825 748 886 per
761 802 856 863 verba
868 803 938 880 illa,
955 819 982 866 et
992 829 1059 888 quoe
1072 813 1110 872 sit
1120 819 1226 896 poteris

179 915 349 976 coqnoscere
357 899 460 970 uirtus,
471 889 705 977 philosophiam
717 889 885 970 moralem)
896 904 971 952 tune
983 915 1046 953 una
1056 909 1160 958 tecum
1170 902 1224 962 tel·

179 981 229 1042 lus
248 982 366 1066 majora
386 984 474 1044 dabit
495 981 705 1054 incrementa,
726 999 792 1039 non
815 980 1021 1055 munuscula,
1048 1003 1114 1044 non
1135 986 1226 1050 flores

181 1067 329 1147 blandos3
341 1073 393 1132 sed
405 1085 534 1152 segetes,
546 1089 638 1144 uvas,
652 1068 756 1129 mella.

221 1161 269 1224 31.
280 1163 326 1224 lta
338 1165 371 1222 iu
382 1161 590 1222 adolescentia
600 1172 653 1220 tus
666 1157 870 1220 renovabitur
881 1169 953 1217 etas
962 1179 1069 1236 aurea,
1078 1175 1114 1222 ut
1124 1178 1228 1228 tamen

181 1254 336 1333 supersint
348 1251 475 1332 vestigia
485 1248 603 1310 fraudis
615 1247 717 1322 illius,
728 1263 759 1306 et
770 1246 912 1320 malitiae,
922 1267 992 1327 quer
1001 1265 1089 1309 erant
1098 1252 1131 1312 in
1142 1269 1230 1316 etate

183 1341 297 1417 ferrem
309 1343 361 1402 sed
372 1342 539 1422 praesertitn
552 1339 652 1399 tribus
664 1339 697 1396 in
710 1335 809 1410 rebus,
823 1335 966 1396 videlicet
976 1339 1009 1397 in
1020 1343 1231 1424 navigatione,

184 1431 313 1506 militia,
325 1427 528 1512 agricultura:
542 1441 635 1508 atque
644 1412 722 1487 scleo
734 1447 819 1486 mare
831 1426 1013 1486 tentandum
1027 1443 1071 1490 est
1083 1435 1231 1512 navibus,

183 1534 220 1578 ut
233 1539 347 1580 merces
361 1519 536 1578 necessariae
551 1517 590 1577 sd
606 1514 780 1575 humanum
796 1535 887 1574 usum
899 1512 972 1574 hinc
986 1515 1060 1576 inda
1074 1524 1233 1582 transmit·

184 1621 308 1668 tantur:
322 1608 439 1691 oppida
451 1604 604 1688 cingendo
616 1619 689 1665 sunt
702 1605 815 1680 muris,
830 1625 870 1665 ne
884 1617 1011 1666 externa
1024 1607 1071 1666 ris
1085 1624 1231 1694 occupet:

187 1698 306 1758 manda
317 1709 361 1757 est
372 1696 479 1769 tellus,
491 1709 526 1755 ut
539 1696 636 1754 victus
650 1707 805 1776 suppetat.

227 1784 1234 1872 34.Adjungitcaussas:tentabiturmare‚quiaeritnovus'l'iphys,

187 1895 270 1936 nova
284 1877 378 1957 Argo.
401 1877 434 1936 in
449 1897 511 1956 qua
524 1875 600 1935 novi
615 1875 724 1948 etiam,
743 1887 772 1935 et
792 1872 902 1934 delecti
918 1870 1047 1936 heroes:
1070 1877 1234 1959 cingentur

186 1967 501 2048 murisopprds‚quia
509 1985 608 2025 novus
622 1961 754 2023 Achilles
766 1962 805 2022 ad
813 1961 940 2044 'frojam
949 1963 1104 2024 mittetur:
1115 1969 1233 2030 aranda

187 2067 232 2115 est
246 2053 352 2130 tellus,
364 2058 437 2135 quia
450 2067 541 2116 erunt
554 2053 636 2113 bella
649 2052 744 2113 altera
757 2075 763 2111 :
779 2051 860 2112 nihil
874 2055 971 2134 magis
983 2057 1174 2117 contrarium
1191 2074 1235 2120 est

187 2141 397 2222 agriculture),
419 2163 514 2224 quam
532 2141 667 2217 bellum,
691 2138 779 2222 cujus
798 2141 893 2200 etiam
913 2155 1013 2218 metu,
1037 2155 1066 2202 et
1086 2145 1237 2226 opinione

189 2229 255 2309 agri
269 2228 462 2290 deseruntur.
474 2231 573 2310 Ergo,
586 2241 620 2288 ut
632 2229 843 2288 sustineantur
855 2227 939 2288 bella
955 2229 1166 2308 imminentia,
1181 2253 1237 2292 ne·

187 2336 267 2379 cesse
278 2333 322 2378 est
332 2317 491 2380 frumenta
505 2319 591 2400 prius
603 2317 667 2376 sint
680 2317 713 2375 in
728 2314 856 2377 horreis.

229 2407 277 2488 37.
293 2409 356 2482 ais,
371 2407 497 2489 plenam
513 2407 580 2466 fore
592 2406 770 2466 felicitatem
785 2407 882 2466 aetatis
894 2426 1009 2480 aurete,
1021 2407 1076 2467 ubi
1091 2428 1169 2489 puer
1183 2408 1236 2470 ille

191 2486 327 2575 attigerit
342 2495 486 2556 virilem:
500 2495 576 2555 dicit
591 2492 654 2554 hoc
668 2513 739 2553 eum
755 2507 893 2576 respectu
907 2493 946 2552 ad
963 2515 1013 2568 ea,
1034 2514 1103 2576 quae
1118 2495 1238 2558 dixerat

190 2579 229 2640 de
241 2581 464 2658 adolescentia,
476 2585 619 2664 quamvis
629 2582 805 2643 abundaret
813 2582 906 2641 bonis
916 2581 1037 2656 multis,
1049 2596 1153 2642 tamen
1165 2583 1237 2644 sub·

190 2683 289 2728 essent
300 2672 428 2752 vestigia
443 2672 553 2754 priscae
567 2670 708 2731 fraudis:
730 2689 819 2751 erg03
840 2669 896 2728 ubi
911 2670 959 2728 vir
972 2667 1081 2744 fueris,
1100 2691 1166 2730 non
1181 2673 1240 2731 erit

190 2762 379 2822 necessarius
393 2759 523 2844 Tiphys,
543 2782 608 2822 non
624 2773 742 2834 vector,
762 2761 816 2841 qui
835 2781 949 2820 merces
967 2756 1043 2818 hinc
1063 2760 1136 2820 in'de
1154 2783 1238 2822 corn·

171 2903 174 2910 r
191 2861 304 2924 mutet,
321 2861 573 2931 et·transportet:
588 2849 684 2922 rstio;
699 2848 774 2930 quia
790 2844 906 2930 ubique
920 2849 1060 2932 gentium
1074 2862 1239 2930 nascentur

192 2958 262 3020 quae
275 2941 442 3000 necessarie
453 2953 526 3002 sunt
538 2941 577 3000 ad
592 2941 721 3002 victum.
946 2945 951 2958 ¹

193 3099 263 3168 syria
271 3100 398 3150 nascitur.
409 3099 504 3172 Vulpo.
515 3102 629 3167 Passim,
639 3121 695 3153 om·
740 3117 938 3172 quamcumque
945 3115 1054 3152 navem:
1063 3115 1113 3169 per
1118 3099 1237 3170 'frojam

194 3175 695 3251 nibuslocisAmomumsoepeproqui·
739 3177 1241 3250 quamcumqusciritatemrperhehil·

193 3253 311 3307 buslibet
327 3259 468 3328 unguentis
485 3260 692 3330 pretiosissimis.
737 3256 806 3324 lam,
823 3275 1019 3329 quemeumque
1034 3256 1121 3308 virum
1132 3257 1240 3312 fortem.

233 3333 693 3409 27.Jamle9ere.ldestquumcoe·
737 3365 773 3378 --
792 3335 872 3410 Aryo.
894 3336 916 3388 Δ
940 3335 1103 3388 fabricatore
1129 3338 1241 3390 sortitur

196 3415 267 3488 peris
280 3413 363 3466 imbui
376 3413 470 3468 studiis
482 3415 646 3468 liberalibus·
659 3445 694 3456 ·-·
739 3432 853 3483 nomen,
877 3419 952 3484 cnjus
973 3415 1092 3467 meminit
1115 3411 1240 3470 Phaedrus

198 3496 264 3571 Qua
278 3495 313 3548 sit
327 3494 423 3566 poteris
438 3511 590 3567 sequetem
606 3497 695 3550 vittata.
740 3498 791 3558 w,
808 3495 826 3548 6
840 3515 846 3555 ς
863 3493 940 3546 «Nec
955 3493 990 3546 ad
1004 3495 1132 3566 professe
1148 3501 1240 3550 mortis

197 3578 313 3630 Accessu
321 3577 392 3628 enim
400 3577 483 3628 atatis
492 3589 592 3646 quanto
600 3577 633 3629 sit
642 3578 697 3628 vir·
741 3575 870 3628 audacem
887 3578 957 3628 riam
974 3575 1141 3629 fabricasset
1155 3578 1241 3652 Argus

198 3671 239 3711 tus
252 3659 421 3731 agnoscitur,
434 3668 460 3708 et
472 3659 548 3726 cujus
560 3656 657 3728 gloria.
669 3656 697 3710 S.
744 3674 825 3725 opere
836 3653 954 3707 Palladio
968 3667 1060 3706 ratem.
1071 3679 1083 3703 ι

232 3739 277 3806 34.
295 3738 370 3791 Alter
383 3737 435 3789 erit
453 3747 508 3789 tum
528 3735 634 3808 Tiphys.
650 3735 700 3788 Vel
780 3733 822 3786 35.
835 3735 942 3786 Hamas.
955 3733 1071 3802 Quidam
1081 3751 1095 3786 a
1105 3747 1176 3788 terra
1187 3737 1242 3792 dic.

199 3837 292 3874 revera
306 3817 423 3890 Tiphys,
441 3817 484 3870 vel
501 3815 586 3888 qualis
600 3815 700 3888 Tiphys
744 3827 786 3868 tos
805 3813 914 3878 volunt,
935 3811 1007 3884 qood
1025 3827 1095 3866 terra
1112 3813 1154 3880 ipe
1171 3817 1244 3872 dicta

200 3899 415 3972 Argonautarum
434 3895 606 3968 gubernator.
631 3895 699 3950 Saue
744 3893 872 3958 sit‚unde
883 3895 959 3944 initio
969 3894 1024 3945 neti
1037 3891 1243 3948 credunturho·

202 3977 327 4050 specialia
352 3995 400 4050 pro
423 3977 593 4048 gerreralihus
615 3979 699 4047 ponit.
744 3975 845 4038 mines,
863 3977 909 4043 qui
921 3989 1018 4024 nomen
1031 3991 1046 4024 a
1059 3986 1143 4026 matre
1155 3987 1243 4029 traxe-

200 4052 702 4131 Namper‘l'ppbin,quemcumquegu·
745 4054 897 4107 runt-Seru.

201 4135 372 4192 bematorem
385 4137 529 4208 accipimus
539 4157 545 4186 ι
554 4137 700 4214 pathmo,
781 4133 823 4194 ³8.
835 4133 911 4188 udor
919 4142 946 4186 at
954 4131 1083 4206 ipremart'
1092 4147 1181 4188 vector.
1192 4135 1243 4190 Nc·

1058 4219 1097 4274 rt.
