3000 4674
292 461 354 526 292
618 425 1000 497 COMMENTARIA

288 562 514 642 Syracusanus:
528 571 629 636 neque
642 552 853 616 erubescimus
865 553 969 636 sylvas
983 568 1116 616 tractare
1128 555 1168 616 ad
1181 557 1337 618 imitatio·

289 667 360 707 nem
374 645 477 706 illius:
491 663 562 703 nam
575 645 670 725 primi
687 645 829 703 omniurn
842 641 903 704 boc
912 644 1056 706 fecimus.

329 733 357 794 3.
372 732 430 796 Sed
441 753 546 814 roges,
559 735 652 808 Varc,
664 752 721 792 cur
734 752 783 791 me
792 729 958 812 abjecerim
972 731 1011 792 nd
1022 732 1142 816 sylvas?
1156 733 1194 794 ad
1206 754 1254 796 res
1263 755 1338 816 pas-

290 819 412 884 torum?
422 819 460 880 ad
469 819 583 902 stylum
592 819 768 880 Theocriti?
779 818 924 880 Atteude:
939 841 1036 902 quum
1047 817 1166 902 majora
1174 841 1335 896 canerem,

288 933 388 996 quum
399 912 493 990 Reges
506 923 537 969 et
547 908 654 991 praelia
668 909 853 990 cogitarem,
866 908 1004 970 Phoebus
1014 929 1127 992 praeses
1139 911 1334 986 carminum,

289 1019 396 1061 aurem
410 996 579 1074 vellicavit,
591 1011 684 1078 atque
696 997 879 1058 admonuit:
896 1018 960 1058 non
974 1013 1112 1081 oportet,
1125 1019 1144 1060 o
1155 999 1275 1082 Tityre,
1288 997 1334 1058 la-

288 1109 356 1151 cere
366 1087 428 1150 hoc
440 1101 613 1170 pastorem3
625 1089 704 1169 quin
716 1087 839 1168 potius,
851 1108 925 1148 oves
937 1107 1078 1170 pascere,
1091 1107 1217 1148 carmen
1228 1086 1333 1148 dicere

287 1175 423 1253 humile,
440 1197 475 1236 ac
495 1190 606 1236 tenue:
628 1194 690 1236 non
711 1173 872 1257 superbire
887 1176 1092 1237 Hernicorum
1108 1190 1215 1236 vatum
1229 1173 1332 1257 stylo:

287 1266 378 1342 inde,
387 1286 428 1328 ue
438 1285 548 1326 canas:
563 1263 692 1344 (dicunt
703 1265 848 1326 Βοηιιωι
861 1278 891 1326 et
900 1265 1036 1340 Servius,
1046 1279 1172 1347 poetam
1181 1265 1333 1324 invasisse

288 1357 426 1438 primum
440 1354 582 1413 omnium
597 1373 645 1414 res
657 1355 827 1429 Romanas,
842 1352 893 1413 scd
907 1354 1050 1414 omisisse
1066 1355 1206 1413 territum
1221 1353 1336 1434 asperi-

286 1457 349 1505 tate
362 1443 552 1516 nominum.)
562 1441 631 1500 Non
643 1439 822 1526 displicent,
839 1443 894 1524 qui
904 1461 1010 1501 vocem
1024 1445 1145 1524 pinques
1158 1438 1335 1522 explicant,

287 1548 320 1598 ut
331 1535 453 1615 pinques
465 1533 541 1591 sint:
556 1530 607 1590 sed
622 1545 727 1612 potest
740 1529 827 1592 locus
838 1530 1010 1612 vulgariter
1021 1532 1133 1612 accipi.

327 1624 357 1683 6.
366 1622 456 1680 Nunc
466 1639 555 1698 ergo,
567 1641 586 1678 o
599 1622 695 1696 Vere,
707 1620 854 1701 Princeps
868 1621 1001 1679 maxime
1014 1618 1182 1691 bellorum,
1196 1616 1334 1678 scribam

287 1713 441 1772 rusticum
457 1727 596 1784 carmen,
612 1722 758 1768 monente
771 1706 908 1768 Phoebo:
923 1729 996 1768 nam
1008 1725 1059 1766 me
1071 1705 1122 1767 liic
1135 1709 1216 1768 Deus
1228 1703 1266 1764 nd
1283 1724 1332 1764 ree

289 1816 358 1862 tuas
379 1817 443 1857 non
464 1810 572 1871 vocat,
594 1817 664 1878 quae
686 1795 834 1878 inclytae:
859 1811 1048 1878 supererunt
1068 1797 1125 1856 tibi
1147 1793 1254 1869 multi,
1276 1793 1333 1875 qui

289 1887 373 1962 illas,
387 1885 440 1966 qui
453 1881 536 1943 bella
552 1897 621 1961 tua,
634 1905 703 1965 quae
716 1905 845 1966 magua,
857 1883 1024 1946 sublimius
1035 1883 1195 1946 extollant.

327 1997 356 2055 9.
371 1974 495 2052 ltaque,
507 1975 603 2047 Varo,
617 1994 697 2034 cano
712 1995 746 2034 ea
761 1989 898 2048 tantum,
914 1995 983 2055 quae
997 1973 1084 2054 jussa
1098 1972 1176 2034 mibi
1195 1991 1243 2032 res
1259 1984 1332 2030 tuas

287 2083 351 2124 non
372 2061 554 2140 attingenti:
576 2059 675 2142 aliqui
694 2059 756 2122 lroc
777 2062 917 2124 referunt
935 2059 973 2122 acl
996 2063 1162 2146 imperium
1182 2060 1332 2120 Caesaris:

288 2147 414 2220 mallem
429 2145 470 2206 ad
483 2144 647 2208 Phoebum.
660 2148 717 2208 Sed
727 2151 755 2208 si
771 2151 841 2230 quis
853 2165 958 2209 tamen
975 2149 1153 2209 humillima
1169 2146 1235 2208 haec
1250 2145 1333 2227 lege·

287 2239 328 2298 rit
344 2250 454 2318 captus
469 2254 574 2316 amore
592 2235 664 2316 styli
682 2239 797 2313 tenuis,
814 2238 934 2299 videbit
950 2241 997 2298 uti
1015 2237 1067 2297 illa
1085 2239 1204 2320 spirant
1223 2234 1332 2295 laudes

289 2339 379 2387 tuae:
400 2325 474 2406 quia
488 2325 614 2406 myricoe
627 2327 708 2402 istae,
726 2323 831 2406 idest,
851 2340 958 2388 tenues
973 2325 1112 2407 Eclogae3
1131 2324 1331 2408 pastoritiurn

287 2472 358 2539 Quia
371 2468 542 2521 'lbeocritnm
554 2471 687 2543 praecipue
701 2473 790 2542 sequi·
833 2489 887 2543 qua
905 2469 993 2524 solent
1013 2468 1142 2523 vadantes
1161 2466 1331 2520 adversarios

288 2557 347 2612 tari
367 2547 492 2619 quamvis
504 2547 580 2599 multi
599 2549 644 2601 alii
663 2549 789 2602 bucolica
831 2568 912 2616 suos,
931 2549 1099 2628 apprehensa
1118 2547 1237 2601 auricula
1256 2548 1333 2615 ejus,

288 2628 450 2700 scripserint.
462 2627 533 2679 Seru.
831 2649 912 2703 quem
924 2632 1015 2683 testari
1031 2629 1174 2693 volabant,
1192 2647 1245 2700 quo
1262 2625 1320 2678 scili

319 2710 571 2778 .3.Quumcanerrm
578 2707 785 2780 reyesetpnelia.
833 2723 874 2762 cet
894 2711 949 2780 ejus
967 2710 1006 2762 rei
1025 2727 1127 2772 memor
1144 2719 1239 2773 esset,
1250 2708 1334 2758 inter-

288 2791 377 2858 Quutn
387 2803 483 2838 cauere
494 2785 603 2838 vellem:
616 2800 643 2838 et
654 2787 785 2860 siguificat
830 2808 925 2862 rogare
944 2791 1080 2855 eundem,
1101 2790 1164 2842 lieet
1185 2788 1333 2841 anteneri?

288 2883 334 2924 aut
354 2864 506 2931 AEueidetu,
525 2879 572 2918 aut
594 2882 670 2938 gesta
692 2888 784 2942 regum
830 2872 875 2941 qui
888 2871 910 2921 si
922 2869 1002 2924 licere
1014 2868 1204 2941 responderet,
1222 2867 1330 2919 obtorto

288 2949 627 3018 Albanorumeqaaecoepta
634 2949 732 3015 omisit,
739 2968 785 3001 no-
829 2949 900 3001 collo
915 2967 975 3002 rens
989 2952 1016 3002 in
1027 2953 1069 3020 jos
1085 2949 1155 3001 trabi
1169 2959 1282 3019 poterat.
1294 2975 1331 2988 -

288 3032 390 3084 minum
405 3028 549 3097 asperitate
563 3025 713 3080 deterritus.
732 3029 784 3083 Alii
829 3029 927 3081 Aurem
937 3029 1025 3082 eatam
1036 3029 1193 3094 ideovettrt,
1202 3029 1266 3099 qaia
1275 3046 1331 3079 ure·

288 3109 476 3184 Scyllameum
490 3107 606 3162 scribere
623 3109 787 3180 coepiesedi·
829 3111 920 3161 moria
939 3122 1094 3162 consecrata
1112 3121 1167 3170 est3
1195 3122 1226 3160 at
1252 3107 1329 3160 mone

288 3201 369 3251 cunt3
384 3190 413 3240 in
429 3205 483 3258 quo
496 3187 565 3239 libro
577 3188 634 3240 Nisi
648 3199 675 3239 et
688 3189 786 3240 Minois
829 3187 928 3252 Genio;
940 3188 1015 3263 digiti
1028 3190 1167 3250 Minervas
1180 3205 1266 3260 genua
1278 3189 1331 3240 tri-

287 3271 357 3342 regis
366 3268 532 3321 Cretensium
544 3266 644 3318 bellura
654 3266 788 3320 describe·
830 3268 989 3320 serieordiae.
1002 3269 1073 3322 Seru.

287 3351 349 3413 bst;
360 3349 406 3402 alii
416 3347 535 3401 dabelli·
547 3347 669 3404 civilibus
679 3347 784 3400 deant:
865 3349 891 3402 6.
899 3349 1108 3422 Namqueruper
1117 3347 1262 3407 artemas.
1275 3359 1326 3400 etc.

288 3431 333 3483 alii
345 3429 379 3481 de
391 3425 517 3498 tragaedia
529 3424 701 3498 Thyestis—
715 3431 786 3499 Cyn·
829 3428 930 3483 Eodem
949 3430 1030 3484 modo
1043 3429 1168 3504 Virgilius
1184 3447 1213 3484 ee
1230 3441 1329 3500 purgat

288 3509 364 3562 thius.
373 3507 471 3579 Apollo
481 3506 609 3578 aCyntlro
617 3521 705 3561 monte
712 3507 784 3576 Deli,
829 3509 916 3575 Varo,
930 3510 1003 3581 quod
1015 3528 1057 3564 res
1067 3511 1123 3580 ejus
1133 3508 1259 3581 preclare
1270 3525 1330 3580 ges-

287 3593 314 3641 in
328 3605 382 3659 quo
394 3597 472 3642 natas
483 3595 531 3636 estc
543 3585 614 3638 Serv.
630 3617 665 3626 -
680 3585 785 3640 Vellere
813 3621 816 3630 ι
829 3600 870 3640 tas
880 3605 935 3640 non
945 3590 1089 3654 scriberet,
1102 3586 1326 3660 quemadmodum

286 3683 393 3724 numm,
405 3675 445 3716 eet
456 3665 695 3718 commonefacere.
708 3666 781 3738 Virg.
828 3668 958 3723 leocrates
972 3669 1095 3742 Philippo
1107 3672 1165 3741 regi
1176 3687 1204 3722 re
1217 3687 1327 3722 excusa·

287 3745 334 3798 ult.
351 3760 388 3794 vs.
403 3743 429 3794 in
447 3739 522 3811 Copa
533 3761 545 3821 ι.
557 3741 648 3794 «Pone
664 3761 783 3814 merum,
827 3760 884 3802 tum
902 3749 967 3802 vult.
986 3750 1055 3804 Vide
1073 3751 1218 3803 &curarim
1234 3750 1273 3812 ll,
1292 3747 1326 3800 de

287 3840 312 3878 er
326 3823 409 3876 talos:
420 3834 544 3892 pereant,
556 3822 601 3890 qai
611 3823 726 3874 crastina
736 3842 782 3877 cu·
826 3827 915 3894 Varo,
927 3830 980 3882 rol.
990 3830 1017 3893 1,
1032 3849 1092 3902 pag.
1108 3845 1157 3897 217
1168 3841 1194 3880 et
1206 3845 1280 3898 seqq.

286 3917 355 3958 rant.
368 3903 441 3953 Mors
454 3919 543 3953 aurem
555 3899 668 3970 vellens,
684 3903 784 3973 Vivite,
863 3923 887 3976 9.
894 3909 955 3961 Non
964 3909 1058 3981 injusso
1066 3908 1196 3960 canovel
1205 3907 1238 3960 ab
1246 3904 1327 3977 Apol·

287 3983 462 4053 ait,venio.»
476 3979 627 4033 inauribus
644 3985 713 4035 enim
729 4001 785 4036 rne-
828 3986 897 4051 line,
909 3986 951 4040 vel
963 3987 997 4039 ab
1008 3987 1140 4058 Augusto,
1152 3985 1194 4038 rel
1205 4003 1219 4038 a
1230 3987 1326 4036 blace-

174 4077 175 4082 ’
286 4062 784 4135 moricesedesllincantestatioapucl
828 4078 898 4118 nate.
915 4065 1069 4132 Sive,nihil
1083 4068 1182 4137 injussa
1196 4083 1268 4117 mene
1283 4065 1324 4116 iu-

284 4147 419 4198 Romauos
430 4140 476 4210 ,id
487 4152 543 4211 est,
556 4142 628 4196 testis
645 4143 743 4209 tactio,
756 4145 784 4196 iu
829 4145 923 4208 cheam
939 4161 963 4200 et
973 4146 1026 4201 hoc
1038 4147 1116 4212 ideo,
1130 4149 1193 4220 quia
1204 4145 1324 4213 dixerat,
