2918 4682
340 407 392 473 IN
414 403 800 472 GEORGIGORUM
822 405 914 472 LIB.
939 407 988 473 11.
1120 410 1178 476 501

149 534 242 595 maris
258 552 315 616 per
333 546 503 606 tumorem,
523 551 586 614 quo
606 529 748 590 inflatum
767 531 886 612 rumpit
905 529 1027 594 obices:
1046 530 1120 594 huic
1134 545 1184 595 tu·

149 625 230 683 mori
243 623 390 706 opponit,
404 621 541 696 residunt,
561 620 600 680 ad
615 619 804 700 signandum
816 639 968 682 recessum
980 645 987 681 :
1001 624 1185 682 varietatem

149 711 271 771 dierum
291 727 323 773 et
340 713 480 772 noctium
499 731 554 792 per
572 711 671 784 Soles,
694 711 750 792 qui
770 709 880 790 hyeme
901 709 1076 773 brevissimi
1096 726 1185 789 sunt,

149 813 255 858 astate
266 797 458 880 longissimi,
472 797 573 858 tardas
585 795 757 878 brevesque
772 811 879 857 noctes
891 796 1020 859 faciunt.

185 884 255 960 483.
270 889 368 968 Optat
380 907 446 948 esse
460 885 611 967 agricola,
626 888 651 945 si
666 899 800 968 nequeat
814 905 877 946 esse
891 882 1109 969 philosophus.
1124 889 1185 949 lta·

150 993 211 1054 que
223 975 359 1055 primurn
372 973 504 1056 gradum
520 973 660 1033 attribuit
673 993 777 1033 rerum
791 971 982 1033 naturalium
997 976 1184 1054 cognitioni3

148 1063 328 1142 proximum
342 1065 414 1124 vitae
430 1066 604 1138 rusticanae,
623 1062 683 1122 bac
700 1064 871 1123 sententia:
889 1064 916 1122 si
934 1083 998 1144 prae
1014 1062 1186 1144 frigiditate

147 1154 307 1232 sanguinis
319 1155 400 1213 circa
415 1172 471 1212 cor
483 1153 608 1233 ingenio
622 1153 682 1211 sim
697 1150 773 1212 adeo
785 1150 904 1226 hebeti,
916 1164 951 1212 ut
966 1172 1119 1234 nequeam
1132 1171 1187 1232 pe-

147 1251 270 1299 netrare
281 1261 329 1299 res
341 1237 410 1298 illas
422 1252 558 1322 quatuor
568 1253 702 1315 natura,
714 1237 882 1321 placebunt
893 1260 981 1315 rura,
995 1259 1115 1312 amnes,
1128 1237 1187 1297 llu-

146 1326 250 1402 mina,
268 1327 375 1407 sylvae,
395 1329 512 1388 carenti
533 1327 628 1410 etiam
645 1327 788 1388 omnium
806 1346 911 1389 rerum
927 1326 1059 1387 aliarum
1076 1325 1187 1406 gloria.

147 1410 268 1472 Deinde
282 1415 436 1476 convertit
449 1435 480 1474 se
494 1414 534 1475 ad
549 1435 677 1498 campos
691 1414 872 1491 Thessalia,
887 1417 1018 1497 Sparta,
1033 1413 1187 1488 Thracia,

148 1501 204 1581 qui
219 1503 367 1584 opinione
379 1519 410 1564 et
421 1506 632 1586 experimento
645 1503 827 1566 mortalium
839 1503 939 1565 babiti
954 1520 1028 1565 sant
1042 1504 1188 1564 amoenis-

147 1587 220 1645 simi
243 1601 273 1648 et
291 1588 525 1654 foecundissimi.
545 1590 738 1653 Thessaliam
758 1606 848 1653 notat
868 1613 924 1674 per
944 1591 1075 1652 fluvium
1098 1591 1188 1672 Sper-

148 1670 268 1752 chium‚
283 1681 423 1761 Spartam
436 1702 492 1762 per
500 1696 641 1742 montem
651 1683 836 1763 Taygetum,
851 1681 1015 1742 Thraciam
1025 1699 1082 1762 per
1091 1675 1189 1739 valles

148 1766 264 1824 montis
282 1768 394 1828 Haemi.
412 1767 495 1828 lllud
514 1773 642 1851 Taygeta
661 1767 800 1830 bacchatu
816 1769 973 1851 uirginibus
988 1769 1116 1829 Mennis
1129 1777 1188 1838 est,

148 1848 304 1913 celebrata
317 1857 411 1937 orgiis
421 1870 453 1918 et
463 1855 625 1918 furoribus
633 1853 861 1918 bacchantium
871 1855 1085 1930 foeminarum
1098 1853 1189 1936 quasi

147 1936 218 2019 ipsa
231 1938 301 2001 loca
313 1945 381 2023 pari
395 1942 500 2006 furore
514 1947 727 2028 corripiantur
739 1966 811 2005 cum
822 1945 970 2006 foeminis.

186 2025 255 2108 490.
269 2033 403 2095 Dederat
411 2037 587 2118 principem
597 2033 702 2096 locum
713 2036 888 2118 cognitioni
898 2055 1017 2110 rerum,
1028 2033 1189 2106 doctrina,

149 2116 300 2195 seientiae,
316 2119 543 2206 philosophiae:
559 2127 738 2204 proximum
754 2124 827 2185 vitre
843 2125 981 2183 rusticae:
995 2122 1060 2202 jam
1079 2120 1132 2181 bic
1149 2120 1188 2180 de

147 2216 280 2288 utraque
305 2210 348 2270 ita
372 2211 527 2292 loquitur,
552 2226 587 2272 ut
610 2233 700 2294 pares
723 2211 868 2272 videatur
889 2209 1006 2283 facere,
1032 2208 1188 2288 adjunctis

148 2292 310 2375 utriusque
329 2299 400 2358 ritae
416 2300 585 2359 Encomiis.
601 2301 684 2380 Ergo
700 2298 739 2358 de
755 2299 899 2380 Sapiente
914 2297 1069 2370 dicturus,
1084 2296 1187 2376 primo

148 2511 204 2552 tum
223 2520 278 2556 esse
296 2505 323 2557 in
341 2509 465 2562 concavis
485 2523 576 2579 terra,
598 2513 645 2582 qui
688 2511 748 2563 Sole
761 2513 837 2581 juxta
850 2507 937 2561 Gades
951 2503 1089 2557 occidente
1104 2503 1189 2574 crcpi·
1283 2525 1284 2528 ¹

147 2592 236 2632 motus
258 2585 337 2636 stiam
359 2599 456 2640 terram
476 2601 572 2642 movet.
592 2591 644 2643 Alii
689 2603 798 2662 tumque
814 2601 844 2641 ut
860 2589 923 2641 ferri
938 2585 1150 2638 incandescentis
1162 2594 1189 2634 et

148 2677 246 2731 aquam
255 2662 349 2717 dicant
357 2668 499 2738 genitalem
509 2669 558 2721 sub
569 2672 645 2722 terris
688 2671 717 2721 in
739 2688 837 2742 aquam
860 2668 970 2720 immissi
993 2665 1106 2730 edente,
1126 2665 1188 2715 visas

147 2742 262 2807 moveri,
281 2757 307 2796 et
325 2746 403 2798 simul
422 2767 467 2800 eas
487 2761 644 2816 concutere,
690 2761 752 2800 sunt
763 2750 815 2821 ipsi
824 2746 967 2799 Posidonio
981 2743 1066 2817 dignae
1079 2761 1136 2814 quta
1148 2743 1187 2794 in·

147 2819 216 2872 sicut
226 2840 272 2874 vas
285 2842 375 2896 aquai:
386 2839 415 2878 ut
423 2825 488 2880 dicit
496 2829 642 2881 Lucretius.
688 2830 890 2901 vestigarentur.
905 2826 933 2879 V
932 2863 938 2876 .
951 2826 982 2876 G.

146 2927 182 2938 -
202 2901 259 2970 Qua
282 2905 308 2955 vi
327 2907 411 2957 muna
430 2907 484 2959 altu
506 2918 646 2961 tumescant
724 2909 784 2975 481.
801 2907 869 2978 Quid
882 2916 983 2957 tanmm
1000 2905 1117 2969 Θεεαηο,
1136 2915 1186 2955 etc·

43 3035 47 3056 Ι
149 2978 275 3050 Oltjt'ct‘bus
292 2986 378 3054 naplis.
395 2986 528 3038 AEstuatia
542 2986 645 3039 Oceani
688 2989 814 3058 llyernem
827 2997 853 3037 et
865 2996 980 3037 testatem
998 2981 1144 3054 significan
1161 2992 1189 3033 et

147 3058 292 3126 accipimus
302 3081 309 3121 ;
323 3064 369 3131 qui
379 3063 535 3133 perGallias
545 3077 572 3117 et
582 3067 644 3116 llis-
689 3083 781 3119 sensus
791 3077 843 3117 est:
856 3081 913 3134 quse
926 3061 1063 3126 cenassit,
1074 3077 1121 3110 cur
1131 3058 1188 3110 dies

147 3137 241 3205 panias
259 3140 287 3190 in
303 3139 433 3192 inlinitum
450 3145 563 3214 erumpit
582 3162 644 3195 con·
687 3145 798 3217 hyberni
807 3159 861 3198 tam
871 3146 923 3194 sint
933 3157 1057 3193 occasum
1066 3139 1190 3209 preacipi-

147 3226 248 3286 tempta
274 3216 331 3288 lege
355 3221 494 3291 riparum,
520 3220 555 3273 ad
579 3239 643 3291 quas
687 3237 742 3286 tes3
760 3236 787 3276 et
805 3241 862 3294 quae
881 3239 956 3272 mora
975 3229 1066 3270 noctes
1085 3219 1188 3270 aestivas

148 3313 239 3348 rursus
251 3301 370 3350 recurrit.
382 3327 415 3340 ·-
426 3301 536 3373 Olg'ices;
549 3319 643 3372 rupes,
688 3303 813 3368 differat,
830 3319 861 3352 ac
880 3296 1005 3351 retardet.
1018 3296 1088 3350 Soles
1104 3296 1188 3363 dixit,

147 3393 256 3446 aggeres
268 3377 376 3429 Oceano
389 3391 482 3430 natura
494 3381 643 3442 constituti;
688 3400 738 3453 pro
755 3381 822 3443 dies,
840 3377 938 3449 plurali
953 3393 1079 3438 nurnero;
1098 3393 1188 3446 quern-

146 3455 362 3522 velartiliciales,
374 3459 492 3511 utmoles
503 3472 528 3511 et
536 3478 645 3512 cremen-
689 3459 834 3513 admodum
845 3459 941 3529 Georg.
955 3460 980 3524 l,
993 3457 1044 3509 66:
1062 3455 1189 3508 Pulveru-

146 3544 191 3598 ta‚
210 3535 305 3605 quibus
324 3536 475 3589 efficiebant
491 3552 600 3610 portus,
620 3551 646 3593 et
690 3541 759 3594 lenta
773 3549 867 3614 coquat
879 3539 986 3591 maturis
997 3537 1096 3592 Solibus
1107 3549 1186 3592 testa.

148 3614 258 3665 lucrino
267 3614 526 3670 cluurtruaddebant.
538 3619 576 3670 lle
585 3617 647 3672 fluc-
724 3619 785 3688 484.
807 3618 924 3692 Frigidus
949 3617 1069 3670 obstiten't
1092 3617 1189 3669 circum

149 3708 223 3748 tuum
234 3695 372 3749 altitudine
384 3699 466 3750 multa
479 3713 644 3771 portentosa·
687 3700 828 3772 precordia
839 3697 949 3772 sanguis.
960 3695 1111 3750 Secundum
1123 3698 1189 3770 pbg·

149 3794 201 3846 que
221 3776 389 3828 somniabant
410 3791 510 3832 veteres
527 3803 532 3832 :
551 3780 644 3832 fluctus
691 3781 775 3844 siros,
788 3781 834 3851 qui
851 3778 944 3829 dicunt
961 3776 1055 3828 stultos
1067 3774 1189 3829 bomines

150 3859 219 3910 enim
240 3857 315 3909 erant
336 3860 381 3929 qui
403 3859 436 3910 arl
455 3861 547 3912 Lxxx
563 3860 645 3933 pedes
690 3877 746 3911 esse
757 3858 901 3930 frigidioris
911 3853 1188 3927 sanguinisrpruden-

151 3935 389 4006 apudBritanuiam
399 3940 646 4007 tumescentes,bre·
689 3950 742 4004 tes,
759 3935 909 3989 calidioris:
928 3934 999 3986 unde
1011 3946 1037 3985 et
1051 3949 1143 3998 senes,
1159 3935 1189 3985 in

148 4031 194 4065 ves
207 4015 262 4066 alies
274 4018 376 4080 bieme,
392 4016 539 4090 brevesque
554 4032 645 4072 noctes
691 4017 787 4088 quibus
791 4018 846 4085 jam
854 4016 939 4086 friget,
946 4025 972 4065 et
977 4011 1085 4084 pueriin
1092 4011 1188 4080 quibus

150 4103 239 4148 astate
262 4095 421 4156 efficiebant.
442 4099 589 4174 opiniones
612 4097 645 4152 de
690 4093 1188 4165 necdumcaleuminussapiuntServ.
