2964 4690
353 407 405 471 su
429 401 818 470 cnonorconuu
843 403 937 469 nin.
963 407 989 470 1.
1132 411 1195 500 397

143 527 255 610 phoeos
267 541 390 590 montes
406 527 556 612 Scythiae3
580 525 633 586 hic
652 524 788 586 devexus
806 528 839 588 in
857 528 985 590 Austros
1001 531 1124 614 Libyae:
1144 532 1199 594 ille

141 631 253 678 vertex
265 617 354 678 nobis
364 627 486 700 semper
494 614 638 678 sublimis
650 630 712 689 est;
728 613 777 674 hic
790 613 849 674 sub
861 617 1008 698 pedibus,
1020 619 1081 680 sub
1091 623 1198 703 Styge,

142 707 206 764 sub
227 705 444 786 profunditate
466 704 683 788 infernorum:
706 704 766 762 ista
787 705 919 785 poetice.
938 711 1086 770 Breviter.-
1108 709 1199 792 polus

142 793 291 854 Arcticus
303 815 397 877 supra
411 793 604 856 horizontem
619 808 682 867 est,
695 793 893 854 Antarcticue
907 793 967 854 sub
978 794 1150 858 horizonte.

189 879 257 958 add.
273 883 424 966 Adjungit
437 905 520 946 nuuc
533 903 602 965 quae
619 884 724 942 insunt
737 883 861 962 utrique
872 880 965 962 polo,
984 885 1026 943 ita
1043 898 1147 946 tamen
1163 899 1201 948 ut

144 966 308 1030 dilabatur
327 971 366 1030 ad
383 991 434 1048 ea,
454 991 524 1052 quoe
544 973 653 1030 insunt
664 968 842 1051 generalius
858 968 947 1030 alteri
961 969 1200 1055 hemispbaeri03

143 1054 201 1117 hic
213 1059 244 1118 in
257 1059 331 1142 polo
341 1063 466 1122 Arctico
477 1062 589 1142 anguis
600 1081 633 1120 se
644 1061 726 1119 inter
736 1060 857 1134 Arctos,
868 1079 968 1136 ursae,
977 1060 1055 1122 duas
1063 1065 1201 1123 circum-

143 1143 261 1224 volvit,
281 1149 380 1210 instar
394 1149 551 1228 fluminis,
571 1169 642 1231 quae
658 1167 738 1208 ursae
752 1148 880 1208 Oceano
894 1168 1059 1229 uunquam
1073 1151 1201 1230 tingun-

144 1324 199 1364 tur.
213 1315 283 1366 Serv.
300 1345 336 1356 -
349 1317 444 1387 lybiae.
461 1316 543 1389 Apud
558 1335 651 1372 recen·
697 1333 758 1370 eum
781 1317 893 1388 poetice
919 1315 1033 1368 licentioe
1058 1317 1202 1370 inseruisse

143 1391 229 1444 tiores
241 1394 348 1448 Grecos
362 1415 460 1450 nomen
472 1399 584 1450 Africae:
595 1396 652 1450 brec
696 1395 906 1468 philosophiam.
921 1397 992 1448 Seru.
1010 1395 1140 1449 -Illum
1156 1397 1202 1449 sub

145 1470 183 1522 ad
196 1472 302 1542 Nilum,
315 1475 362 1528 ubi
374 1476 523 1530 latisssdinis
533 1479 557 1530 ei
569 1479 651 1530 maxi·
694 1475 815 1548 pedibus,
831 1495 972 1548 perperam
992 1478 1202 1548 interpretentur

145 1569 266 1623 unapars
279 1554 371 1620 adest,
385 1556 494 1627 paulum
507 1557 577 1610 ultra
592 1577 652 1610 can·
696 1557 806 1610 norhb:
822 1557 866 1609 cui
882 1557 1097 1626 interpretationi
1117 1574 1202 1628 oppo-

145 1633 187 1682 cri
195 1637 330 1705 tropicum
340 1638 498 1710 porrigituu
512 1636 607 1690 etiode
618 1635 653 1689 ad
698 1637 760 1688 sitio
770 1648 799 1688 at
810 1636 887 1689 illum
898 1648 1037 1708 repugnat.
1048 1635 1203 1688 hladrideu·

145 1710 270 1766 Herculis
293 1716 392 1769 fretum
415 1735 501 1788 usque
527 1716 650 1770 flectitur.
697 1719 733 1768 sis
748 1717 850 1770 codicis
864 1720 980 1788 scriptor
991 1716 1051 1768 loco
1064 1716 1148 1784 videt,
1167 1727 1204 1770 te-

149 1791 183 1844 V.
197 1795 228 1844 G.
698 1807 743 1847 stet
754 1795 871 1848 admisit.
886 1797 913 1850 V
913 1836 917 1845 .
936 1797 968 1848 G.

185 1871 245 1938 ada.
256 1873 307 1926 Hic
320 1885 404 1928 uertex
419 1877 490 1930 nobis
500 1895 601 1950 semper
610 1895 652 1930 su·
735 1877 794 1944 244.
814 1876 947 1930 Maximus
961 1877 1060 1950 anquis.
1075 1877 1124 1930 Vel
1140 1879 1204 1948 quia

146 1948 239 2004 blims's.
255 1952 286 2005 ld
302 1969 358 2023 est,
374 1955 431 2008 hec
447 1973 511 2028 pars
525 1956 619 2009 rnundi
636 1975 652 2010 u
697 1957 755 2027 ipse
768 1957 869 2008 ceteris
882 1968 921 2008 est
934 1957 1033 2026 major,
1042 1956 1083 2008 vel
1095 1959 1158 2028 quia
1168 1956 1204 2010 ad

146 2030 227 2082 nobis
239 2050 345 2105 sernper
363 2034 478 2087 videtur.
496 2034 589 2088 Polum
606 2035 653 2088 de-
697 2033 850 2107 Soytbiam,
862 2035 904 2087 vel
915 2037 979 2107 quia
990 2037 1061 2088 inter
1070 2035 1137 2088 duas
1147 2055 1204 2090 arc·

147 2113 235 2184 signat
248 2116 388 2166 arcticum.
401 2114 479 2168 Polus
488 2115 542 2168 boc
551 2118 578 2168 in
590 2116 652 2168 loco
699 2127 749 2167 toa.
765 2114 834 2169 Sane
845 2115 918 2168 hunc
931 2114 1077 2168 draconem
1092 2115 1204 2187 quidam

146 2205 188 2244 est
198 2195 253 2246 axis
264 2213 325 2265 pers
335 2208 462 2248 extrema.
469 2194 506 2247 At
514 2194 590 2248 illum
601 2197 653 2248 Sub
698 2197 833 2261 occisum,
851 2209 877 2248 et
890 2197 960 2248 inter
973 2193 1062 2247 sidere
1078 2196 1203 2248 conloca·

144 2271 252 2342 pedibus
272 2274 337 2344 Styx
360 2285 417 2326 utra
441 2275 517 2326 uidet.
541 2273 572 2325 ld
596 2287 652 2340 est,
698 2287 785 2327 tuma
800 2275 922 2326 Minerva
937 2274 1047 2326 dicunt:
1066 2275 1112 2326 alii
1130 2275 1204 2328 bunc

18 2363 20 2392 l
131 2371 224 2410 ,axam
237 2355 652 2424 Notirum,idest,dustrelem,
699 2353 997 2425 esse,quemllerculos
1007 2354 1203 2407 custodientem

149 2434 196 2503 qui
208 2451 222 2484 a
236 2434 314 2486 nobis
328 2453 466 2506 nunquam
481 2435 603 2487 videtur:
620 2436 653 2488 si·
698 2433 769 2486 mela
779 2430 1204 2504 auresllesperidunsoccidit.-

149 2524 195 2563 cut
204 2514 315 2580 floreos,
326 2514 355 2566 id
363 2529 417 2579 est,
428 2515 653 2586 septemtrionalis
698 2514 759 2566 llic.
770 2515 820 2564 Pro
834 2511 898 2566 illic.
908 2513 979 2564 Serv.

150 2594 376 2666 sempervidetur.
385 2595 418 2648 Et
426 2598 496 2650 sicut
504 2598 584 2648 varie
595 2595 654 2668 phi·
735 2591 794 2659 ²l⁵=
806 2592 922 2656 Circum,
931 2609 1028 2664 perque
1034 2591 1107 2644 duas.
1116 2593 1148 2645 Et
1156 2595 1205 2646 eir·

148 2671 325 2746 losophorum
335 2679 476 2750 opiniones
486 2692 564 2730 suut:
577 2679 615 2732 ita
626 2691 653 2731 et
698 2674 833 2726 eumenim
843 2685 977 2746 estetpers
985 2691 1046 2725 nam
1052 2687 1205 2746 pervitam·

149 2753 193 2808 bic
201 2759 274 2810 varie
282 2757 409 2829 loquitur.
423 2759 491 2811 Nam
505 2758 549 2812 olii
559 2759 653 2812 dicunt
699 2771 751 2824 que
761 2753 871 2818 labitur,
881 2752 967 2818 idest,
978 2753 1047 2806 inter
1057 2752 1139 2818 duss3
1150 2774 1204 2808 me·

149 2853 166 2888 s
178 2835 256 2890 uobis
267 2836 457 2892 abscedentem
469 2839 557 2894 Solem
569 2841 607 2893 ire
618 2838 653 2893 sd
695 2837 782 2906 jerem
803 2833 891 2886 cauda
907 2846 1035 2905 tangens,
1052 2833 1112 2887 alvo
1131 2855 1204 2888 com·

151 2915 300 2988 antipodas.
315 2919 369 2972 atii
387 2933 500 2992 negant,
518 2934 544 2972 et
558 2920 653 2974 volunt
698 2913 818 2986 plectens
835 2915 976 2966 minorem.
995 2943 1032 2954 —
1051 2914 1085 2966 In
1106 2932 1205 2968 morem

149 2993 203 3045 illic
215 2995 339 3048 tenebras
352 3015 409 3050 esse
421 3012 574 3071 perpetuas.
584 3002 653 3053 Mire
690 2993 815 3070 flumin&
832 2992 930 3046 ΛΕΜ·
953 2991 1086 3045 Ηθθὶθᾶΰδ
1102 3014 1205 3064 ww

152 3085 240 3126 autent
259 3077 296 3128 ait
313 3077 393 3147 Styx,
411 3079 488 3149 quasi
506 3078 540 3131 de
558 3081 651 3132 inferis
697 3071 767 3143 p‘s'srrs
782 3069 1204 3138 deusde.1d.-nmpste'v.cice-

152 3153 215 3224 Styx
229 3163 287 3206 aaa
301 3155 378 3220 uidet,
396 3175 533 3230 manesque
542 3159 653 3230 profun-
698 3171 746 3205 ro:
758 3151 848 3208 Veluti
859 3152 950 3225 rapido
966 3169 1026 3204 cum
1040 3153 1204 3229 perpiteflu·

152 3232 192 3298 dt,
200 3245 230 3286 ut
239 3233 392 3288 ostenderet
402 3235 469 3288 illud
477 3236 551 3308 quod
560 3235 653 3290 dicunt
700 3252 768 3284 men·

153 3311 325 3386 philosophi,
342 3314 497 3368 recedentes
516 3313 578 3368 binc
596 3320 653 3370 ani-
736 3313 796 3380 246.
821 3311 918 3364 Oceani
939 3321 1079 3364 metuentes
1102 3329 1205 3385 aequore

153 3410 207 3444 mas
226 3405 254 3445 et
271 3392 326 3446 illie
345 3393 398 3446 alia
417 3413 534 3468 corpora
554 3397 652 3450 sortiri.
699 3393 793 3466 tinprsi.
809 3393 867 3444 lloc
883 3391 997 3444 refertur
1008 3391 1045 3444 ad
1061 3393 1201 3448 lnbulamt

154 3471 229 3524 Unde
245 3485 273 3524 et
286 3472 411 3526 Lucanus
426 3477 480 3528 sit:
495 3476 571 3548 liepit
587 3474 654 3527 idem
699 3489 762 3524 nem
772 3471 812 3523 har
819 3470 879 3523 dure
886 3469 1116 3542 pelliceslunonis
1122 3476 1203 3528 tuisse

153 3555 254 3626 spiritus
265 3564 335 3606 artus
348 3553 413 3608 Orbe
425 3555 487 3608 alio.
494 3555 576 3624 Quod
585 3559 654 3610 veri-
699 3552 840 3606 dicuntur:
857 3571 924 3623 quas
940 3567 1085 3625 postquam
1097 3555 1204 3628 Jupiter

153 3633 237 3686 simile
249 3646 305 3700 est,
323 3635 388 3705 quia
401 3633 528 3688 dicuntur
544 3639 654 3704 suisne,
699 3637 727 3690 iu
739 3635 856 3690 siderum
867 3635 957 3688 retulit
964 3654 1121 3706 numerum,
1130 3641 1202 3692 June

155 3725 197 3764 aut
209 3713 279 3784 igni,
292 3727 339 3766 aut
349 3727 447 3781 vento,
457 3728 504 3768 aut
512 3734 583 3787 aque
593 3735 655 3788 pur·
699 3719 803 3791 rogavit
811 3713 917 3789 Tethyn
926 3735 1003 3770 suam
1013 3721 1159 3787 nutricem,
1168 3739 1202 3774 ne

154 3794 223 3864 gari:
234 3791 307 3864 quod
315 3790 579 3865 utfiotnecesseest,
590 3795 655 3848 dunt
699 3816 819 3869 unquam
837 3813 882 3850 eut
904 3809 1040 3868 pateretur
1056 3799 1200 3854 occidere:

155 3886 197 3924 aut
204 3891 252 3944 per
260 3873 370 3946 frigidus
382 3874 485 3947 plagas,
493 3889 540 3928 aut
549 3877 654 3948 igneam
699 3877 771 3932 unde
784 3895 855 3929 nunc
865 3875 1090 3944 metuentesdixit,
1100 3878 1203 3934 scilicet

156 3964 298 4006 transeunt.
312 3953 345 4005 Et
361 3953 424 4007 licet
438 3955 483 4008 alii
495 3953 547 4008 boc
561 3975 578 4008 a
593 3957 654 4007 Vin·
698 3957 829 4010 nutricem
836 3955 958 4008 lunonis.
969 3957 1035 4010 Sunt
1045 3969 1134 4010 autem
1145 3957 1201 4026 he,
1214 3953 1216 3960 ¹

156 4030 216 4102 pilio
234 4031 335 4086 dictum
353 4053 403 4106 per
423 4037 557 4107 poeticam
573 4035 654 4088 licen·
699 4036 804 4102 llelice,
816 4035 1203 4112 etCynosurasdellelsceLps

158 4111 325 4178 tismvelin13
343 4127 433 4172 tamen
449 4115 653 4184 retenduntur,
699 4117 791 4172 cannis
800 4115 870 4186 lilia,
881 4129 970 4172 emata
979 4117 1083 4185 alere,
1092 4129 1119 4169 et
1131 4119 1202 4174 alu·
