2964 4690
272 521 277 538 ἢ
306 431 370 498 356
637 426 1021 494 COMMENTARIA

303 571 338 616 tu
348 555 408 614 ho'c
417 554 538 634 cupias3
550 553 691 632 quamvis
700 551 817 614 Graecia
827 553 946 634 Elysios
954 574 1080 636 campos
1089 557 1234 630 miretur,
1245 577 1371 637 quam·

303 647 349 704 vis
362 643 548 723 Proserpina
560 637 691 702 infernis
706 641 785 704 locis
798 642 956 724 permulsa
970 645 1052 705 nolit
1066 658 1198 705 matrem
1210 645 1369 706 Cererem

303 805 351 870 sit,
367 823 425 878 quae
443 803 506 856 olim
520 802 592 875 apud
608 803 804 860 Graecamhaec
849 825 970 879 preceps
995 819 1113 875 tantum,
1140 807 1280 879 tenditque
1304 805 1365 858 sub

303 889 456 951 euim,tum
469 885 580 936 scientia
591 883 624 936 de
636 883 727 936 mundi
740 884 806 958 ligu·
851 887 978 954 umbras,
1006 887 1128 955 Quantus
1156 885 1190 940 ad
1215 887 1366 940 aetherium

304 985 348 1032 ra,
363 979 417 1018 tum
435 983 538 1016 morum
557 982 699 1036 progressu
711 966 806 1036 paula·
851 967 908 1019 caeli
934 982 1073 1040 suspectus
1097 969 1249 1041 Olympum.
1265 993 1277 1014 ι
1303 967 1365 1019 Cui

304 1046 806 1100 timimmutataest.llincmultavnna
851 1047 1031 1118 profunditati
1062 1050 1177 1120 spatium
1207 1047 1365 1117 excogitari

304 1142 330 1184 et
340 1146 452 1182 erronea
462 1125 577 1180 eruditio
591 1146 607 1178 a
618 1125 705 1178 doctis
716 1145 806 1179 oumu·
851 1145 906 1178 non
921 1139 1024 1198 potest,
1038 1129 1089 1179 nisi
1101 1143 1286 1198 supponamus
1294 1127 1364 1176 Vir-

303 1210 359 1264 ltta
369 1221 420 1271 est;
434 1209 579 1279 presertim
592 1207 619 1258 in
633 1204 808 1276 disceptatio·
851 1205 943 1276 gilium
953 1224 1120 1259 communem
1131 1208 1285 1278 opinionem
1295 1221 1363 1257 esse

304 1290 384 1343 nibus
396 1288 430 1340 de
442 1298 514 1340 sexto
526 1285 652 1338 AEneidos
664 1286 744 1338 libro.
756 1287 808 1338 llo·
854 1298 988 1344 secutum,
1001 1286 1103 1336 scilicet
1117 1299 1213 1338 terram
1227 1301 1284 1338 esse
1297 1283 1365 1354 pla-

304 1387 407 1432 merus‚
433 1381 459 1420 et
480 1380 566 1438 poeta·
590 1367 636 1436 qui
655 1367 809 1418 immediate
854 1383 917 1416 nam
930 1382 961 1415 ac
972 1364 1130 1430 rotundam,
1143 1364 1217 1418 diseo
1228 1363 1363 1425 similem

305 1464 368 1524 post
376 1468 436 1501 eum
447 1449 579 1510 vixerunt,
590 1464 700 1516 regnum
711 1444 809 1510 Hades,
855 1443 947 1494 celum
961 1457 1048 1495 autem
1060 1462 1142 1514 supra
1156 1462 1316 1508 convexum,
1333 1455 1365 1494 et

304 1527 394 1592 Aidis,
413 1527 548 1588 Plutonis,
571 1524 649 1589 Orci,
671 1525 699 1576 iu
720 1524 808 1577 media
855 1523 882 1574 in
891 1524 947 1591 ejus
956 1525 1054 1574 vertice
1063 1522 1174 1575 deorum
1184 1523 1363 1588 assesedem,

247 1593 253 1606 ¹
283 1651 286 1658 ,
305 1608 397 1662 locant
408 1619 493 1666 terra;
508 1605 599 1674 ibique
610 1622 707 1675 pravos
719 1624 750 1656 nc
761 1603 809 1657 bo·
854 1606 898 1656 cui
910 1623 1007 1656 nomen
1019 1603 1157 1676 Olympus.
1171 1605 1202 1660 V.
1218 1606 1248 1657 G.

305 1708 354 1742 nor
374 1688 525 1760 prorniscue
545 1703 602 1737 esse
622 1697 759 1751 asserunt,
779 1697 808 1736 ut
890 1681 1105 1756 39.Necrepetita
1113 1683 1362 1756 requireretcores

306 1764 579 1840 apudnoshomines,
590 1765 707 1834 exceptis
718 1774 808 1816 tamen
855 1781 936 1834 quum
949 1777 1053 1834 raptam
1069 1782 1084 1814 a
1095 1765 1207 1816 Plutone
1220 1767 1363 1834 Proserpi·

260 1835 263 1838 ¹
306 1848 448 1920 perpaucis
469 1846 514 1915 qui
532 1842 582 1896 diis
599 1843 696 1894 infensi
716 1862 808 1914 porum
853 1861 915 1895 nam
927 1842 1008 1894 liliam
1021 1843 1068 1895 diu
1079 1843 1362 1916 quaesisset:tandem

308 1928 380 1980 dent.
404 1925 489 1976 lidem
511 1923 624 1988 docent,
647 1923 809 1994 Tartarum,
854 1921 1000 1994 aliquando
1017 1941 1075 1976 eam
1093 1941 1151 1976 esse
1169 1924 1241 1994 apud
1254 1925 1359 1976 inferos

306 2009 432 2059 Titanum
457 2023 607 2066 carcerem,
633 2016 737 2056 tautum
759 2004 809 2056 suli
855 2003 1066 2073 comperit:pro
1080 2021 1133 2074 qua
1147 2023 1175 2056 re
1187 2022 1268 2074 quum
1281 2005 1361 2058 lovis

308 2097 380 2138 terra
394 2083 587 2156 profunditatis
600 2081 714 2148 habere,
728 2101 810 2153 quan·
856 2082 1026 2154 implorasset
1038 2083 1178 2146 auxilinm
1191 2083 1236 2136 ille
1249 2101 1363 2157 respou-

309 2179 365 2218 tum
388 2164 481 2218 calum
501 2181 583 2234 supra
608 2174 706 2214 terrain
728 2161 811 2215 habet
856 2160 895 2212 dit
905 2180 984 2233 posse
995 2181 1054 2215 eam
1067 2165 1180 2230 reverti,
1195 2165 1217 2216 si
1233 2163 1271 2216 nil
1284 2165 1362 2237 apud

309 2245 465 2300 altitudinis.
490 2243 607 2316 Elysium
630 2256 726 2295 contra
753 2259 810 2296 esse
856 2242 1362 2316 inferosgustavisset.lllaautemjam

308 2325 423 2381 insulam
436 2329 462 2378 in
473 2324 583 2378 Oceano
594 2335 690 2376 terram
703 2325 812 2396 cingen-
857 2323 949 2374 Punici
962 2321 1025 2374 mali
1036 2323 1062 2373 iu
1077 2323 1165 2395 Elysio
1177 2341 1261 2396 praua
1270 2337 1364 2396 gusta-

309 2421 348 2470 te;
367 2406 410 2459 vel
429 2407 519 2479 potius
541 2417 665 2456 constare
689 2403 811 2476 pluribus
856 2413 946 2452 verat:
960 2419 1041 2471 quarn
1055 2420 1109 2452 rem
1121 2402 1289 2474 Ascalaphus
1301 2401 1362 2476 Sty-

309 2487 417 2552 insulis,
430 2487 476 2538 ubi
490 2485 599 2555 quidam
610 2498 727 2549 tantum,
739 2487 812 2555 iique
856 2483 895 2552 qis
903 2480 973 2534 lilius
981 2479 1194 2552 prodidit.Unde
1201 2486 1363 2554 Proserpina

309 2568 383 2618 Jovis
397 2565 547 2617 amicissimi
558 2563 812 2629 habitent,imrnor·
857 2561 892 2614 ad
913 2581 1024 2634 superos
1048 2582 1166 2616 remeate
1184 2583 1239 2616 non
1261 2567 1360 2635 potuit.

310 2645 439 2697 talitatem
453 2641 597 2694 consecuti.
616 2643 650 2692 At
666 2654 810 2712 postquam
856 2641 925 2694 llinc
943 2644 979 2694 ait
995 2643 1132 2704 Lucanus,
1149 2643 1196 2696 lib.
1219 2643 1267 2708 Vl,
1289 2644 1360 2715 740:

310 2719 497 2796 philosophia,
515 2717 658 2772 audaciore
675 2723 813 2790 conjectu·
859 2721 923 2790 Quoe
946 2731 969 2771 te
992 2719 1126 2773 detineant
1148 2721 1253 2774 AEtnoeo
1271 2722 1360 2794 dapes.

310 2813 530 2868 ra,terramesse
543 2797 672 2869 spheram
686 2800 811 2852 invacuo
857 2800 944 2867 Quam
965 2803 1151 2854 necessitatem
1170 2801 1250 2854 modo
1271 2803 1361 2874 Virgi-

312 2892 449 2936 natantem
459 2893 485 2932 et
493 2878 616 2931 libratam
626 2879 811 2946 intellexisset,
857 2879 908 2932 lius
926 2881 1090 2951 Proserpinae
1109 2879 1201 2933 tribuit
1218 2881 1359 2934 voluntati.

313 2976 393 3033 etque
407 2957 590 3031 prevaluisset
601 2960 694 3030 opinio
705 2957 738 3012 de
751 2973 812 3033 post
858 2955 926 3010 Sane
936 2957 1016 3011 Ceres
1026 2979 1042 3012 a
1050 2960 1116 3012 Jove
1127 2974 1221 3032 postea
1231 2963 1360 3014 meruisse

312 3055 425 3095 mortem
448 3040 681 3104 remuneratione,
704 3042 812 3094 evanuit
858 3036 970 3106 dicitur,
994 3051 1024 3089 ut
1044 3039 1204 3111 Proserpina
1225 3058 1268 3092 sex
1291 3053 1362 3092 esset

314 3118 813 3192 antiquusilleTartarus.Tuncinfer·
859 3136 920 3169 curn
941 3130 1024 3170 matre
1049 3119 1205 3184 mensibus,
1229 3137 1274 3171 sex
1297 3139 1360 3172 cum

312 3200 374 3256 nale
387 3217 496 3273 regnum
510 3200 537 3251 in
548 3211 632 3264 terra,
643 3211 669 3251 et
679 3217 694 3251 a
705 3199 815 3270 quibus·
860 3199 973 3250 marito:
992 3197 1066 3269 quod
1084 3197 1146 3251 ideo
1158 3197 1279 3271 lingitur,
1297 3201 1361 3270 quia

314 3283 377 3337 dam
394 3283 421 3334 iu
436 3278 525 3332 media
541 3291 613 3332 terra
629 3291 771 3345 statutum,
789 3292 815 3332 et
860 3277 1020 3349 Proserpina
1030 3277 1088 3348 ipsa
1099 3289 1151 3344 est,
1165 3297 1223 3349 quse
1233 3292 1259 3331 et
1270 3280 1360 3346 Luna,

314 3366 342 3418 in
359 3361 475 3433 Elysium
492 3373 518 3411 et
533 3359 675 3412 Tartarum
691 3357 814 3410 divisum.
862 3375 919 3429 quse
931 3371 988 3408 toto
1001 3375 1071 3409 anno
1084 3374 1128 3409 sex
1143 3359 1278 3412 mensibus
1291 3377 1363 3412 eres-

315 3443 429 3514 (Georq.
443 3439 467 3502 l,
479 3457 504 3489 v.
518 3439 597 3509 243.)
610 3438 668 3491 lllic
680 3457 696 3490 a
709 3437 815 3504 dextra,
860 3437 911 3501 eit,
924 3454 968 3490 sex
981 3433 1081 3500 delicit,
1095 3437 1196 3490 scilieet
1211 3457 1260 3509 per
1271 3441 1362 3510 sinqu-

315 3517 475 3572 nobilissimi
488 3519 588 3587 quique
600 3519 697 3569 virtute
709 3520 817 3589 etiuge·
861 3517 902 3570 los
921 3535 1024 3569 menses
1044 3517 1187 3589 quindenis
1203 3519 1311 3582 diebus;
1330 3534 1361 3572 ut

315 3601 362 3672 pio
388 3596 524 3668 regionem
551 3595 644 3648 colunt
668 3597 816 3650 emoenissi-
862 3614 984 3649 crescens
1002 3595 1075 3668 apud
1092 3615 1217 3670 superos,
1236 3597 1360 3652 deficiens

316 3694 402 3739 mam,
420 3690 500 3744 quam
513 3675 591 3726 vestit
604 3693 650 3725 aer
664 3693 760 3744 purus,
771 3694 817 3729 as·
863 3675 935 3748 apud
953 3679 1053 3730 inferos
1072 3696 1128 3731 esse
1146 3679 1287 3732 vittantur:
1306 3681 1362 3732 Nee

317 3771 411 3824 traque
424 3750 565 3824 splendida
578 3752 746 3805 illuminant:
760 3775 818 3809 sce·
861 3757 932 3829 sequi
942 3769 1013 3810 curet
1024 3759 1176 3831 Proserpina
1191 3771 1312 3825 matrem,
1325 3759 1360 3812 ad

316 3835 394 3890 lereti
404 3849 468 3883 vero
481 3833 507 3883 in
520 3835 623 3904 gurgite
633 3823 816 3903 includuntur,
863 3835 1065 3891 admirationem
1084 3839 1233 3911 Elysiorum
1253 3841 1360 3911 posuit,

317 3933 397 3990 quem
414 3908 583 3962 circumdant
605 3911 701 3983 triplex
721 3933 818 3984 nurus,
865 3917 938 3989 quod
952 3921 1028 3970 metri
1045 3919 1147 3991 praelati
1161 3935 1231 3974 sunt.
1243 3921 1313 3973 Seru.
1325 3949 1359 3959 -

319 3989 819 4070 igniferl'hlegetometastuansrlclte·
863 3997 936 4048 ldem
960 3999 1083 4049 Lucanus
1107 3998 1167 4052 loeo
1187 4001 1269 4053 citato
1287 3998 1360 4052 addit

319 4096 378 4132 ton.
391 4069 516 4143 Virgilius
524 4071 551 4123 in
561 4071 619 4123 AEn.
631 4072 677 4124 lib.
690 4075 738 4139 Vl,
749 4073 815 4145 577:
863 4075 940 4145 plura
953 4073 986 4128 de
999 4074 1105 4140 eadem;
1119 4091 1146 4131 et
1158 4077 1236 4146 olibi,
1249 4077 1296 4130 lib.
1311 4079 1346 4129 Vl
1351 4113 1360 4142 ,

321 4182 333 4205 a
342 4156 411 4208 Tum
421 4151 551 4204 Tartarus
565 4153 622 4224 ipse
639 4153 682 4204 llis
697 4166 773 4224 patet
789 4156 816 4206 in
862 4155 928 4224 699:
938 4154 1035 4208 &lum
1043 4169 1296 4232 matrumqueperota
1303 4159 1362 4212 Per·
