2986 4694
271 323 331 404 ,aa
497 319 805 386 raooanrutt
828 319 879 382 ru
903 319 1079 386 cortu.

265 459 409 522 exercet,
425 440 607 530 intelligere
619 462 755 506 necesse
767 456 831 521 est,
844 439 903 506 sed
914 441 1107 532 simpliciter
1116 439 1311 520 mulierem,

265 571 340 637 quar
354 548 386 612 in
401 571 550 636 caupona
563 547 617 613 vel
631 547 766 613 taberna
779 562 885 613 artem
902 564 1042 614 exercet.
1060 549 1119 614 Est
1132 547 1221 612 enim
1234 544 1270 610 h.
1286 545 1309 611 l.

265 655 472 735 crotalistria,
485 654 520 719 h.
532 677 561 720 e.
577 637 720 721 saltatrix
734 677 811 720 com
825 655 970 736 crotalis,
988 679 1007 722 e
1023 672 1121 746 gente
1135 655 1310 746 Syrorum

264 760 359 850 cujus
375 763 504 850 generis
523 763 668 841 feminae,
686 759 844 841 tibicinae,
863 761 1067 827 citharistrias
1080 762 1132 827 vel
1150 759 1310 841 fidicine,

266 869 300 932 in
316 866 367 934 his
382 867 525 933 tabernis
542 867 657 932 haberi
672 866 832 933 solebant.
848 870 942 934 Notae
956 867 1021 934 illae
1038 865 1310 934 Ambubaiarum

266 976 401 1041 nomine
415 992 492 1041 sunt
504 999 543 1042 ex
558 975 696 1042 Horatio
708 991 742 1040 et
754 975 923 1040 Suetonio.
942 979 1012 1042 Nec
1024 998 1105 1044 vero
1118 999 1196 1042 cum
1208 975 1311 1042 Scali-

265 1103 345 1170 gero
356 1080 397 1148 de
407 1082 516 1150 vetula
525 1080 752 1172 cogitandum,
766 1082 843 1172 quia
852 1082 982 1148 mitrata
993 1104 1065 1147 esse
1076 1098 1226 1148 narratur
1234 1105 1265 1146 v.
1283 1104 1310 1162 r,

266 1210 371 1278 quum
383 1189 481 1254 etiam
489 1189 615 1279 puellas
625 1204 658 1254 et
660 1187 856 1279 juvenculas
865 1188 1142 1266 mitra,seufascia
1150 1211 1188 1253 ac
1200 1185 1314 1252 diade·

266 1310 363 1374 mate,
375 1293 543 1360 interdum
552 1317 629 1361 cum
638 1294 788 1375 reticulo,
800 1293 1074 1384 comprehensam
1084 1310 1118 1360 et
1127 1294 1310 1360 involutam

265 1422 395 1466 comam
408 1399 563 1466 habuisse
577 1399 653 1466 satis
668 1415 807 1465 constet.

308 1509 450 1573 Carmen
471 1505 610 1594 Virgilio
633 1505 733 1594 vulgo
756 1503 908 1570 tribuunt
928 1503 1076 1586 codices,
1100 1506 1159 1596 qui
1180 1505 1311 1571 minora

265 1613 431 1704 poematia
444 1611 629 1691 continent,
648 1612 746 1676 edam
760 1610 1000 1677 Grammaticus
1015 1611 1056 1691 is,
1075 1613 1133 1701 qui
1147 1611 1260 1678 Servio
1275 1611 1311 1676 in

265 1721 376 1785 fronte
394 1716 538 1782 AEneidis
555 1739 632 1782 auos
651 1717 787 1783 attexuit
799 1737 943 1806 pannos,
960 1733 1031 1782 tum
1050 1717 1181 1806 gravior
1193 1717 1313 1783 ceteris

267 1840 383 1890 auctor
389 1823 555 1914 Sosipater
562 1823 714 1903 Carisius,
726 1823 741 1887 l
752 1821 857 1888 lnstit.
870 1821 1013 1887 Gramm.
1025 1845 1098 1912 pag.
1111 1825 1151 1914 47
1162 1821 1313 1905 Putsch.,

267 1929 344 1998 ubi:
359 1952 459 2015 cupo,
472 1933 619 2017 cuponis,
633 1929 754 2020 inquit,
770 1945 806 1995 ut
809 1929 909 2015 fillo,
911 1928 1068 2016 fitllonir,
1080 1933 1229 2020 quamvis
1244 1927 1316 1996 Vir-

262 2036 363 2126 gilius
376 2033 494 2101 libmm
509 2059 602 2103 suum
619 2035 749 2123 Cuporn
764 2037 969 2122 inscripserat.
986 2035 1114 2101 Vereor
1127 2052 1252 2114 tamen,
1269 2057 1315 2100 ne

265 2141 332 2208 hoc
344 2141 453 2232 ipsum
466 2143 596 2209 serioris
609 2140 854 2232 interpolatoris
862 2139 1027 2232 judicium
1039 2143 1094 2220 sit,
1109 2163 1129 2206 a
1142 2164 1178 2205 re
1193 2139 1227 2206 et
1237 2140 1314 2206 loco

267 2248 344 2315 satis
366 2249 520 2315 alienum.
545 2250 700 2316 Prisciani
725 2248 767 2313 ab
790 2248 861 2314 aliis
886 2249 1114 2314 auctoritatem
1137 2269 1314 2338 perperam

266 2353 409 2435 laudari,
422 2357 629 2423 Burmannus
640 2354 753 2421 docuit
764 2354 787 2419 l.
797 2378 826 2420 c.
837 2357 952 2445 Nuper
961 2353 1094 2420 doctiss.
1104 2355 1168 2434 vir,
1179 2356 1317 2422 Werns-

269 2459 359 2538 dori,
375 2460 440 2527 hoc
457 2463 566 2552 ipsum
583 2485 715 2529 carmen
733 2461 865 2550 repetiit
881 2459 915 2524 in
931 2461 1021 2526 Poet.
1035 2461 1154 2525 minor.
1167 2461 1208 2524 Τ.
1225 2461 1257 2523 ll
1270 2457 1314 2524 ad

268 2567 392 2632 calcem
406 2565 558 2653 Septimii
568 2564 685 2633 Sereni
697 2567 972 2654 fragmentorum,
988 2589 1088 2656 quern
1099 2565 1199 2657 hujus
1211 2565 1316 2654 ipsius

268 2671 421 2736 carminis
437 2689 605 2739 auctorem
623 2693 694 2736 esse
711 2673 812 2737 malit.
830 2668 959 2736 Adeant
978 2694 1069 2752 eum,
1090 2672 1148 2763 qui
1163 2671 1258 2762 plura
1272 2669 1315 2736 ad

268 2775 460 2842 illustranda
474 2777 574 2844 verba
588 2777 742 2843 carminis
756 2775 956 2843 desiderant.
1228 2857 1231 2862 Ι

314 2883 468 2946 Ceterum
483 2883 567 2972 elegi
584 2882 620 2948 hi
637 2905 704 2948 non
720 2881 821 2948 modo
838 2883 996 2950 orationis
1010 2883 1167 2948 llomanae
1185 2883 1314 2972 elegan-

269 2989 327 3069 tia,
341 2987 400 3054 sed
414 2990 512 3055 etiam
522 3005 594 3054 toto
606 2989 759 3054 carminis
771 2986 885 3054 habitu
899 2989 1072 3080 cultuque,
1086 3013 1154 3054 non
1164 2989 1316 3079 vulgares

270 3111 361 3176 sunt,
375 3118 437 3162 nec
451 3094 688 3162 contemnendi
702 3112 810 3185 poetae
824 3095 926 3162 lusus.
940 3077 1009 3162 arsi
1025 3096 1127 3175 enim,
1141 3095 1266 3186 majore
1276 3117 1317 3161 ex

270 3220 377 3292 parte,
392 3225 505 3268 earum
515 3225 640 3282 rerum,
655 3197 729 3293 quae
741 3199 784 3268 ad
798 3201 996 3268 hilaritatem
1010 3203 1149 3268 invitare
1160 3217 1315 3292 possunt,

272 3309 521 3375 enumeratione
535 3308 771 3376 absolvuntur:
783 3331 837 3374 res
851 3325 961 3374 tamen
974 3323 1051 3374 sunt
1058 3307 1226 3398 jucundae,
1236 3305 1318 3372 etad

270 3417 420 3480 animum
432 3438 634 3506 sensumque
649 3432 759 3505 gratae.
774 3413 984 3481 Auctumnali
996 3431 1108 3479 autem
1123 3413 1177 3480 die
1191 3413 1317 3480 institu-

269 3534 337 3585 tam
351 3524 631 3612 compotationem
645 3525 790 3614 cogitare
802 3545 937 3592 necesse
950 3540 1010 3590 est.
1025 3523 1075 3589 ef.
1089 3547 1121 3588 v.
1139 3548 1150 3590 r
1162 3547 1188 3589 ι.
