2998 4670
289 393 352 484 592
619 389 1002 456 contracturam

285 520 373 582 brevi
385 535 466 591 sevo,
479 525 583 574 tamen
599 513 791 575 immortales
806 527 879 575 sunt
894 513 1050 575 felicitatis
1067 533 1131 577 susc
1144 519 1330 596 eternitate,

286 625 417 668 avorum
430 603 634 684 perennitate.
647 601 730 662 Dicit
742 600 818 678 hoc,
830 603 903 684 quie
916 623 980 663 non
991 600 1136 684 subjectae
1149 618 1220 665 sunt
1230 604 1334 666 infeli·

286 697 376 760 citati
389 707 528 777 patrum,
548 705 584 752 ut
597 691 726 774 reliques
738 693 926 768 animantes,
946 692 1059 773 quibus
1070 714 1149 777 soepe
1164 693 1248 756 deest
1262 715 1333 778 pro·

285 783 345 862 les,
357 783 411 846 sed
423 780 541 842 hahent
553 801 674 863 semper
685 795 827 862 paratam
842 781 981 843 sobolem
994 783 1026 842 in
1040 783 1112 865 ipsis
1125 783 1266 844 floribus.

327 895 394 935 aro.
410 870 538 934 Cultum
553 891 649 953 apum
661 893 734 952 erga
747 873 863 953 Regem
875 893 983 948 suum,
996 873 1039 933 ait
1051 888 1197 954 praestare
1208 874 1334 954 religio-

286 966 334 1040 ni,
349 976 380 1024 et
393 960 601 1035 venerationi,
616 980 678 1041 qua
690 961 853 1041 AEgyptus,
866 958 978 1040 Lydia,
990 958 1112 1035 Parthi,
1125 960 1210 1022 Medi
1225 959 1334 1022 colunt

284 1054 400 1131 Regem
415 1050 594 1121 Persarum,
606 1049 656 1106 cui
667 1048 836 1128 provincius
845 1049 912 1108 istae
923 1045 1085 1130 parebant.
1095 1047 1228 1108 Adducit
1237 1049 1333 1108 ratio-

284 1159 375 1214 nem,
390 1137 465 1219 quia
480 1138 560 1217 Rege
575 1155 671 1216 apum
683 1133 853 1212 incolumi,
869 1137 933 1197 istas
945 1138 1126 1197 societatem
1139 1149 1281 1210 servant,
1302 1145 1334 1196 et

285 1226 461 1288 coalescunt
472 1227 504 1286 in
518 1245 615 1284 unam
626 1225 781 1286 civitatem
793 1246 800 1281 ε
814 1223 869 1285 illo
881 1225 1012 1301 amisso,
1025 1223 1114 1284 nulla
1124 1237 1169 1284 est
1179 1223 1271 1299 fides3
1284 1222 1332 1283 di-

284 1317 406 1398 ripiunt
417 1313 524 1386 mella;
538 1313 666 1373 solvunt
681 1310 781 1388 favos,
795 1325 938 1374 evertunt
952 1333 1039 1374 suam
1051 1312 1299 1395 Rempnhlicam.

325 1403 394 1466 215.
406 1400 553 1483 Explicat
560 1398 642 1481 jam,
656 1401 725 1482 quis
739 1398 791 1460 ille
804 1399 903 1461 cultus
915 1421 1012 1483 apum
1021 1420 1093 1481 erga
1104 1421 1196 1460 suum
1208 1403 1333 1480 Regem.

285 1493 364 1564 ller,
374 1489 493 1570 inquit,
502 1501 627 1550 tentum
637 1488 773 1549 custodit
783 1509 881 1572 opera
891 1489 1031 1564 illarum
1043 1503 1166 1549 tantum
1175 1486 1335 1571 proesidet,

285 1577 367 1640 nihil
391 1577 554 1640 laborans:
577 1576 640 1640 illoe
663 1599 737 1638 vero
759 1580 874 1660 Regem
896 1579 1106 1652 admirantum
1132 1579 1336 1639 circumstant

286 1689 359 1728 cum
372 1667 517 1740 fremitu;
537 1667 656 1748 stipant
671 1665 869 1747 frequentes,
888 1667 1039 1728 attollunt
1055 1666 1206 1738 humeris3
1226 1686 1258 1724 sc
1275 1683 1334 1745 pro

285 1757 343 1818 illo
356 1755 512 1836 objiciunt
523 1754 623 1830 bello,
641 1768 672 1814 et
684 1757 793 1832 morti,
813 1776 908 1838 quem
923 1757 1092 1838 gloriosam
1105 1753 1334 1838 pulchramque
1432 1781 1437 1794 ·

285 1858 414 1929 putant,
426 1845 500 1924 quia
510 1862 569 1924 pro
582 1844 672 1923 Rege.
685 1845 744 1903 Hic
756 1856 791 1903 tu
803 1846 985 1921 considera,
998 1867 1059 1926 qua
1069 1845 1230 1925 majestate
1239 1855 1335 1924 poeta

284 1935 446 2015 loquetur,
459 1945 489 1990 et
503 1930 586 1990 disce
598 1931 741 1991 attollere
753 1952 802 1991 res
816 1945 934 1992 tenues.
946 1935 1011 1993 Rex
1021 1932 1164 1994 tantillus
1175 1932 1335 1994 confertur

286 2043 357 2092 curn
372 2020 495 2101 magnis
509 2018 659 2098 Regibus;
679 2018 811 2078 tantillas
827 2021 956 2080 aviculoe
971 2042 1042 2080 cum
1057 2021 1185 2082 illorum
1201 2021 1335 2103 proceri·

284 2107 356 2170 bus.
371 2111 441 2168 Non
455 2105 507 2166 hic
522 2105 607 2166 deest
620 2107 783 2166 consensio
798 2107 903 2182 urbis,
914 2109 947 2167 in
957 2107 1090 2170 colendo
1101 2111 1224 2168 vivente
1238 2111 1334 2187 Rege,

286 2218 353 2259 non
363 2195 497 2270 eversio,
510 2192 566 2254 illo
577 2194 699 2256 amisso.
711 2194 795 2271 Quid
807 2195 862 2256 illa
874 2195 1062 2258 admiratio?
1070 2194 1232 2257 fremitus?
1240 2199 1335 2277 stipa·

287 2284 350 2348 tio?
360 2284 496 2345 sublatio
509 2285 542 2345 in
554 2282 716 2360 humeros,
732 2298 769 2344 ut
780 2283 858 2346 olim
870 2284 986 2346 milites
1000 2305 1073 2368 erga
1082 2287 1289 2368 Imperatores
1300 2286 1335 2344 in

289 2387 378 2436 scuto
392 2370 507 2434 elatos?
517 2370 602 2450 Quid
614 2371 743 2434 demum
754 2394 840 2435 mors
853 2377 922 2456 ipsa
936 2395 994 2458 pro
1008 2372 1125 2436 tuendo
1140 2370 1296 2456 principe?

325 2507 790 2582 211.Parthcmm.llisautemgen-
833 2509 961 2563 describit
979 2509 1053 2562 Curt.
1067 2509 1141 2574 vm,
1161 2505 1178 2582 5
1191 2527 1197 2556 =
1220 2505 1335 2575 tltaque

288 2587 374 2655 tibus,
389 2588 427 2639 sit
438 2585 594 2653 Sullustius,
607 2586 675 2640 adeo
688 2590 790 2660 ingeni·
837 2609 932 2643 «more
949 2591 1089 2643 Persarum
1105 2586 1269 2640 Macedonas
1288 2603 1336 2639 ve-

289 2681 316 2720 ta
324 2679 364 2720 est
371 2668 496 2718 sanctitas
504 2667 570 2737 regii
581 2669 710 2718 nominis:
721 2685 788 2739 quas
838 2669 1031 2722 enerabundos
1043 2664 1260 2740 ipsum'salutare
1271 2683 1336 2737 pro-

290 2760 382 2820 gentes
391 2757 480 2798 tamen
491 2762 554 2815 apes
564 2745 629 2796 dicit
639 2765 730 2798 amore
740 2749 791 2800 cir·
839 2769 850 2794 ι
860 2760 1007 2800 sternentes
1030 2745 1105 2798 humi
1128 2762 1252 2814 corpora.
1263 2766 1275 2790 ι
1300 2771 1337 2783 -

290 2845 322 2879 ca
336 2843 425 2896 regem
436 2841 563 2894 superare
573 2825 709 2895 Virgilius.
723 2825 791 2876 Phi·
834 2828 910 2880 Mens
919 2827 1036 2878 omnihus
1048 2844 1101 2876 unc
1110 2835 1154 2877 est.
1167 2823 1198 2875 ld
1209 2836 1263 2888 est,
1273 2841 1337 2876 con·

291 2906 355 2978 larg.
369 2933 403 2941 -
413 2900 546 2954 observat
560 2901 595 2953 ad
606 2901 696 2954 locum
710 2905 791 2955 istum
836 2905 978 2959 cordanter
995 2915 1141 2977 operantur
1153 2915 1179 2954 et
1193 2903 1293 2954 vivunt.
1307 2903 1334 2956 S.

290 2985 378 3037 Germ.
389 2980 501 3034 Parthos
509 2981 692 3051 superstitiose
701 2982 792 3034 admo·
872 2985 931 3038 215.
951 2982 1002 3036 tlte
1022 3002 1128 3056 opernm
1148 2993 1238 3036 custos.
1258 2983 1336 3034 Facit

292 3064 370 3129 dum,
378 3074 404 3116 et
414 3059 601 3115 venerabunde
609 3061 675 3132 Regi
683 3078 732 3113 sno
743 3061 792 3114 ob·
835 3060 916 3117 Poein
923 3061 1021 3136 Regem
1030 3081 1109 3135 apum
1116 3099 1124 3125 ,
1132 3073 1271 3114 vacantem
1280 3079 1337 3113 om·

293 3145 414 3216 sequium
438 3139 598 3213 impendisse
621 3140 719 3192 osculis
740 3159 790 3212 pe·
835 3148 863 3196 ni
873 3142 978 3208 labore,
988 3155 1090 3195 tantum
1099 3141 1237 3214 presidem
1248 3155 1336 3193 custo·

293 3224 378 3288 dum,
401 3234 429 3274 et
454 3219 543 3274 servili
566 3219 762 3291 supplicatione
782 3241 789 3270 =
836 3225 950 3296 demque
960 3225 1086 3296 agminis,
1098 3243 1129 3275 ac
1138 3221 1244 3296 vigilem
1254 3223 1335 3274 totius

293 3305 358 3376 quin
365 3321 426 3355 eum
434 3301 532 3354 ndiiurl
541 3313 639 3352 terram
649 3317 696 3352 01¹0
704 3311 792 3373 iunge-
836 3305 912 3358 alvei.
926 3303 1077 3375 Xenophon
1091 3305 1118 3354 in
1129 3303 1278 3356 OEconom,
1291 3303 1337 3353 1η.

292 3384 372 3448 bant,
388 3395 416 3434 ut
428 3394 521 3435 auctor
534 3394 574 3434 est
584 3381 745 3454 Xenophon.
836 3395 876 3437 tus
889 3383 1008 3456 presidet
1026 3383 1077 3448 his,
1096 3383 1142 3454 qui
1155 3382 1234 3453 favos
1252 3377 1337 3453 corifi·

283 3465 287 3474 ’
330 3480 389 3516 212.
417 3463 562 3515 Obseruant.
583 3463 663 3514 flecte
685 3463 791 3516 Servius
835 3464 921 3528 ciunt,
934 3473 964 3513 ut
974 3461 1083 3534 pulchre
1094 3471 1120 3512 et
1130 3459 1244 3514 celeriter
1252 3457 1336 3532 confi·

294 3552 471 3596 verterantur:
493 3541 545 3592 hoc
569 3543 639 3592 enim
660 3543 792 3610 verbum,
836 3543 946 3595 cientur.
956 3541 1073 3592 Verbum
1084 3537 1270 3611 Xenophontis
1282 3556 1336 3590 res·

294 3635 361 3676 teste
373 3623 489 3672 Brisson.
500 3621 534 3672 de
545 3621 624 3671 form.
637 3620 684 3672 lib.
696 3622 720 3686 l,
736 3640 793 3674 om-
835 3621 959 3694 ponderis
969 3619 1115 3692 Virgiliuno
1130 3630 1183 3682 est,
1196 3617 1320 3678 iuimicus.

294 3720 341 3754 nes
351 3699 434 3753 divini
446 3699 532 3750 cultus
542 3700 644 3770 species
656 3700 793 3771 complec-
872 3698 1261 3772 218.Pu1ctmmquemoncm.
1274 3697 1335 3747 Glo-

295 3784 367 3834 titur.
378 3777 504 3831 Seruilem
513 3779 701 3844 reverentiam,
711 3798 792 3850 quam
836 3782 949 3841 riosam;
963 3781 1062 3851 quippe
1076 3799 1133 3851 quae
1146 3797 1196 3851 pro
1206 3797 1267 3849 rege
1277 3794 1335 3828 sus-

293 3861 377 3914 Persae
397 3875 445 3910 suo
462 3857 532 3928 regi,
546 3857 592 3926 qui
605 3855 695 3909 Gracc
711 3855 791 3924 pipo
836 3863 941 3931 cipitur.
957 3859 1049 3912 Traxit
1062 3873 1150 3911 autem
1165 3858 1217 3910 hoc
1232 3857 1265 3908 de
1277 3856 1336 3910 Cel·

292 3933 400 4004 fecissit
413 3949 439 3990 et
447 3935 540 3989 Latine
551 3953 594 3986 rcx
604 3953 690 4008 regum
702 3939 792 4010 appel·
836 3940 982 3994 tiherorum
993 3957 1079 4000 more3
1090 3940 1151 4010 qui,
1160 3950 1190 3987 ut
1200 3937 1227 3986 in
1237 3934 1336 3988 Sallus-

291 4021 361 4074 latus
387 4019 451 4084 fuit,
472 4027 502 4067 ut
523 4016 638 4068 Brisson.
661 4013 694 4068 dc
715 4035 788 4089 regn.
835 4018 1052 4090 tiolegimus,se
1066 4016 1173 4088 regibus
1187 4014 1335 4080 devovent,

290 4101 362 4176 Pers.
378 4099 424 4152 lib
435 4099 464 4172 ΙΙ,
477 4099 504 4152 iu
515 4098 600 4170 princ.
614 4095 789 4170 euhibebant,
836 4111 860 4174 et
871 4110 933 4170 post
944 4115 988 4150 eos
996 4098 1077 4170 ritum
1085 4096 1211 4172 refutant.
1222 4093 1291 4148 Serv.
1300 4121 1334 4134 -
