3000 4674
271 333 335 402 280
600 325 984 394 COMMENTARIA

269 470 299 518 et
306 447 497 516 blandientis
507 462 627 512 naturae
635 453 836 512 suavitatem:
849 451 920 512 ride
929 449 1029 512 ulmos
1037 444 1219 512 commixtas
1226 471 1325 534 cory-

268 545 322 619 lis,
334 563 373 602 ne
384 539 485 603 aditus
497 541 609 602 sitSoli
621 537 715 602 nobis
731 554 766 600 ut
779 555 905 602 noceat:
918 538 1048 616 deinde,
1061 544 1115 623 qui
1128 543 1261 623 aptiores
1275 541 1319 600 ad

268 644 411 704 cantum,
428 650 523 712 quam
539 641 574 690 ιιι
591 630 672 711 ipse,
689 643 784 710 atque
795 627 871 710 ego?
887 642 921 688 tu
937 629 1053 710 peritus
1065 630 1098 688 in
1111 627 1222 689 llandis
1233 627 1321 688 cala·

266 717 343 792 mis,
356 735 414 798 ego
427 715 568 778 dicendis
582 715 736 778 versibus:
756 736 846 796 ergo,
858 735 916 776 our
928 735 994 776 non
1006 714 1165 776 sedemus?
1177 735 1234 775 cur
1248 734 1318 773 non

267 801 427 866 canimus?

306 891 335 969 4.
346 895 393 954 Tu
405 891 561 975 majores,
572 913 623 954 me
633 891 811 975 tibiparere
821 913 946 974 equum
958 904 1018 954 est:
1029 892 1126 954 modo
1135 891 1175 952 ad
1185 887 1317 951 umbras

266 979 416 1044 arborum
430 983 608 1058 sedeamus,
621 997 656 1042 ut
669 995 702 1042 tu
716 985 783 1065 ipse
794 984 856 1058 vis;
871 981 967 1043 modo
980 980 1055 1043 huic
1069 995 1159 1042 antro
1174 981 1319 1042 succeda-

268 1093 354 1147 mus,
366 1071 452 1155 qnod
464 1075 569 1155 potius
584 1071 685 1132 duco:
700 1093 774 1132 nam
785 1073 908 1132 umbrae
923 1068 1088 1146 arborum,
1102 1091 1177 1152 quas
1189 1068 1318 1142 laudas,

266 1163 393 1223 incertae
401 1177 474 1223 sunt
486 1185 522 1223 ex
534 1159 640 1223 crebra
649 1163 863 1222 commotione
872 1161 1109 1242 ventorum,qui
1118 1157 1318 1242 quumarbo·

268 1272 315 1310 res
330 1251 462 1332 agitent,
478 1251 605 1311 umbras
618 1250 750 1330 perinde
764 1264 909 1324 morent;
926 1261 1053 1310 antrum
1067 1249 1240 1331 speciosum
1255 1257 1317 1318 est,

267 1340 409 1423 sylvestri
424 1337 570 1401 labrusca
587 1337 705 1400 diffusa
722 1359 777 1422 per
796 1337 967 1414 ambitum,
987 1338 1072 1398 unde
1092 1339 1154 1398 rari
1174 1333 1317 1419 pendent

266 1429 399 1488 racemi:
412 1448 476 1510 quo
489 1426 561 1487 loco
575 1424 683 1486 nullus
696 1425 876 1510 pulchrior,
887 1439 917 1488 et
931 1427 970 1487 ud
982 1424 1159 1486 canendum
1170 1424 1287 1506 aptior.

307 1515 336 1574 8.
351 1515 469 1574 Pendet
483 1514 636 1574 sententia
651 1534 687 1574 ex
701 1512 914 1597 superioribus
928 1513 1075 1596 :Mopsus
1090 1533 1187 1594 quum
1195 1510 1316 1572 deloco

267 1599 592 1677 tantumdubitasset,
605 1603 638 1662 in
652 1622 716 1686 quo
727 1602 853 1664 futurus
866 1619 989 1681 cantus,
1001 1617 1081 1664 certe
1090 1601 1129 1670 de
1139 1615 1233 1662 cantu
1243 1598 1315 1679 ipso

267 1709 431 1774 nunquam
442 1686 655 1764 dubitaverat,
667 1693 732 1752 imo
745 1713 777 1752 se
789 1691 828 1752 ad
840 1691 1016 1773 parendum
1028 1690 1164 1750 alacrem
1175 1688 1314 1749 dixerat:

268 1777 349 1840 hanc
364 1775 555 1836 alacritatem
567 1778 670 1860 Mopsi
683 1779 770 1840 ducit
781 1779 938 1840 Menalcas
949 1801 1008 1862 pro
1020 1791 1204 1860 argumento
1220 1777 1317 1834 victo·

267 1867 321 1927 riae
333 1864 559 1946 alienoe,atque
568 1865 646 1927 adeo
654 1867 750 1928 veluti
758 1867 987 1949 subterfugiens
997 1881 1170 1939 certamen,
1183 1866 1315 1924 aitsnon

266 1975 325 2036 ego
339 1966 443 2014 tecum
456 1966 584 2030 certem3
599 1957 750 2040 Amyntas
765 1955 850 2018 solus
864 1969 973 2032 certet,
989 1957 1043 2042 qui
1057 1975 1189 2039 magnus
1207 1965 1317 2014 cantor

268 2045 301 2100 in
316 2038 366 2100 his
379 2039 559 2103 montibus:
573 2042 622 2104 vel
636 2043 744 2104 referri
759 2057 860 2127 potest
874 2046 1029 2106 sententia
1044 2045 1083 2104 ad
1097 2055 1233 2124 quatuor
1245 2059 1316 2100 ver·

266 2151 318 2190 sus
329 2131 433 2211 Mopsi
444 2123 664 2213 precedentes,
678 2147 715 2192 ut
728 2134 815 2194 dicat
827 2133 987 2194 Menalcas
998 2155 1004 2192 :
1021 2146 1114 2193 certet
1127 2145 1231 2192 tecum
1244 2141 1316 2188 tan-

265 2232 334 2279 tum
346 2219 507 2300 Amyntas,
520 2242 586 2282 non
597 2239 673 2302 ego:
688 2241 764 2281 nam
776 2241 900 2298 versus,
911 2241 991 2304 quos
1003 2240 1089 2282 nunc
1101 2217 1228 2300 fudisti,
1237 2235 1318 2300 prae-

265 2303 342 2367 clari
355 2319 435 2366 sunt.
454 2365 458 2393 Ι
546 2314 550 2328 ’
666 2361 669 2368 ,
692 2315 695 2322 ’
753 2379 756 2386 Ι
927 2311 929 2316 ’

306 2417 336 2476 9.
355 2394 425 2470 Hoc
444 2397 547 2486 ips‘um
565 2392 750 2484 indignatur
765 2397 944 2463 adolescens
960 2411 1085 2482 pastor,
1105 2409 1134 2458 et
1148 2391 1316 2477 respondet

269 2599 490 2668 tationem,nnde
499 2617 525 2654 et
535 2620 563 2656 se
570 2602 769 2658 laudentessibi
814 2623 863 2658 sno
874 2622 949 2656 more
958 2606 1063 2676 jungit3
1073 2605 1128 2655 sive
1138 2600 1247 2653 sambrae
1257 2615 1318 2650 sne·

267 2681 382 2732 invicem
394 2678 502 2733 cedunt.
513 2681 595 2733 Idem.
813 2683 947 2750 cedimus,
968 2685 1024 2734 sive
1038 2695 1134 2743 entr03
1157 2696 1238 2751 quun
1251 2677 1317 2730 alibi

264 2783 267 2792 ·
303 2758 329 2813 5.
353 2757 413 2811 Sive
434 2759 482 2810 sul»
507 2759 618 2814 incertas
639 2762 769 2835 Zephyris
812 2775 919 2814 secutus
940 2773 1044 2814 tantum
1065 2762 1206 2831 antiquos,
1223 2757 1316 2812 dativo

267 2839 426 2892 motantibus
442 2841 553 2894 umbram
570 2843 641 2895 Dicit
658 2843 767 2915 quidem
813 2854 915 2894 tantum
925 2839 1070 2894 succedere
1076 2839 1206 2909 junxerit3
1218 2853 1249 2890 ac
1259 2851 1317 2888 recte¹

267 2919 417 2973 verecunde
428 2938 456 2974 se
471 2919 709 2996 illi-obtemperare
722 2925 767 2978 de-
813 2922 855 2972 tn's
867 2920 974 2972 succede
981 2919 1139 2992 penatibus,
1149 2930 1177 2970 et
1187 2918 1317 2969 suecessit·

268 3003 354 3054 bere:
377 3000 494 3053 ostendit
512 2999 601 3056 tamen
627 3004 693 3076 quid
716 3005 767 3057 sibi
812 3017 863 3072 qne
871 3018 979 3073 pemeus
992 2997 1108 3053 subulis.
1122 2997 1261 3050 Sallustius
1277 3007 1315 3047 ta·

267 3079 381 3152 placeat.
393 3079 462 3131 Nam
474 3097 506 3133 ex
517 3081 669 3154 iptalaude
681 3085 767 3151 antri,
812 3095 873 3132 men
888 3077 1031 3133 succedere
1045 3079 1198 3130 accusativo
1212 3077 1314 3146 junxit,

266 3172 335 3212 etex
348 3158 473 3211 arborum
483 3160 688 3232 vituperatione,
702 3179 767 3234 qua·
811 3157 912 3211 sednbi
919 3155 1154 3231 propesignilicnt:
1166 3156 1253 3226 Quum
1260 3172 1318 3204 mse.

266 3257 326 3292 rum
343 3239 458 3292 incertas
481 3240 590 3294 umbrat
609 3259 667 3294 esse
685 3239 768 3310 dicit,
801 3233 1317 3306 ·wmd⁰stt'umsucce³⁵lttet,poetw⁸de·

266 3308 382 3362 ostendit
392 3327 467 3362 snam
476 3313 634 3363 sententiam
647 3330 768 3366 esseme-
812 3317 960 3372 deratthoc
968 3330 1018 3384 est,
1027 3335 1107 3389 quum
1115 3333 1201 3386 prope
1209 3331 1315 3365 murum

264 3391 766 3464 lioremlneerteeautemumbresnnt,
811 3399 979 3451 accessisset.
990 3395 1235 3450 Succedeneantent
1243 3393 1315 3446 idern

264 3485 292 3525 et
304 3489 337 3522 ex
349 3468 417 3521 Solis
431 3471 561 3538 circuitu,
573 3485 600 3524 et
614 3491 646 3524 ex
659 3471 778 3534 mobili·,
810 3476 958 3549 significat,
971 3475 1045 3549 quod
1061 3489 1089 3530 et
1105 3474 1196 3530 subire
1211 3471 1241 3526 id
1256 3484 1313 3540 est,

263 3563 318 3602 tate
337 3561 494 3611 ventorum
514 3549 588 3619 quod
608 3549 666 3620 ipse
685 3552 765 3603 etiam
809 3558 917 3628 penitus
929 3559 1037 3609 intrare.
1049 3555 1118 3608 Serv.

264 3629 347 3692 dicit,
369 3624 496 3698 Zephyri}
517 3627 681 3681 motantibus
703 3647 764 3682 um·
845 3637 870 3690 8.
891 3636 952 3688 Tibi
968 3646 1055 3689 certet.
1072 3636 1236 3706 Usnrpatnm
1251 3646 1310 3686 eet:

264 3725 336 3762 ores.
349 3705 419 3758 Serv.
808 3713 1311 3781 namhodie,certotecnm,dioimus.

299 3785 325 3840 6.
333 3783 419 3836 Antra
426 3783 517 3855 potius
524 3786 691 3841 mecedimns·
702 3787 766 3846 Suo·
809 3823 845 3846 .-
858 3795 919 3848 Titi
928 3806 1015 3848 certet.
1030 3795 1120 3848 Verba
1132 3794 1312 3846 contentionis

265 3863 384 3918 cedimus
405 3875 432 3914 et
451 3860 543 3915 dativo
564 3879 591 3920 et
611 3871 764 3924 accusativo
810 3887 901 3932 amant
915 3873 1043 3931 dativum·
1060 3873 1151 3946 Eotog
1166 3874 1244 3939 Vlll,
1260 3871 1312 3926 552

264 3943 392 4010 casibus,
417 3953 523 3998 secutus
551 3957 605 4000 tam
629 3961 764 4021 veterem,
811 3955 916 4008 certem
934 3965 960 4006 et
984 3953 1078 4025 Cycnis
1097 3951 1194 4007 ulaine
1214 3951 1312 4006 Getull.

267 4043 348 4099 quem
377 4035 499 4082 nornen
525 4029 765 4101 consuetudinem,
809 4032 897 4088 Germ
912 4031 1248 4107 ellolr'pupnareduolro.
1288 4061 1291 4068 ·
