2964 4690
235 343 301 412 ess
475 295 500 316 ”
565 325 951 398 cennensium

234 470 326 540 time3
346 479 420 522 nem
440 459 501 519 acri
523 455 731 518 amaritudine
750 456 872 517 vultum
896 455 1086 538 degustentis
1108 457 1294 534 corruistetss

237 556 291 616 dat
312 551 359 612 illi
382 547 584 631 fragilitatem
606 546 814 622 calamorum,
833 545 952 628 sylvam
970 559 1156 608 sonantem:
1178 549 1295 608 omnia

236 653 355 702 ornate.

277 751 325 814 77.
339 731 384 788 Ite
397 728 455 787 tibi
470 725 608 787 concedo
618 723 835 784 hencveninm
845 724 967 786 serendi
979 724 1106 786 alternis
1119 725 1210 785 minis
1219 722 1293 806 jam

234 817 408 892 frumenta,
415 815 480 898 jem
492 815 651 896 legumIne
661 805 820 894 quedem
832 827 862 874 et
874 827 980 876 tenues
989 815 1124 890 fructus3
1133 825 1169 874 ut
1178 831 1290 874 tamen

234 907 337 968 nolim
360 925 441 966 seres
463 905 581 978 linum,
604 922 749 978 arenam,
773 919 923 984 papaver,
949 904 1034 984 quod
1056 895 1217 985 perfusum
1242 911 1291 962 est

235 1017 350 1057 somno
360 993 489 1055 lethaeoz
501 995 566 1053 istae
577 995 660 1054 enirn
672 1005 787 1071 segetes
797 993 887 1052 melae
898 1001 984 1069 sunt,
994 1001 1170 1072 terramque
1180 1003 1292 1051 urunt.

233 1085 294 1146 Sed
309 1085 391 1146 hanc
408 1085 531 1144 veniam
549 1082 607 1142 tibi
626 1081 683 1156 do,
703 1083 778 1162 quie
795 1082 920 1142 alternis
934 1081 1079 1163 frugibus
1091 1079 1227 1141 serendis
1241 1079 1293 1140 la·

233 1175 350 1236 horest
363 1171 547 1251 faciIIImus,
567 1169 742 1232 dummodo
754 1170 812 1230 tibi
829 1190 896 1231 non
910 1173 950 1231 sit
963 1169 1083 1253 pudor,
1102 1189 1121 1229 ο
1135 1165 1292 1249 agricola,

233 1336 274 1392 ris
284 1333 370 1398 rerer,
379 1335 454 1409 quia,
466 1347 533 1388 teste
542 1332 646 1387 Isidoro
656 1333 738 1400 XVII,
783 1343 878 1386 turem.
888 1364 922 1374 -
931 1336 1041 1386 Veteres
1054 1331 1209 1384 delicatiore
1223 1328 1294 1383 Icus

234 1417 270 1484 4:
289 1414 390 1467 vultum
412 1415 538 1488 querentis
564 1412 739 1464 amaritudine
782 1407 1293 1465 restitilinumnonmultumcolebants

233 1497 394 1547 contristant.
422 1495 502 1546 Recte
530 1493 608 1544 docet
637 1491 738 1543 Plinius
782 1505 847 1545 tunc
864 1511 879 1544 e
899 1494 957 1544 lino
973 1489 1156 1544 neviumvele
1174 1502 1200 1541 et
1219 1491 1293 1542 retia

232 1577 334 1638 XVIII,
351 1577 396 1642 ¹4³
414 1587 440 1626 et
457 1575 545 1638 XVII,
564 1591 598 1642 93
614 1573 740 1643 Pinyues·
781 1569 1293 1642 texebantur,vestesquesccerdotum,

232 1673 287 1709 ecre
300 1655 347 1706 doe
360 1664 416 1706 satu
430 1671 492 1704 arva
503 1663 528 1702 et
540 1652 633 1704 uineas.
643 1650 681 1700 Er
693 1650 737 1701 lu·
783 1652 881 1723 quibus
891 1671 947 1703 non
958 1663 999 1704 sat
1009 1667 1082 1723 purae
1092 1651 1178 1702 ovinae
1185 1647 1292 1720 peiles:

232 1737 304 1807 pinis
323 1734 424 1785 nurnmi
441 1731 669 1794 conficiebantur,
688 1749 737 1779 au·
781 1746 913 1804 preterea
923 1731 1105 1785 adhibebatur
1114 1729 1148 1783 ad
1158 1743 1292 1800 mappas,

230 1834 305 1880 rum,
314 1831 424 1883 nempe,
434 1813 575 1874 comicum,
587 1811 662 1878 cujus
671 1827 736 1860 usus
780 1825 934 1886 tegumenta
951 1825 1116 1884 ornatusque
1128 1810 1271 1863 mulierum
1282 1833 1293 1875 ς

232 1895 285 1947 luit
297 1895 324 1944 in
333 1890 487 1954 comoediis,
504 1902 534 1942 ut
545 1889 575 1942 id
587 1901 690 1941 constet
704 1909 736 1941 ex
780 1911 868 1964 nequo
896 1893 1066 1965 levigatum,
1089 1891 1137 1946 sed
1154 1890 1293 1944 hirsutum

233 1974 320 2026 Plauti
339 1970 440 2022 Poenul.
458 1971 513 2036 III,
531 1987 555 2022 2.
573 1969 621 2042 Ag.
639 1968 734 2041 Ayite,
782 1985 808 2026 ct
819 1972 952 2024 villosum.
966 1974 997 2028 V.
1014 1975 1045 2025 G.

232 2053 367 2124 inspicite:
378 2069 471 2103 aurum
485 2063 528 2104 est.
542 2051 589 2103 Co.
601 2050 736 2122 Profecto,
817 2053 1293 2125 78Jaetdoeopeffmpopauerosmtt·

232 2141 399 2205 spectatores,
422 2132 553 2184 Comicum
574 2153 582 2179 .-
603 2131 736 2181 Mcccrato
782 2151 825 2185 no.
841 2133 922 2187 Plena
934 2133 1095 2184 oblivionis:
1112 2148 1174 2184 rtem
1187 2131 1290 2198 Ceret,-

233 2213 282 2268 lioc
295 2208 487 2284 piriyuesfiuot
498 2229 562 2262 auro
581 2211 608 2260 in
622 2209 738 2260 barbaria
781 2217 847 2268 Jove
861 2215 1040 2281 admonente,
1053 2213 1152 2267 dicitur
1161 2213 1223 2266 cibo
1237 2227 1292 2284 ptr-

233 2296 314 2348 boucs.
331 2291 396 2344 Inde
408 2290 488 2343 fecile
501 2292 621 2362 cepimus
633 2290 738 2342 Horatii
783 2298 899 2369 paveris,
908 2297 1030 2349 orbitatis
1038 2295 1132 2362 oblita,
1140 2295 1178 2365 (et
1187 2311 1216 2346 re
1224 2308 1292 2348 verer

231 2382 366 2440 mentem,
381 2385 407 2424 et
423 2373 479 2423 triti
494 2371 565 2422 illius
583 2369 738 2442 proverbii,
783 2395 903 2449 papaver
910 2378 994 2450 filgnit
1002 2377 1138 2448 soporem)
1145 2393 1226 2447 quum
1230 2377 1292 2444 jam

235 2455 309 2527 quod
324 2455 373 2525 Ep·
388 2455 413 2518 l,
433 2471 464 2522 7,
485 2454 533 2505 23:
552 2452 631 2503 nNec
648 2465 737 2502 temen
782 2459 968 2528 Proserpinam
979 2467 1086 2526 raptam
1099 2468 1115 2506 e
1129 2454 1240 2505 Plutone
1256 2471 1293 2506 ex

233 2539 355 2609 ignoret,
366 2533 430 2604 quid
439 2531 733 2602 distentcralupinis.·
782 2540 889 2590 inferno
904 2537 1024 2608 recipere
1037 2553 1092 2587 non
1106 2535 1246 2606 potuisset.
1259 2533 1289 2590 S,

234 2616 267 2668 Id
286 2629 341 2678 est,
358 2613 432 2684 quid.
442 2613 603 2665 discriminis
619 2614 654 2663 sit
667 2615 737 2664 intcr
780 2645 816 2658 -
825 2615 943 2668 Letlroem
952 2627 1056 2667 somnes
1065 2613 1110 2666 hic
1120 2629 1171 2685 pro
1181 2613 1292 2666 arcesse·-

235 2695 328 2769 proboe
340 2706 453 2746 monetes
464 2710 576 2759 numos,
594 2705 621 2744 et
634 2690 738 2744 adulte·
781 2715 825 2748 mo
839 2713 929 2749 somno
939 2697 1066 2767 punitur,
1080 2697 1127 2767 qui
1138 2695 1172 2747 ab
1182 2712 1231 2748 usu
1242 2711 1291 2767 pa·-

234 2777 317 2828 rinos.
781 2779 887 2849 peveris
897 2774 1094 2848 proficiscitur,
1106 2775 1180 2828 unde
1189 2777 1289 2828 Noster

272 2871 314 2924 77.
327 2852 385 2904 Urit
392 2852 461 2902 enim
472 2851 522 2904 lini
530 2870 652 2924 eampum
661 2871 736 2925 seqes.
781 2857 828 2909 Ge.
839 2858 889 2922 lv,
906 2854 966 2923 545.
982 2855 1086 2908 Lethea
1098 2873 1247 2927 paperem
1261 2865 1289 2907 et

234 2937 305 2987 Bene
324 2932 456 3004 excerpsit
474 2931 531 2983 hoec
550 2934 617 2997 trie,
637 2931 737 2998 linum,
782 2935 1225 3007 AEueid.1v,486:soponyerum
1239 2951 1290 3008 pa.

236 3032 344 3078 evenes,
353 3029 472 3084 papaver
481 3034 487 3063 :
496 3025 522 3064 et
530 3010 595 3063 dicit
603 3025 665 3083 post
672 3010 738 3078 hcc,
781 3033 869 3089 pavor.
880 3017 973 3068 lieret.
983 3014 1069 3087 Epod.
1080 3015 1156 3066 XIV:
1171 3014 1290 3067 :Posuit

233 3097 367 3149 frumenta
384 3092 498 3147 serenda
513 3111 568 3145 non
585 3111 658 3145 esse:
677 3111 739 3144 nam
784 3095 904 3150 letheus
926 3108 957 3147 nt
975 3097 998 3146 ‘si
1023 3095 1150 3147 ducentia
1179 3109 1289 3146 somnos

234 3175 298 3229 licet
310 3193 391 3227 manu
403 3174 543 3247 legentur,
559 3188 586 3226 ct
603 3175 655 3224 sint
667 3175 737 3225 inter
781 3181 880 3231 Arente
894 3177 972 3229 fauce
983 3177 1118 3228 traxerim.
1130 3199 1142 3222 ι
1155 3205 1190 3215 -
1202 3175 1289 3247 Papa.

234 3255 386 3329 legumina,
399 3255 500 3307 viribus
513 3268 602 3307 tamen
619 3255 737 3307 frumen·
781 3279 846 3313 vera
859 3269 886 3311 et
900 3259 927 3308 in
942 3257 1028 3309 hortis
1043 3269 1069 3308 et
1086 3259 1113 3307 io
1126 3258 1197 3328 egris
1213 3273 1289 3327 reque

234 3339 269 3389 tis
281 3347 460 3406 exequentur.
469 3333 567 3387 Coelius
575 3333 645 3386 libro
658 3335 738 3386 tertio
782 3339 952 3400 colebantur,
961 3349 1017 3390 tum
1026 3353 1080 3410 quo
1090 3336 1170 3389 flam
1179 3355 1290 3390 venum.

208 3469 210 3477 ,
235 3417 411 3468 serievenaru
424 3413 557 3476 ostendite
571 3413 618 3466 scd
632 3414 739 3466 videtur
785 3420 843 3474 dari
854 3431 981 3490 possent,
996 3429 1052 3469 tum
1063 3435 1117 3488 quo
1129 3417 1291 3488 prodessent

234 3495 319 3548 Poeta
331 3493 405 3547 velut
423 3495 618 3565 interrogatus,
638 3513 687 3546 cur
704 3494 739 3546 li·
784 3497 897 3570 aprus,
912 3496 968 3549 Ecl.
982 3497 1006 3549 II
1015 3535 1023 3563 ,
1036 3497 1078 3566 47.
1095 3497 1157 3548 Albi
1170 3513 1290 3568 pepere-

234 3573 621 3645 numetqucsequunturdicit
627 3576 739 3626 conseri
784 3579 820 3630 ris
834 3593 924 3629 semen
939 3593 1000 3628 cum
1013 3577 1091 3629 melle
1105 3579 1208 3648 opponi
1222 3576 1291 3628 sole-

236 3653 351 3714 debere3
371 3653 558 3724 respondisse,
576 3655 629 3705 urit
646 3655 718 3705 enim
731 3675 738 3704 r
784 3658 831 3710 bat
841 3657 868 3708 in
878 3673 970 3709 coenc:
982 3675 1131 3729 peperere,
1142 3668 1171 3708 ut
1181 3655 1243 3708 cibo
1253 3654 1290 3708 ed

237 3737 301 3806 qula
312 3733 381 3784 enim
395 3733 509 3786 causalis
522 3735 675 3803 conjunctio
691 3747 739 3786 est.
785 3735 1007 3808 concoquendum
1027 3735 1173 3800 facillimo,
1190 3743 1290 3807 penem

234 3812 531 3868 Serv.-ldemesserit
541 3813 740 3886 Plin.XVIl,7.
784 3832 887 3871 veteres
907 3816 1082 3889 spargebam
1107 3829 1134 3869 et
1153 3817 1253 3888 Opium
1273 3815 1292 3869 θ’

237 3895 265 3950 V
263 3892 362 3967 iryiliss
379 3903 405 3946 et
420 3892 474 3945 lino
487 3899 594 3968 seyetcm
607 3895 698 3961 emti,
715 3905 743 3947 et
784 3901 861 3972 nigro
871 3898 1049 3950 conterebant
1058 3913 1203 3969 papavere.
1213 3898 1241 3953 V
1240 3897 1289 3949 ·G.

234 3975 517 4048 papaverecrlritmtur.
527 3974 630 4028 Colum.
642 3977 679 4043 Il,
693 3976 738 4046 14,
819 3997 861 4050 79.
878 3977 993 4031 Alternis
1005 3976 1097 4048 facilis
1113 3976 1191 4030 labor.
1209 3975 1290 4030 seen

236 4058 358 4111 nonnos
369 4054 740 4114 ciusttntohtcnidmo·
781 4073 874 4115 rursus
891 4057 927 4115 ed
942 4067 1124 4133 preceptum,
1142 4056 1217 4130 quod
1236 4058 1290 4112 scir
