2964 4690
291 383 355 467 ssr
619 379 1002 448 conusursata

288 527 365 654 qam.
385 505 477 579 Huc,
503 505 578 587 quia
597 502 661 564 lata
678 523 746 566 esse
764 503 896 581 debent,
918 504 1066 567 videntur
1083 501 1198 568 babere
1220 501 1352 589 duplex

312 613 430 655 orsum.

328 683 396 766 ¹73·
407 683 541 743 Demum
552 682 661 758 ait‚ad
670 683 784 766 jugum
795 695 901 766 aptam
912 704 979 746 esse
989 684 1235 769 tiliam,utquae
1245 683 1349 762 levis,
1448 750 1450 763 ,

288 792 329 832 ue
344 791 402 832 suo
414 769 555 852 pondere
568 770 664 832 boves
678 771 805 853 fatigem
824 784 930 852 aptam
945 774 1040 834 etiam
1055 771 1180 854 legurm
1200 793 1278 854 para
1292 793 1349 832 ex-
1450 791 1451 804 ¹

287 873 385 920 trema
398 859 509 934 aratri,
522 861 603 920 stiva
616 874 681 920 est:
697 875 745 922 est
759 859 825 922 baec
838 863 974 937 manica,
993 861 1084 942 eujus
1096 881 1155 943 ope
1167 880 1281 921 vomer
1293 863 1348 920 in-

287 945 367 1007 fixus
377 944 463 1021 solo,
474 944 632 1028 dirigitur,
643 946 837 1024 sublevatur,
848 948 944 1012 altius
955 952 1148 1033 imprimitur
1158 964 1189 1010 et
1197 951 1348 1010 circum-

286 1035 421 1097 flectitur
437 1034 570 1098 arbitrio
587 1037 708 1115 coloni,
727 1041 782 1122 qui
797 1059 907 1100 omnes
919 1055 1024 1101 motus
1039 1043 1149 1110 aratri,
1167 1060 1251 1100 nunc
1263 1041 1346 1099 imos
1443 1039 1452 1100 ¹?

285 1123 337 1186 sel
349 1145 504 1201 summos,
517 1147 601 1187 nunc
613 1141 713 1188 rectos
729 1142 783 1189 aut
797 1126 945 1210 obliquos
957 1145 1071 1204 curtus,
1086 1150 1104 1188 a
1118 1143 1209 1210 terqo,
1224 1125 1257 1188 id
1274 1142 1346 1202 est,
1450 1149 1452 1182 f

289 1217 483 1277 extremitate
497 1214 585 1276 buris
598 1229 722 1300 torquet,
733 1232 764 1278 et
778 1215 926 1278 manibus
939 1215 979 1277 ad
993 1219 1160 1278 arbitrium
1174 1218 1264 1297 regit.

289 1395 788 1470 avocantplanarati,cuspiscffiqiem
832 1398 930 1470 liqnias
949 1396 1099 1452 sulcandas.
1120 1394 1204 1465 (Vide
1218 1409 1305 1464 supra
1325 1413 1345 1444 a

253 1507 256 1520 ·
289 1475 379 1548 «pale
394 1475 492 1528 habet:
506 1486 599 1527 serunt
614 1476 653 1528 ita
666 1494 720 1528 non
737 1478 789 1528 ulti
832 1497 911 1533 versu
932 1477 1157 1550 47-104):vide
1171 1478 1343 1538 Varronem,

289 1580 300 1606 ι
312 1556 384 1609 culta
394 1569 481 1622 terra,
491 1568 518 1608 et
528 1551 586 1608 fere
597 1573 677 1610 nova.
687 1558 789 1610 Latitu-
833 1560 845 1610 l
852 1595 861 1625 ,
873 1572 962 1628 aptet
973 1556 1120 1611 Palladium
1129 1557 1157 1622 l,
1167 1555 1209 1622 43.

289 1660 301 1684 ι
311 1635 347 1688 do
365 1635 479 1688 vomeris
495 1635 610 1706 cespites
630 1650 726 1689 versat.
746 1635 791 1690 Se·
868 1639 929 1690 Non
942 1638 1064 1710 depingit
1075 1635 1201 1708 Virgilius
1216 1645 1343 1686 aratrum

290 1733 372 1767 «men
388 1714 511 1785 protinus
525 1714 669 1784 injiciunt,
689 1728 789 1768 crates·
833 1718 957 1791 vulgare,
969 1719 1058 1771 forma
1069 1715 1196 1787 simplex;
1214 1712 1261 1767 sed
1277 1730 1344 1764 ara·

290 1818 302 1842 ι
312 1813 366 1866 que
374 1792 501 1845 dentatas
514 1793 707 1864 supertrahunt
719 1817 725 1845 ι
738 1813 789 1846 uec
833 1811 917 1865 trum,
930 1797 1055 1850 omnibus
1067 1797 1102 1849 ad
1109 1797 1237 1866 majorem
1246 1793 1343 1845 cultu·

290 1870 451 1926 aaarrienda
462 1884 524 1924 sunt
538 1871 591 1924 hoc
603 1872 685 1924 modo
697 1885 786 1926 sata·
833 1897 891 1931 ram
903 1878 1100 1950 pertinentibus
1112 1879 1270 1928 instructum
1284 1872 1342 1944 lig-

322 1955 392 2007 Hinc
402 1954 524 2024 seqnitur
536 1953 718 2006 Rornanorum
729 1953 790 2005 vul·
833 1960 945 2029 neique
952 1958 1055 2010 aurium
1062 1955 1096 2010 ad
1106 1951 1250 2008 lirandnm.
1258 1953 1287 2006 V
1286 1990 1293 2001 .
1304 1953 1339 2004 G.

287 2051 351 2108 gare
364 2044 483 2086 aratrum
494 2049 549 2085 nou
567 2035 715 2086 sanavisse
731 2051 791 2086 ees·
874 2031 1343 2110 173.1u90.1dsar,sdjuprm.-

285 2115 371 2184 pltat,
381 2111 429 2165 sed
437 2114 522 2164 instar
530 2111 628 2184 ligonis
639 2124 742 2166 tautum
749 2113 789 2164 t'o-
833 2115 914 2169 Leuis.
934 2115 997 2168 ldeo
1014 2116 1096 2179 levis,
1112 2132 1146 2166 ne
1162 2112 1245 2164 boves
1259 2109 1344 2163 labo·

288 2190 375 2254 disse;
392 2211 427 2245 ne
444 2189 513 2244 illud
529 2190 636 2261 quidem
652 2193 747 2263 majori
763 2204 789 2244 et
833 2209 901 2248 rant.
912 2197 982 2250 Serv.

288 2273 401 2328 acutiori
410 2291 517 2326 vomere
526 2274 701 2341 instructum,
714 2276 789 2344 cujus
872 2276 928 2346 174.
945 2272 1262 2336 sanctissimarum,
1282 2288 1342 2342 qua

284 2353 372 2408 latera
383 2353 526 2406 herbarum
537 2352 641 2406 radices
650 2353 787 2407 secabant.
833 2358 935 2429 regitur
952 2353 1173 2431 gubernaculum.
1191 2380 1226 2393 -·
1242 2354 1343 2405 Cumas

287 2433 344 2486 llac
368 2432 401 2486 dc
422 2450 504 2486 causa
524 2431 674 2485 Columella
693 2433 736 2498 ll,
757 2449 788 2495 o;
822 2423 906 2488 'imos
921 2439 1113 2490 Cornuautern
1129 2431 1209 2498 dixit,
1224 2444 1344 2502 propter

287 2515 334 2577 ait,
343 2510 508 2564 abnbulcum
521 2530 569 2583 per
576 2513 739 2583 proscissum
748 2508 807 2562 in·=
834 2533 935 2568 morem
948 2515 1092 2587 provincie
1101 2529 1169 2579 sun,
1179 2513 1266 2582 inqua
1278 2529 1343 2564 arn-

286 2593 363 2664 qredi
375 2605 516 2663 oportere,
530 2591 693 2663 alternisque
704 2595 789 2644 versi-
834 2605 874 2647 tra
883 2593 984 2647 babent
993 2607 1080 2654 rotas,
1091 2591 1189 2662 quibus
1198 2592 1340 2660 juvantur.

286 2671 337 2724 bus
350 2671 489 2743 obliquum
505 2683 594 2724 tenere
611 2684 745 2736 aratrum,
762 2684 789 2724 et
832 2674 903 2726 Seru.
914 2703 949 2715 -
960 2675 1008 2725 Vir
1019 2672 1188 2725 Clarissimus
1195 2671 1268 2722 Voss·
1281 2671 1341 2722 suis

287 2750 395 2803 alternis
414 2761 488 2802 recto
509 2749 644 2821 plenoque
665 2750 787 2803 sulcares
833 2755 904 2805 notis
934 2753 969 2806 ad
996 2753 1068 2806 bunc
1095 2750 1185 2804 locum
1210 2748 1344 2802 adnexuit

288 2827 336 2882 scd
343 2829 381 2880 ita
388 2827 485 2880 necubi
493 2826 605 2879 crudum
613 2827 790 2880 solumetim·
833 2833 971 2898 tabulam,
990 2850 1048 2905 qum
1064 2831 1143 2904 plura
1155 2829 1262 2883 exhibet
1278 2847 1344 2882 ara.

286 2919 389 2960 motum
403 2906 556 2977 relinquat,
574 2906 788 2979 quod'agn'cola
832 2924 890 2978 tra,
902 2915 976 2965 varie
990 2914 1093 2978 aur-ita,
1113 2909 1265 2964 dentalibus
1284 2909 1342 2962 alia

286 3007 421 3042 scamnum
432 2999 542 3040 uocant.
555 3009 566 3034 ι
579 2989 635 3040 llac
648 2986 742 3040 eadem
753 2988 788 3042 de
832 2991 998 3063 simplicibus
1011 3029 1019 3058 ,
1043 2992 1097 3044 alia
1117 2989 1269 3063 duplicibus
1296 3008 1343 3042 ar-

287 3087 369 3124 oausa
381 3071 419 3122 ait
427 3067 494 3121 Cato
504 3068 532 3120 in
541 3066 706 3139 Originibus,
714 3066 787 3139 (vide
832 3085 914 3136 rosta,
922 3083 1063 3125 etvomere
1070 3070 1113 3124 vel
1123 3071 1179 3124 lato
1189 3069 1230 3123 vel
1239 3072 1343 3122 acumi-

287 3151 359 3206 infra
381 3163 473 3203 notam
495 3149 596 3212 Servii,
620 3147 722 3201 AEneid.
747 3151 787 3216 V,
832 3150 1341 3221 natoinstructa,sedomnia,prater

287 3229 460 3303 755;)·Eos
469 3230 515 3300 qui
523 3227 742 3282 conditurierant
752 3230 788 3282 oi·
832 3249 915 3284 unum
937 3231 1050 3305 Virgilio
1074 3230 1209 3294 alienum,
1228 3224 1288 3280 r'utis
1312 3239 1340 3280 et

286 3314 398 3378 vitatas,
410 3309 475 3365 dum
482 3311 578 3363 futurae
588 3309 662 3364 urbis
672 3311 788 3382 spatium
833 3311 919 3364 cultro
929 3311 1059 3363 carentia:
1073 3308 1169 3362 eadam
1180 3308 1314 3378 excerpsit
1322 3325 1339 3358 e

287 3393 362 3446 sulco
380 3391 563 3458 includerent,
583 3403 673 3444 tenere
693 3391 788 3442 stivam
833 3391 967 3447 veteribus
998 3391 1112 3442 nummis
1146 3386 1337 3440 celeberrimus

287 3474 369 3534 aratri
383 3472 537 3543 obliquam,
549 3484 579 3524 ut
595 3471 679 3543 gleba
696 3488 788 3523 omnes
832 3471 950 3524 Gravius
970 3472 998 3522 iu
1016 3487 1065 3521 sua
1079 3465 1189 3520 llesiodi
1208 3465 1336 3519 editioua

286 3553 445 3605 intrinsecus
465 3551 625 3603 caderent·
644 3549 714 3602 lllud
732 3550 789 3602 solo
834 3551 945 3604 Constat
964 3550 1044 3602 etiam
1061 3545 1173 3599 Dentole
1193 3544 1267 3618 apud
1284 3545 1340 3596 Ta-

286 3649 409 3698 vomere,
427 3643 453 3684 et
472 3631 575 3702 duplici
595 3628 699 3682 dentali
716 3629 788 3683 ellici
834 3632 952 3683 sentinus
960 3647 1029 3700 saepe
1038 3628 1144 3680 onerari
1151 3626 1290 3697 perforato
1298 3623 1339 3678 la·

284 3709 787 3785 potusustentante,veltabulaopus
832 3709 911 3782 pide,
933 3727 1012 3780 quem
1036 3708 1136 3777 trajicit
1154 3707 1221 3759 stiva
1227 3743 1236 3771 ,
1255 3705 1338 3757 idest

286 3804 353 3846 erat.
363 3791 444 3843 Aures
455 3803 517 3842 sunt
530 3788 628 3843 tabulre
640 3787 717 3854 dua,
731 3791 788 3843 buri
832 3787 1017 3854 manubrium,
1035 3805 1089 3859 quo
1104 3787 1206 3858 regitur
1218 3795 1338 3838 aratrum

286 3871 437 3944 adaptata,
456 3888 488 3922 ac
506 3867 622 3922 dentalis
639 3867 788 3922 lateribus:
811 3931 812 3934 Ἴ
833 3866 913 3922 Unde
920 3867 1057 3932 libentius,
1065 3885 1133 3940 pace
1142 3864 1227 3918 Servii
1236 3876 1262 3915 et
1270 3862 1339 3914 alio·

284 3952 326 4006 lau
337 3969 425 4024 neque
438 3949 473 4002 ad
485 3947 730 4021 proscindendum,
741 3971 789 4006 na·
832 3967 891 4001 rum
901 3985 910 4015 ,
922 3945 1098 4012 concludam,
1114 3963 1169 3998 nou
1182 3945 1228 3997 bic
1243 3943 1339 4014 legeu-

286 4052 338 4106 qttc
353 4032 389 4086 ad
399 4029 557 4085 vertendum
568 4031 655 4084 salum
673 4030 788 4084 adbibe-
832 4031 966 4084 dumetae
980 4045 1070 4081 currus
1083 4029 1162 4093 imos,
1173 4025 1220 4079 sed
1233 4042 1337 4090 cursus,

284 4112 399 4183 bantur,
412 4112 461 4170 ted
469 4111 505 4176 ad
514 4111 577 4168 liras
589 4110 632 4167 rel
643 4111 723 4166 etiam
734 4111 788 4166 col·
832 4123 863 4164 ut
874 4111 964 4165 lerunt
975 4107 1030 4162 duo
1046 4105 1224 4181 antiquissimi
1236 4101 1339 4158 Biblio-
