2918 4682
300 385 363 452 500
625 373 1001 440 COMMENTARIA

298 522 345 572 est
359 517 390 570 et
405 521 534 588 operum
544 505 682 586 patiens,
701 517 732 563 et
745 523 841 585 parvo
856 517 993 564 assueta:
1009 522 1082 564 sane
1095 501 1271 584 frugalitas
1289 502 1380 564 duo

297 595 365 656 haec
383 603 488 668 notat3
507 593 552 651 ita
570 611 675 651 servus
693 589 776 672 frugi
795 604 854 666 est,
875 592 929 673 qui
946 611 1011 651 rem
1032 592 1153 651 domini
1169 590 1378 672 diligenter

296 697 398 758 curat,
414 680 523 762 illique
537 695 584 740 cst
597 678 699 756 utilis,
716 694 747 740 et
758 695 905 762 praeterea
918 683 982 762 ipse
995 694 1043 741 est
1054 678 1194 740 sobrius:
1208 679 1372 740 demum

296 773 414 833 habent
425 790 522 844 sacra3
543 791 616 830 nam
629 791 702 830 cum
717 769 780 830 illis
792 769 868 830 olim
883 769 935 828 Dii
950 771 1010 851 ipsi
1025 770 1214 844 conversati,
1235 781 1274 828 et
1283 766 1372 848 jus·

295 862 363 922 titia
375 860 466 919 urbes
481 858 659 940 relinquens
671 857 809 941 pollutas
821 857 990 919 sceleribus
1002 857 1131 920 divertit
1141 858 1180 917 ad
1192 859 1369 930 rusticos,

296 960 326 1008 et
343 945 417 1006 inde
434 945 473 1006 ad
491 945 602 1006 caelum
618 945 726 1020 rediit,
741 945 827 1006 unde
844 961 978 1007 venerat.
992 945 1049 1008 llla
1062 951 1212 1028 sanctique
1226 958 1366 1026 patres,

295 1049 370 1096 sunt
388 1038 441 1116 qui
460 1057 526 1096 non
544 1035 680 1095 referant
698 1036 738 1094 ad
756 1038 852 1111 Deos,
871 1034 925 1096 sed
943 1036 980 1096 ad
999 1035 1148 1116 agricolas
1165 1037 1269 1115 ipsos,
1290 1033 1363 1113 qui

294 1126 430 1186 instituti
442 1145 512 1184 cum
522 1123 677 1206 probitate
687 1139 717 1184 et
725 1126 854 1200 virtute,
864 1138 966 1206 patres
976 1143 1050 1184 suos
1061 1123 1207 1204 religiose
1216 1119 1360 1200 colunt.

336 1210 405 1294 475.
420 1212 495 1270 Post
506 1211 665 1271 laudatam
677 1212 774 1271 vitam
787 1213 934 1271 rusticam
945 1223 1032 1292 optat
1042 1213 1110 1293 ipse
1122 1211 1222 1291 accipi
1236 1209 1273 1268 in
1289 1228 1359 1288 pa-

296 1302 467 1362 trocinium
482 1301 657 1376 Musarum,
675 1321 743 1382 quse
755 1299 863 1361 dulces
878 1314 951 1361 sunt
965 1313 1036 1360 ante
1050 1301 1171 1376 omnia,
1188 1315 1358 1380 quarum-

295 1408 356 1469 que
370 1389 434 1470 ipse
447 1387 508 1449 fert
522 1408 622 1464 sacra,
636 1401 673 1448 ut
686 1409 794 1449 earum
809 1388 971 1449 sacerdos:
989 1386 1059 1448 ideo
1073 1408 1147 1447 vero
1163 1385 1222 1445 hoc
1235 1395 1356 1466 optat,

294 1487 330 1535 ut
341 1474 492 1536 doceatur
503 1495 607 1535 rerum
625 1475 819 1537 naturalium
832 1477 1056 1556 cognitionem.
1076 1476 1172 1535 Notat
1188 1486 1355 1553 quatuor,

295 1582 365 1643 quse
376 1564 453 1622 scire
464 1565 637 1645 praesertim
649 1563 739 1639 velit3
758 1563 973 1645 astrologiam
988 1575 1090 1623 motus
1105 1575 1276 1633 terrarum
1291 1577 1353 1618 ac-

295 1669 398 1710 cessus
422 1665 453 1710 et
476 1671 612 1712 recessus
636 1655 745 1725 maris3
768 1651 892 1712 dierum
917 1654 1122 1732 noctiumque
1145 1649 1351 1708 varietatem.

296 1737 403 1817 Signat
412 1736 613 1817 astrologiam
623 1759 679 1821 per
688 1742 755 1800 vias
765 1739 848 1815 cali,
859 1739 975 1814 sidera,
987 1738 1066 1798 Solis
1076 1735 1230 1818 Eclipses‚
1242 1737 1351 1794 Lunae

296 1824 437 1886 labores:
450 1839 554 1886 motus
568 1841 722 1888 terrarum
735 1851 790 1910 per
802 1843 969 1891 tremorem
981 1852 988 1888 ι
1002 1847 1142 1889 accessus
1157 1840 1187 1886 et
1200 1843 1349 1884 recessus

332 1999 395 2068 474.
413 2001 536 2052 Extrenra
554 2021 603 2074 per
616 2003 675 2056 illos
693 2004 799 2060 Iustitia
842 2025 886 2058 mo
902 2008 1039 2078 accipere,
1056 2015 1083 2056 et
1093 2000 1189 2054 Chosis
1200 2009 1348 2070 poetarum

300 2078 420 2130 excedens
441 2080 511 2132 tem's
526 2081 631 2154 vestips'a
644 2079 717 2152 fecit.
739 2085 797 2136 Hoc
841 2087 969 2139 inserere.

295 2157 392 2208 Aratus
401 2155 464 2208 dicit
473 2178 480 2219 ;
489 2159 621 2212 iustitiam
635 2163 722 2232 primo
733 2175 759 2216 et
769 2164 797 2216 in
877 2165 937 2233 478.
950 2162 1070 2235 Defectus
1078 2159 1146 2213 Solis
1157 2157 1247 2210 varios.
1258 2155 1346 2225 Atqui

297 2235 427 2304 urbibus,
447 2251 541 2308 postea
559 2241 586 2290 iu
606 2243 675 2312 agris
692 2254 796 2296 tantum
841 2262 896 2296 uno
906 2242 986 2296 modo
999 2254 1101 2296 tanturn
1112 2238 1156 2290 Sol
1169 2235 1282 2290 delicere
1292 2252 1347 2286 no·

298 2316 394 2379 fuisse;
403 2314 450 2367 ubi
459 2336 516 2368 eam
523 2315 626 2370 inducit
634 2317 796 2391 loquentem,
842 2323 884 2375 bis
891 2321 1009 2389 videtur,
1022 2335 1084 2372 tune
1092 2319 1193 2370 scilicet
1202 2333 1284 2386 quum
1291 2314 1346 2366 Lu·

299 2413 348 2447 cur
360 2395 486 2448 abscedat
500 2416 513 2449 e
528 2398 613 2450 terris.
626 2401 696 2452 Seru.
707 2430 743 2440 -
754 2399 799 2453 Se·
843 2421 878 2453 ns
891 2401 972 2472 plena
986 2421 1000 2453 e
1014 2401 1123 2472 regione
1137 2398 1193 2466 ejus
1210 2392 1346 2444 obstiterit

296 2475 418 2528 cundum
428 2476 550 2530 eumdem
557 2480 669 2532 Aratum
676 2480 801 2533 Dicefilia
843 2479 942 2547 radiis,
963 2492 990 2534 et
1009 2497 1055 2532 eos
1073 2476 1150 2528 nobis
1171 2474 1264 2527 fecerit
1287 2491 1345 2525 uon

298 2557 373 2607 loris
387 2575 419 2608 ex
429 2556 575 2624 Themide,
592 2572 711 2633 tempore
727 2561 802 2614 aurei
844 2558 938 2611 rideri.
950 2557 1028 2612 Unde
1037 2557 1126 2609 varios
1139 2554 1282 2625 accipimus
1294 2551 1345 2605 de-

300 2632 390 2686 saeculi
406 2635 475 2686 inter
488 2635 610 2690 homiues
626 2640 799 2692 versabatur:
845 2640 1007 2701 fectus;non
1015 2638 1078 2708 quia
1086 2635 1161 2687 raris
1169 2634 1271 2684 ratione
1280 2649 1345 2684 con·

301 2725 428 2784 argenteo
443 2718 802 2770 eroemoutibusuonnuu-
846 2718 950 2788 tingant
972 2719 1050 2786 (nem
1068 2715 1138 2766 ratio
1160 2729 1215 2765 una
1235 2725 1290 2776 est,
1312 2723 1344 2762 ut

304 2809 384 2860 quam
394 2790 575 2846 descendebat
582 2815 590 2856 ;
605 2795 653 2848 sed
665 2814 748 2866 quum
760 2817 803 2870 ge-
846 2795 976 2862 diximus)
994 2795 1041 2848 sed
1055 2796 1119 2867 quia
1132 2793 1174 2848 rel
1185 2793 1266 2844 variis
1277 2805 1344 2844 tem-

303 2888 355 2922 nus
382 2889 483 2923 aueum
509 2891 582 2924 arma
604 2875 801 2941 fabrefaceret‚
845 2876 957 2948 poribus
966 2875 1046 2940 fiunt,
1060 2872 1198 2926 salvaris:
1211 2869 1343 2924 interdura

302 2951 490 3022 frangeretque
501 2964 604 3020 matra,
617 2955 747 3008 inceium
757 2976 802 3009 au·
846 2956 916 3006 euim
928 2954 1048 3019 duobus,
1064 2951 1198 3005 interdum
1211 2963 1342 3022 quatuor,

302 3031 456 3102 fugitDice,
470 3044 575 3086 etnuuc
587 3033 659 3087 lucet
673 3037 700 3087 in
709 3037 802 3090 Zodia-
845 3032 980 3086 interdum
996 3033 1118 3106 pluribus
1136 3029 1226 3083 deficit
1245 3029 1339 3102 digitis.

294 3129 337 3164 .co
345 3111 453 3162 nomine
464 3111 560 3163 Astroea
570 3131 595 3164 r.
607 3112 671 3175 536;
684 3115 738 3166 Ecl.
749 3117 800 3183 lv,
845 3118 915 3170 Serv.
927 3145 962 3156 -
973 3118 1104 3188 Lunoeque
1118 3114 1221 3166 labores.
1239 3113 1287 3165 Vel
1300 3133 1341 3166 er·

295 3191 336 3253 .6;
350 3191 400 3257 Vl,
412 3190 456 3256 41.
473 3189 572 3244 Confer
587 3194 696 3246 Hesiodi
709 3199 801 3248 vatici-
846 3213 936 3264 rores,
949 3198 1013 3268 quia
1023 3213 1078 3247 nou
1090 3206 1164 3246 recta
1173 3191 1272 3246 incedit
1283 3213 1289 3242 ι
1300 3192 1340 3246 vel

302 3272 377 3322 nium
397 3288 457 3322 cum
478 3273 556 3325 Ovid.
575 3272 752 3348 Metamorplr.
773 3279 802 3344 Ι,
847 3275 983 3343 defectus,
1003 3277 1050 3348 qui
1070 3276 1227 3346 contingunt
1246 3274 1339 3340 buum

305 3350 363 3419 149.
380 3349 411 3402 V.
426 3349 458 3401 G.
848 3358 972 3427 quotiens
992 3370 1069 3408 terre
1091 3353 1205 3407 altitudo
1228 3355 1340 3406 interve·

338 3426 399 3495 475.
410 3430 456 3480 Me
465 3449 531 3482 vero.
539 3431 591 3484 Diu
602 3433 740 3504 quaesitum
750 3447 802 3502 est,
846 3437 923 3488 niens
938 3435 1018 3488 radiis
1037 3434 1104 3489 Solis
1123 3453 1183 3487 eam
1199 3433 1338 3487 illuminari

303 3519 392 3558 utrum
402 3505 594 3578 philosophie,
604 3529 639 3564 an
649 3514 802 3566 rusticitatis
846 3534 902 3567 nou
913 3517 1027 3587 patitur,
1041 3535 1058 3568 s
1073 3513 1170 3586 quibus
1186 3514 1283 3566 dicitur
1296 3514 1338 3566 lu-

297 3597 375 3638 .esset
388 3585 443 3635 vita
458 3585 578 3649 felicior,¹
592 3588 663 3640 unde
679 3609 751 3642 nunc
765 3592 806 3645 di·
846 3613 908 3648 men
919 3596 1050 3667 accipere.
1060 3596 1129 3648 Serv.
1141 3593 1237 3645 -Atii
1249 3591 1338 3645 iutelli-

303 3666 342 3716 cit
367 3664 481 3732 primam
507 3681 564 3716 esse
583 3666 801 3738 philosophiam:
846 3671 1337 3746 ffuntLunameteuebristsneiuten

307 3739 355 3794 sed
364 3744 528 3813 postipsam‚
537 3745 663 3796 rusticam
670 3748 760 3802 vitam.
768 3781 804 3792 -
847 3754 975 3806 venientis
986 3753 1147 3806 eluctantem
1157 3773 1165 3814 ς
1181 3751 1223 3804 rel
1234 3753 1335 3823 magicis

304 3821 434 3874 Primum.
451 3821 567 3874 Primum
579 3835 605 3874 et
617 3837 678 3878 aute
694 3832 802 3894 omnis;
846 3831 1075 3884 exceutotionibus
1087 3831 1253 3882 resistentem
1261 3843 1334 3882 etce-

300 3914 335 3953 ut
344 3897 462 3952 :Primus
473 3898 507 3950 ibi
515 3911 575 3952 ante
586 3919 680 3956 omnes.
688 3905 802 3980 Philarg.
846 3910 874 3962 lo
886 3910 983 3964 deduci
996 3923 1144 3982 negsmem.

304 3978 446 4032 -ttatu
465 3997 528 4032 nam
545 3993 620 4051 optat
636 4001 725 4036 musas
742 3999 803 4040 ante
852 4035 857 4047 ,
882 3990 944 4060 479.
962 3989 1036 4042 Unde
1052 3999 1148 4042 maor
1164 3990 1240 4042 terris.
1257 3989 1333 4044 Varis

304 4059 397 4112 omnia
410 4056 576 4114 dulcissimas
587 4060 656 4116 velle
665 4062 740 4118 illum
750 4065 805 4136 pri·
845 4083 911 4122 suut
926 4071 1082 4142 opiniones:
1093 4069 1141 4124 alii
1152 4067 1259 4136 dicunt,
1276 4087 1335 4123 reu-
