2986 4694
316 394 376 462 rso
475 389 784 460 PROOEMIUM
804 389 859 454 tu
882 332 1180 456 curauuoiu.

310 517 400 583 nnlla
418 515 533 582 saltem
551 515 695 582 carmina
711 513 825 579 brevia
842 511 954 580 habita
971 514 1073 580 fuisse
1090 514 1267 604 Virgilium
1283 537 1358 582 cre·
1470 605 1471 618 χ

311 621 391 688 dere
402 623 488 688 licet.
504 625 554 688 dn
567 644 647 688 vero
662 643 702 688 ex
716 619 783 703 bis,
803 643 877 711 quae
893 620 948 687 hic
962 621 1100 710 Virgilio
1115 620 1215 686 tribui
1229 623 1356 705 solent,
1470 629 1471 714 l

311 753 444 797 carmen
462 731 567 798 ullum
583 731 625 796 sit
642 753 720 796 vere
738 727 781 794 ab
799 729 1155 818 VirpiIioproIectum,
1177 729 1272 795 valde
1293 729 1358 796 du·
1470 721 1471 724 ¹

309 835 408 902 bito:
432 838 570 928 pignore
592 853 721 903 tantum
743 859 811 901 non
839 834 1041 902 contendere
1064 853 1210 925 paratus,
1238 836 1357 902 saltem

301 941 601 1008 ‘hurbosaliberali
611 941 744 1032 ingenio
754 958 788 1007 et
797 941 909 1008 indole
920 941 1071 1022 honesta,
1087 965 1161 1032 quae
1172 943 1356 1008 inMarone

308 1047 386 1128 fuit,
397 1049 560 1138 proficisci
570 1046 659 1114 band
669 1048 815 1137 potuisse
825 1072 833 1112 :
845 1071 877 1114 v.
887 1047 999 1114 inf.ad
1010 1049 1150 1114 Cannen
1161 1050 1252 1113 VIII.
1265 1046 1356 1116 Odio

307 1155 458 1220 omnium
472 1156 691 1244 ingenuorum
703 1172 736 1219 et
746 1153 913 1222 bonorum
925 1153 1045 1244 dignus
1055 1170 1104 1220 est
1115 1171 1227 1246 poeta,
1242 1156 1301 1246 qui
1310 1152 1356 1220 ad

308 1263 430 1329 famam
441 1265 581 1330 aliorum
592 1263 763 1330 virulentis
775 1262 871 1332 dictis
885 1261 1073 1330 laniandam
1085 1285 1157 1329 sese
1171 1263 1355 1352 componit.

306 1371 381 1436 Non
404 1373 576 1436 Musarum
599 1386 655 1435 aut
677 1368 808 1452 Phoebi,
833 1369 892 1437 sed
915 1371 1113 1460 Erinnyum,
1138 1371 1252 1436 afflatu
1276 1369 1356 1435 talia

307 1478 452 1543 carmina
466 1476 665 1542 scribuntur.

353 1588 391 1650 In
405 1584 498 1649 libris
513 1583 641 1672 scriptis
656 1599 689 1647 et
700 1583 794 1672 prelo
807 1585 967 1672 expressis
978 1582 1236 1674 antiquioribus,
1251 1581 1355 1674 subji-

226 1693 230 1706 “
307 1693 440 1756 ciuntur
459 1711 497 1752 ea
517 1687 714 1780 plerumque
734 1688 879 1777 Priapeis
901 1690 960 1775 (1),
984 1686 1129 1780 ideoque
1153 1689 1188 1753 in
1208 1688 1293 1769 aliis,
1318 1688 1356 1753 in

307 1795 428 1886 quibus
446 1810 522 1883 post
540 1795 630 1858 Cirin
645 1811 701 1860 aut
717 1793 782 1860 alio
799 1792 874 1859 loco
891 1794 1109 1876 collocantur,
1123 1793 1298 1864 adhaesere
1319 1797 1356 1862 in

305 1902 416 1966 fronte
430 1898 590 1966 nonnulla
603 1923 643 1965 ex
655 1901 809 1989 Priapeia.
824 1903 926 1967 Porro
938 1902 1050 1968 omnia
1062 1900 1133 1968 baec
1145 1901 1309 1990 poematia
1320 1903 1357 1967 in

305 2005 424 2073 iisdem
438 2005 673 2072 vetustioribus
687 2007 844 2072 continua
858 2008 1034 2098 scriptura,
1047 2024 1205 2098 tanquam
1217 2007 1356 2073 unicum

306 2135 439 2178 carmen
448 2129 630 2194 exarantur,
642 2128 675 2178 et
685 2111 821 2203 quidem
828 2111 927 2178 foedis
934 2113 1022 2179 vitiis
1030 2113 1355 2182 contaminatissima.

327 2267 329 2274 ι
349 2219 462 2301 Quum
475 2217 628 2284 Gannina
646 2217 718 2292 baec
732 2219 800 2284 auis
812 2219 883 2312 jam
903 2217 985 2284 locis
1006 2218 1214 2312 Anthologiae
1230 2219 1356 2284 latinae

305 2326 485 2392 Burmanni
503 2324 646 2392 Secundi
667 2325 789 2392 inserta
808 2340 931 2404 essent,
956 2322 1049 2389 nolui
1072 2341 1183 2390 actum
1204 2347 1301 2415 agere
1323 2341 1360 2389 et

305 2432 428 2498 variam
442 2431 634 2512 lectionem,
653 2453 713 2497 seu
725 2432 837 2521 potius
853 2430 1057 2521 corruptelas
1071 2427 1269 2499 adscribere.
1290 2432 1355 2495 lta·

306 2559 371 2628 que
386 2560 424 2602 ea
438 2554 565 2603 tantum
580 2537 852 2624 commemoravi,
866 2558 940 2628 quae
954 2559 974 2601 a
987 2536 1059 2604 viro
1074 2533 1268 2608 doctissimo
1284 2535 1355 2626 ple·

304 2667 447 2735 rumque
459 2643 646 2734 posthabita
660 2643 828 2726 videbam,
842 2661 883 2712 ut
891 2645 1088 2718 sententiam
1097 2666 1255 2716 versuum
1264 2667 1356 2711 accu-

306 2749 427 2816 ratiore
446 2751 716 2839 interpretatione
735 2751 997 2818 constituerem:
1022 2752 1084 2816 etsi
1106 2750 1171 2818 boc
1194 2751 1358 2844 majorem

305 2855 503 2945 plerumque
516 2853 746 2922 difficultatem
759 2854 875 2938 habet,
891 2881 992 2948 quam
1006 2878 1047 2922 ex
1059 2857 1271 2924 librariorum
1285 2872 1356 2922 stu·

305 2960 442 3050 poribus
456 2961 629 3031 ariolando
647 2961 773 3053 aliquid
789 2964 995 3053 exsculpere,
1015 2963 1108 3054 quod
1129 2987 1198 3028 non
1218 2981 1355 3052 prorsus

305 3068 487 3138 absurdum
496 3071 547 3136 sit.
562 3073 671 3160 Atque
682 3069 756 3136 haec
767 3094 833 3136 una
843 3094 897 3137 res
908 3069 1117 3138 tolerabilem
1125 3069 1207 3134 mihi
1217 3090 1355 3158 operam

305 3175 446 3243 reddere
460 3177 583 3267 potuit,
603 3199 703 3268 quam
720 3177 756 3242 in
773 3176 836 3244 hac
854 3176 965 3268 operis
983 3193 1077 3268 parte
1096 3175 1209 3267 posui;
1228 3197 1305 3245 nam
1319 3174 1356 3238 in

304 3281 356 3350 his
379 3284 508 3373 probris
531 3283 719 3364 virulentis,
743 3282 951 3367 criminibus,
972 3281 1172 3370 maledictis,
1193 3279 1355 3372 quidnam

305 3389 361 3470 sit,
373 3389 464 3479 quod
474 3389 596 3455 bonam
606 3407 754 3455 mentem
764 3389 901 3478 ingenui
910 3388 1055 3457 hominis
1065 3387 1230 3454 delectare
1239 3385 1354 3476 possit,

306 3495 461 3584 equidem
472 3494 563 3561 haud
572 3495 685 3576 video;
696 3495 830 3561 rideant
838 3495 901 3578 illi,
913 3496 1034 3585 quibua
1045 3510 1161 3562 natura
1170 3492 1235 3559 boc
1245 3489 1353 3572 dedit,

308 3616 343 3668 ut
358 3623 398 3665 ex
408 3601 548 3668 aliorum
559 3600 690 3690 probris
702 3603 765 3690 ipsi
779 3623 927 3668 crescere
940 3599 1002 3666 sibi
1016 3599 1201 3668 videantur.

342 3773 384 3846 (ι)
394 3777 434 3829 De
446 3773 508 3828 edd.
520 3793 547 3827 v.
559 3777 663 3832 Harlea.
675 3777 759 3832 Notit.
773 3779 932 3852 scriptitat.
949 3781 1000 3834 To.
1017 3780 1042 3834 ss
1057 3797 1085 3852 p.
1103 3779 1164 3852 276.
1181 3795 1223 3851 sq.
1240 3775 1276 3830 cI.
1293 3791 1354 3848 sup.

306 3855 460 3914 1³10oequ
473 3854 600 3910 Culicem.

753 4069 892 4086 ⁸¹-ss
