<?xml version="1.0" encoding="UTF-8"?>
<!DOCTYPE html PUBLIC "-//W3C//DTD XHTML 1.0 Transitional//EN"
    "http://www.w3.org/TR/xhtml1/DTD/xhtml1-transitional.dtd">
<html xmlns="http://www.w3.org/1999/xhtml" xml:lang="en" lang="en">
 <head>
  <title>
</title>
<meta http-equiv="Content-Type" content="text/html;charset=utf-8" />
  <meta name='ocr-system' content='tesseract 3.04.00' />
  <meta name='ocr-capabilities' content='ocr_page ocr_carea ocr_par ocr_line ocrx_word'/>
</head>
<body>
  <div class='ocr_page' id='page_1' title='image "./pvirgiliusmaroq04barbgoog_0060.png"; bbox 0 0 2970 4714; ppageno 0'>
   <div class='ocr_carea' id='block_1_1' title="bbox 267 347 1062 420">
    <p class='ocr_par' dir='ltr' id='par_1_1' title="bbox 267 347 1062 420">
     <span class='ocr_line' id='line_1_1' title="bbox 267 347 1062 420; baseline 0.005 -4"><span class='ocrx_word' id='word_1_1' title='bbox 267 350 341 416; x_wconf 77' lang='lat'><strong>52-</strong></span> <span class='ocrx_word' id='word_1_2' title='bbox 511 348 546 412; x_wconf 86' lang='grc' dir='ltr'><strong>Ρ.</strong></span> <span class='ocrx_word' id='word_1_3' title='bbox 571 347 805 413; x_wconf 84' lang='lat' dir='ltr'><strong>VlRGlLll</strong></span> <span class='ocrx_word' id='word_1_4' title='bbox 828 347 1062 420; x_wconf 74' lang='lat' dir='ltr'><strong>Mauortis</strong></span> 
     </span>
    </p>
   </div>
   <div class='ocr_carea' id='block_1_2' title="bbox 266 470 1136 1093">
    <p class='ocr_par' dir='ltr' id='par_1_2' title="bbox 267 470 1023 562">
     <span class='ocr_line' id='line_1_2' title="bbox 267 470 1023 562; baseline 0.001 -22"><span class='ocrx_word' id='word_1_5' title='bbox 267 474 395 552; x_wconf 77' lang='lat' dir='ltr'>Obsita,</span> <span class='ocrx_word' id='word_1_6' title='bbox 409 494 471 537; x_wconf 92' lang='lat' dir='ltr'><strong>nec</strong></span> <span class='ocrx_word' id='word_1_7' title='bbox 483 471 596 537; x_wconf 74' lang='lat' dir='ltr'><strong>faciles</strong></span> <span class='ocrx_word' id='word_1_8' title='bbox 609 471 693 536; x_wconf 84' lang='lat' dir='ltr'><strong>Ditis</strong></span> <span class='ocrx_word' id='word_1_9' title='bbox 705 473 777 536; x_wconf 91' lang='lat' dir='ltr'><strong>sine</strong></span> <span class='ocrx_word' id='word_1_10' title='bbox 785 470 900 562; x_wconf 89' lang='lat' dir='ltr'><strong>judice</strong></span> <span class='ocrx_word' id='word_1_11' title='bbox 913 473 1023 557; x_wconf 88' lang='lat' dir='ltr'><strong>sedes,</strong></span> 
     </span>
    </p>

    <p class='ocr_par' dir='ltr' id='par_1_3' title="bbox 266 578 1050 668">
     <span class='ocr_line' id='line_1_3' title="bbox 266 578 1050 668; baseline 0.003 -23"><span class='ocrx_word' id='word_1_12' title='bbox 266 583 286 645; x_wconf 84' lang='lat' dir='ltr'>J</span> <span class='ocrx_word' id='word_1_13' title='bbox 289 580 402 658; x_wconf 81' lang='lat' dir='ltr'><strong>adice,</strong></span> <span class='ocrx_word' id='word_1_14' title='bbox 415 579 473 668; x_wconf 91' lang='lat' dir='ltr'><strong>qui</strong></span> <span class='ocrx_word' id='word_1_15' title='bbox 485 579 559 642; x_wconf 83' lang='lat' dir='ltr'><strong>vitae</strong></span> <span class='ocrx_word' id='word_1_16' title='bbox 571 593 800 665; x_wconf 85' lang='lat' dir='ltr'><strong>postmortem</strong></span> <span class='ocrx_word' id='word_1_17' title='bbox 811 578 957 646; x_wconf 85' lang='lat' dir='ltr'><strong>vindicat</strong></span> <span class='ocrx_word' id='word_1_18' title='bbox 968 597 1050 648; x_wconf 88' lang='lat' dir='ltr'><strong>acta.</strong></span> 
     </span>
    </p>

    <p class='ocr_par' dir='ltr' id='par_1_4' title="bbox 266 683 1136 1093">
     <span class='ocr_line' id='line_1_4' title="bbox 267 683 1065 776; baseline -0.003 -24"><span class='ocrx_word' id='word_1_19' title='bbox 267 685 333 752; x_wconf 87' lang='lat' dir='ltr'><strong>Sed</strong></span> <span class='ocrx_word' id='word_1_20' title='bbox 347 686 478 750; x_wconf 88' lang='lat' dir='ltr'><strong>fortuna</strong></span> <span class='ocrx_word' id='word_1_21' title='bbox 489 684 602 750; x_wconf 78' lang='lat' dir='ltr'><strong>valam</strong></span> <span class='ocrx_word' id='word_1_22' title='bbox 614 683 773 750; x_wconf 78' lang='lat' dir='ltr'><strong>audacem</strong></span> <span class='ocrx_word' id='word_1_23' title='bbox 786 686 909 751; x_wconf 82' lang='lat' dir='ltr'>fecerat</span> <span class='ocrx_word' id='word_1_24' title='bbox 921 686 1065 776; x_wconf 86' lang='lat' dir='ltr'><strong>Orphea.</strong></span> 
     </span>
     <span class='ocr_line' id='line_1_5' title="bbox 267 789 1084 880; baseline 0 -22"><span class='ocrx_word' id='word_1_25' title='bbox 267 793 343 858; x_wconf 90' lang='lat' dir='ltr'><strong>Jam</strong></span> <span class='ocrx_word' id='word_1_26' title='bbox 354 789 461 880; x_wconf 91' lang='lat' dir='ltr'><strong>rapidi</strong></span> <span class='ocrx_word' id='word_1_27' title='bbox 473 807 630 856; x_wconf 90' lang='lat' dir='ltr'><strong>steterant</strong></span> <span class='ocrx_word' id='word_1_28' title='bbox 641 813 770 872; x_wconf 89' lang='lat' dir='ltr'><strong>amnes,</strong></span> <span class='ocrx_word' id='word_1_29' title='bbox 785 808 818 856; x_wconf 91' lang='lat' dir='ltr'><strong>et</strong></span> <span class='ocrx_word' id='word_1_30' title='bbox 829 790 926 857; x_wconf 93' lang='lat' dir='ltr'><strong>turba</strong></span> <span class='ocrx_word' id='word_1_31' title='bbox 938 795 1084 860; x_wconf 78' lang='lat' dir='ltr'><strong>ferarum</strong></span> 
     </span>
     <span class='ocr_line' id='line_1_6' title="bbox 267 895 1136 989; baseline -0.001 -25"><span class='ocrx_word' id='word_1_32' title='bbox 267 895 393 964; x_wconf 87' lang='lat' dir='ltr'><strong>Blanda</strong></span> <span class='ocrx_word' id='word_1_33' title='bbox 403 919 486 963; x_wconf 84' lang='lat' dir='ltr'><strong>voce</strong></span> <span class='ocrx_word' id='word_1_34' title='bbox 498 919 622 986; x_wconf 82' lang='lat' dir='ltr'><strong>sequax</strong></span> <span class='ocrx_word' id='word_1_35' title='bbox 633 897 805 985; x_wconf 80' lang='lat' dir='ltr'>regionem</span> <span class='ocrx_word' id='word_1_36' title='bbox 816 897 983 964; x_wconf 82' lang='lat' dir='ltr'>insederat</span> <span class='ocrx_word' id='word_1_37' title='bbox 994 898 1136 989; x_wconf 82' lang='lat' dir='ltr'><strong>Orpbei3</strong></span> 
     </span>
     <span class='ocr_line' id='line_1_7' title="bbox 266 1001 1029 1093; baseline -0.001 -23"><span class='ocrx_word' id='word_1_38' title='bbox 266 1006 408 1093; x_wconf 82' lang='lat' dir='ltr'><strong>Jamque</strong></span> <span class='ocrx_word' id='word_1_39' title='bbox 421 1004 520 1071; x_wconf 89' lang='lat' dir='ltr'><strong>imam</strong></span> <span class='ocrx_word' id='word_1_40' title='bbox 533 1001 632 1067; x_wconf 86' lang='lat' dir='ltr'><strong>viridi</strong></span> <span class='ocrx_word' id='word_1_41' title='bbox 645 1001 791 1068; x_wconf 87' lang='lat' dir='ltr'><strong>radicem</strong></span> <span class='ocrx_word' id='word_1_42' title='bbox 804 1021 952 1069; x_wconf 82' lang='lat' dir='ltr'><strong>moverat</strong></span> <span class='ocrx_word' id='word_1_43' title='bbox 964 1005 1029 1070; x_wconf 84' lang='lat' dir='ltr'><strong>alte</strong></span> 
     </span>
    </p>
   </div>
   <div class='ocr_carea' id='block_1_3' title="bbox 266 1109 1316 1308">
    <p class='ocr_par' dir='ltr' id='par_1_5' title="bbox 266 1109 1316 1308">
     <span class='ocr_line' id='line_1_8' title="bbox 267 1109 1316 1203; baseline 0 -28"><span class='ocrx_word' id='word_1_44' title='bbox 267 1112 416 1194; x_wconf 87' lang='lat' dir='ltr'><strong>Quercus</strong></span> <span class='ocrx_word' id='word_1_45' title='bbox 428 1109 546 1188; x_wconf 89' lang='lat' dir='ltr'><strong>humo,</strong></span> <span class='ocrx_word' id='word_1_46' title='bbox 560 1125 786 1199; x_wconf 73' lang='lat' dir='ltr'><strong>steteruntque</strong></span> <span class='ocrx_word' id='word_1_47' title='bbox 798 1133 926 1191; x_wconf 88' lang='lat' dir='ltr'><strong>amnes,</strong></span> <span class='ocrx_word' id='word_1_48' title='bbox 940 1111 1098 1203; x_wconf 85' lang='lat' dir='ltr'><strong>silvaeque</strong></span> <span class='ocrx_word' id='word_1_49' title='bbox 1108 1135 1238 1181; x_wconf 86' lang='lat' dir='ltr'><strong>eonorae</strong></span> <span class='ocrx_word' id='word_1_50' title='bbox 1271 1126 1316 1176; x_wconf 75' lang='lat'><strong>²80</strong></span> 
     </span>
     <span class='ocr_line' id='line_1_9' title="bbox 266 1214 1041 1308; baseline 0.003 -25"><span class='ocrx_word' id='word_1_51' title='bbox 266 1218 391 1308; x_wconf 82' lang='lat' dir='ltr'><strong>Sponte</strong></span> <span class='ocrx_word' id='word_1_52' title='bbox 403 1239 462 1282; x_wconf 90' lang='lat' dir='ltr'><strong>sua</strong></span> <span class='ocrx_word' id='word_1_53' title='bbox 474 1232 589 1281; x_wconf 88' lang='lat' dir='ltr'><strong>cantus</strong></span> <span class='ocrx_word' id='word_1_54' title='bbox 601 1214 776 1305; x_wconf 81' lang='lat' dir='ltr'><strong>rapiebant</strong></span> <span class='ocrx_word' id='word_1_55' title='bbox 788 1218 910 1284; x_wconf 89' lang='lat' dir='ltr'><strong>cortice</strong></span> <span class='ocrx_word' id='word_1_56' title='bbox 922 1241 1041 1285; x_wconf 87' lang='lat' dir='ltr'><strong>amara.</strong></span> 
     </span>
    </p>
   </div>
   <div class='ocr_carea' id='block_1_4' title="bbox 265 1384 1359 2799">
    <p class='ocr_par' dir='ltr' id='par_1_6' title="bbox 265 1384 1359 2799">
     <span class='ocr_line' id='line_1_10' title="bbox 267 1384 1319 1452; baseline 0.001 -17"><span class='ocrx_word' id='word_1_57' title='bbox 267 1389 369 1451; x_wconf 72' lang='lat' dir='ltr'><strong>antique</strong></span> <span class='ocrx_word' id='word_1_58' title='bbox 382 1385 446 1432; x_wconf 80' lang='lat' dir='ltr'><strong>vocis</strong></span> <span class='ocrx_word' id='word_1_59' title='bbox 457 1384 520 1447; x_wconf 91' lang='lat' dir='ltr'><strong>apud</strong></span> <span class='ocrx_word' id='word_1_60' title='bbox 533 1384 626 1430; x_wconf 82' lang='lat' dir='ltr'><strong>Festum</strong></span> <span class='ocrx_word' id='word_1_61' title='bbox 637 1401 644 1440; x_wconf 89' lang='lat'>;</span> <span class='ocrx_word' id='word_1_62' title='bbox 659 1385 780 1449; x_wconf 82' lang='lat' dir='ltr'><strong>Cuefosum</strong></span> <span class='ocrx_word' id='word_1_63' title='bbox 795 1403 839 1451; x_wconf 91' lang='lat' dir='ltr'><strong>pro</strong></span> <span class='ocrx_word' id='word_1_64' title='bbox 855 1389 970 1436; x_wconf 84' lang='lat' dir='ltr'><strong>obscuro:</strong></span> <span class='ocrx_word' id='word_1_65' title='bbox 987 1407 1015 1437; x_wconf 83' lang='lat' dir='ltr'><strong>ex</strong></span> <span class='ocrx_word' id='word_1_66' title='bbox 1029 1387 1118 1445; x_wconf 72' lang='lat' dir='ltr'><strong>arisae.</strong></span> <span class='ocrx_word' id='word_1_67' title='bbox 1131 1391 1165 1436; x_wconf 85' lang='lat' dir='ltr'><strong>lta</strong></span> <span class='ocrx_word' id='word_1_68' title='bbox 1176 1405 1233 1436; x_wconf 78' lang='lat' dir='ltr'><strong>vero</strong></span> <span class='ocrx_word' id='word_1_69' title='bbox 1243 1391 1319 1452; x_wconf 84' lang='lat' dir='ltr'><strong>prima</strong></span> 
     </span>
     <span class='ocr_line' id='line_1_11' title="bbox 265 1455 1317 1524; baseline -0.001 -15"><span class='ocrx_word' id='word_1_70' title='bbox 265 1465 304 1510; x_wconf 79' lang='lat' dir='ltr'><strong>vis</strong></span> <span class='ocrx_word' id='word_1_71' title='bbox 315 1459 430 1524; x_wconf 85' lang='lat' dir='ltr'><strong>producta</strong></span> <span class='ocrx_word' id='word_1_72' title='bbox 443 1467 510 1503; x_wconf 71' lang='lat' dir='ltr'><strong>esset.</strong></span> <span class='ocrx_word' id='word_1_73' title='bbox 523 1455 626 1520; x_wconf 79' lang='lat' dir='ltr'><strong>Defessa</strong></span> <span class='ocrx_word' id='word_1_74' title='bbox 636 1456 716 1504; x_wconf 85' lang='lat' dir='ltr'><strong>damus</strong></span> <span class='ocrx_word' id='word_1_75' title='bbox 726 1458 792 1506; x_wconf 88' lang='lat' dir='ltr'><strong>haud</strong></span> <span class='ocrx_word' id='word_1_76' title='bbox 802 1460 874 1507; x_wconf 90' lang='lat' dir='ltr'><strong>dubie</strong></span> <span class='ocrx_word' id='word_1_77' title='bbox 886 1459 1005 1524; x_wconf 68' lang='lat' dir='ltr'><strong>eleganter</strong></span> <span class='ocrx_word' id='word_1_78' title='bbox 1020 1479 1064 1524; x_wconf 91' lang='lat' dir='ltr'><strong>pro</strong></span> <span class='ocrx_word' id='word_1_79' title='bbox 1080 1463 1139 1510; x_wconf 92' lang='lat' dir='ltr'><strong>locis</strong></span> <span class='ocrx_word' id='word_1_80' title='bbox 1152 1462 1317 1509; x_wconf 82' lang='lat' dir='ltr'><strong>subterraneis.</strong></span> 
     </span>
     <span class='ocr_line' id='line_1_12' title="bbox 265 1527 1319 1596; baseline -0.002 -15"><span class='ocrx_word' id='word_1_81' title='bbox 265 1537 303 1581; x_wconf 80' lang='lat' dir='ltr'><strong>Sic</strong></span> <span class='ocrx_word' id='word_1_82' title='bbox 315 1532 422 1596; x_wconf 78' lang='lat' dir='ltr'><strong>Defessus</strong></span> <span class='ocrx_word' id='word_1_83' title='bbox 433 1543 513 1590; x_wconf 76' lang='lat' dir='ltr'><strong>spectu</strong></span> <span class='ocrx_word' id='word_1_84' title='bbox 525 1528 567 1572; x_wconf 80' lang='lat' dir='ltr'><strong>Ge.</strong></span> <span class='ocrx_word' id='word_1_85' title='bbox 578 1527 612 1584; x_wconf 83' lang='lat' dir='ltr'><strong>ll.</strong></span> <span class='ocrx_word' id='word_1_86' title='bbox 625 1528 670 1590; x_wconf 82' lang='lat'><strong>376</strong></span> <span class='ocrx_word' id='word_1_87' title='bbox 684 1529 794 1578; x_wconf 77' lang='lat' dir='ltr'><strong>vidimus.</strong></span> <span class='ocrx_word' id='word_1_88' title='bbox 813 1532 982 1596; x_wconf 77' lang='lat' dir='ltr'><strong>Depressasque</strong></span> <span class='ocrx_word' id='word_1_89' title='bbox 994 1534 1056 1593; x_wconf 86' lang='lat' dir='ltr'><strong>conj.</strong></span> <span class='ocrx_word' id='word_1_90' title='bbox 1076 1533 1180 1589; x_wconf 66' lang='lat' dir='ltr'><strong>Jacobs„</strong></span> <span class='ocrx_word' id='word_1_91' title='bbox 1196 1532 1220 1578; x_wconf 89' lang='lat' dir='ltr'><strong>b.</strong></span> <span class='ocrx_word' id='word_1_92' title='bbox 1236 1532 1319 1580; x_wconf 87' lang='lat' dir='ltr'><strong>domos</strong></span> 
     </span>
     <span class='ocr_line' id='line_1_13' title="bbox 265 1599 1321 1672; baseline -0.001 -21"><span class='ocrx_word' id='word_1_93' title='bbox 265 1604 408 1672; x_wconf 76' lang='lat' dir='ltr'><strong>profundas,</strong></span> <span class='ocrx_word' id='word_1_94' title='bbox 420 1616 467 1665; x_wconf 86' lang='lat' dir='ltr'><strong>qua</strong></span> <span class='ocrx_word' id='word_1_95' title='bbox 484 1615 542 1645; x_wconf 80' lang='lat' dir='ltr'><strong>voce</strong></span> <span class='ocrx_word' id='word_1_96' title='bbox 559 1599 707 1648; x_wconf 84' lang='lat' dir='ltr'><strong>delectantur</strong></span> <span class='ocrx_word' id='word_1_97' title='bbox 722 1613 806 1666; x_wconf 81' lang='lat' dir='ltr'><strong>poetae.</strong></span> <span class='ocrx_word' id='word_1_98' title='bbox 824 1604 897 1649; x_wconf 82' lang='lat' dir='ltr'><strong>Porro</strong></span> <span class='ocrx_word' id='word_1_99' title='bbox 913 1605 945 1648; x_wconf 82' lang='lat' dir='ltr'><strong>ud</strong></span> <span class='ocrx_word' id='word_1_100' title='bbox 964 1607 990 1648; x_wconf 85' lang='grc' dir='ltr'><strong>Τ.</strong></span> <span class='ocrx_word' id='word_1_101' title='bbox 1007 1605 1090 1650; x_wconf 80' lang='lat' dir='ltr'><strong>vitium</strong></span> <span class='ocrx_word' id='word_1_102' title='bbox 1106 1603 1144 1650; x_wconf 88' lang='lat' dir='ltr'><strong>ed.</strong></span> <span class='ocrx_word' id='word_1_103' title='bbox 1161 1603 1272 1660; x_wconf 77' lang='lat' dir='ltr'><strong>Taubm,</strong></span> <span class='ocrx_word' id='word_1_104' title='bbox 1284 1603 1321 1650; x_wconf 91' lang='lat' dir='ltr'><strong>nil</strong></span> 
     </span>
     <span class='ocr_line' id='line_1_14' title="bbox 267 1671 1321 1740; baseline -0.001 -19"><span class='ocrx_word' id='word_1_105' title='bbox 267 1678 375 1740; x_wconf 74' lang='lat' dir='ltr'><strong>amplius.</strong></span> <span class='ocrx_word' id='word_1_106' title='bbox 390 1675 486 1718; x_wconf 79' lang='lat' dir='ltr'><strong>Tartara</strong></span> <span class='ocrx_word' id='word_1_107' title='bbox 498 1680 562 1718; x_wconf 86' lang='lat' dir='ltr'><strong>nocte</strong></span> <span class='ocrx_word' id='word_1_108' title='bbox 572 1671 662 1719; x_wconf 84' lang='lat' dir='ltr'><strong>absita:</strong></span> <span class='ocrx_word' id='word_1_109' title='bbox 675 1673 751 1731; x_wconf 89' lang='lat' dir='ltr'><strong>bene;</strong></span> <span class='ocrx_word' id='word_1_110' title='bbox 763 1673 805 1721; x_wconf 88' lang='lat' dir='ltr'><strong>sed</strong></span> <span class='ocrx_word' id='word_1_111' title='bbox 813 1683 878 1720; x_wconf 85' lang='lat' dir='ltr'><strong>nocte</strong></span> <span class='ocrx_word' id='word_1_112' title='bbox 886 1675 998 1720; x_wconf 81' lang='lat' dir='ltr'><strong>cruenta?</strong></span> <span class='ocrx_word' id='word_1_113' title='bbox 1006 1687 1036 1719; x_wconf 91' lang='lat' dir='ltr'><strong>an</strong></span> <span class='ocrx_word' id='word_1_114' title='bbox 1043 1673 1119 1736; x_wconf 89' lang='lat' dir='ltr'><strong>simpl.</strong></span> <span class='ocrx_word' id='word_1_115' title='bbox 1129 1691 1173 1738; x_wconf 81' lang='lat' dir='ltr'><strong>pro</strong></span> <span class='ocrx_word' id='word_1_116' title='bbox 1184 1675 1321 1722; x_wconf 82' lang='lat' dir='ltr'><strong>horrenda?</strong></span> 
     </span>
     <span class='ocr_line' id='line_1_15' title="bbox 266 1742 1320 1806; baseline -0.004 -10"><span class='ocrx_word' id='word_1_117' title='bbox 266 1752 305 1795; x_wconf 79' lang='lat' dir='ltr'><strong>Sic</strong></span> <span class='ocrx_word' id='word_1_118' title='bbox 318 1758 341 1792; x_wconf 82' lang='lat' dir='ltr'><strong>et</strong></span> <span class='ocrx_word' id='word_1_119' title='bbox 355 1743 403 1790; x_wconf 78' lang='lat' dir='ltr'><strong>lul.</strong></span> <span class='ocrx_word' id='word_1_120' title='bbox 423 1742 476 1789; x_wconf 87' lang='lat' dir='ltr'><strong>Sab.</strong></span> <span class='ocrx_word' id='word_1_121' title='bbox 494 1744 590 1806; x_wconf 85' lang='lat' dir='ltr'><strong>accipit,</strong></span> <span class='ocrx_word' id='word_1_122' title='bbox 601 1755 627 1788; x_wconf 93' lang='lat' dir='ltr'><strong>ut</strong></span> <span class='ocrx_word' id='word_1_123' title='bbox 639 1747 681 1800; x_wconf 89' lang='lat' dir='ltr'><strong>sit,</strong></span> <span class='ocrx_word' id='word_1_124' title='bbox 695 1760 762 1792; x_wconf 77' lang='lat' dir='ltr'><strong>sceva.</strong></span> <span class='ocrx_word' id='word_1_125' title='bbox 780 1745 828 1790; x_wconf 85' lang='lat' dir='ltr'><strong>Nisi</strong></span> <span class='ocrx_word' id='word_1_126' title='bbox 847 1743 912 1789; x_wconf 90' lang='lat' dir='ltr'><strong>aliud</strong></span> <span class='ocrx_word' id='word_1_127' title='bbox 925 1742 982 1788; x_wconf 90' lang='lat' dir='ltr'><strong>olim</strong></span> <span class='ocrx_word' id='word_1_128' title='bbox 994 1743 1040 1788; x_wconf 79' lang='lat' dir='ltr'><strong>luit</strong></span> <span class='ocrx_word' id='word_1_129' title='bbox 1049 1743 1183 1804; x_wconf 81' lang='lat' dir='ltr'><strong>epitheton:</strong></span> <span class='ocrx_word' id='word_1_130' title='bbox 1196 1755 1259 1792; x_wconf 82' lang='lat' dir='ltr'><strong>nocte</strong></span> <span class='ocrx_word' id='word_1_131' title='bbox 1272 1755 1320 1791; x_wconf 81' lang='lat' dir='ltr'><strong>tre-</strong></span> 
     </span>
     <span class='ocr_line' id='line_1_16' title="bbox 267 1811 1320 1878; baseline 0.001 -17"><span class='ocrx_word' id='word_1_132' title='bbox 267 1817 362 1872; x_wconf 76' lang='lat' dir='ltr'><strong>menda,</strong></span> <span class='ocrx_word' id='word_1_133' title='bbox 371 1823 436 1861; x_wconf 86' lang='lat' dir='ltr'><strong>nocte</strong></span> <span class='ocrx_word' id='word_1_134' title='bbox 444 1811 525 1858; x_wconf 77' lang='lat' dir='ltr'><strong>silenti.</strong></span> <span class='ocrx_word' id='word_1_135' title='bbox 536 1839 566 1850; x_wconf 92' lang='lat'><em>-</em></span> <span class='ocrx_word' id='word_1_136' title='bbox 577 1813 629 1877; x_wconf 69' lang='lat'><strong>²74·</strong></span> <span class='ocrx_word' id='word_1_137' title='bbox 640 1830 680 1860; x_wconf 81' lang='lat' dir='ltr'><strong>uec</strong></span> <span class='ocrx_word' id='word_1_138' title='bbox 686 1815 786 1878; x_wconf 84' lang='lat' dir='ltr'><strong>faciles:</strong></span> <span class='ocrx_word' id='word_1_139' title='bbox 797 1815 827 1860; x_wconf 90' lang='lat' dir='ltr'><strong>ad</strong></span> <span class='ocrx_word' id='word_1_140' title='bbox 839 1829 897 1878; x_wconf 84' lang='lat' dir='ltr'><strong>quas</strong></span> <span class='ocrx_word' id='word_1_141' title='bbox 909 1829 956 1860; x_wconf 90' lang='lat' dir='ltr'><strong>non</strong></span> <span class='ocrx_word' id='word_1_142' title='bbox 968 1813 1043 1859; x_wconf 77' lang='lat' dir='ltr'><strong>facilis</strong></span> <span class='ocrx_word' id='word_1_143' title='bbox 1055 1813 1143 1871; x_wconf 86' lang='lat' dir='ltr'><strong>aditus,</strong></span> <span class='ocrx_word' id='word_1_144' title='bbox 1155 1832 1207 1878; x_wconf 83' lang='lat' dir='ltr'><strong>quse</strong></span> <span class='ocrx_word' id='word_1_145' title='bbox 1216 1831 1265 1862; x_wconf 85' lang='lat' dir='ltr'><strong>non</strong></span> <span class='ocrx_word' id='word_1_146' title='bbox 1273 1815 1320 1862; x_wconf 88' lang='lat' dir='ltr'><strong>ad-</strong></span> 
     </span>
     <span class='ocr_line' id='line_1_17' title="bbox 267 1882 1319 1948; baseline -0.003 -13"><span class='ocrx_word' id='word_1_147' title='bbox 267 1891 363 1935; x_wconf 91' lang='lat' dir='ltr'><strong>mittunt</strong></span> <span class='ocrx_word' id='word_1_148' title='bbox 372 1883 487 1948; x_wconf 81' lang='lat' dir='ltr'><strong>aliquem,</strong></span> <span class='ocrx_word' id='word_1_149' title='bbox 497 1885 541 1930; x_wconf 86' lang='lat' dir='ltr'><strong>nisi</strong></span> <span class='ocrx_word' id='word_1_150' title='bbox 549 1885 667 1947; x_wconf 86' lang='lat' dir='ltr'><strong>judicium</strong></span> <span class='ocrx_word' id='word_1_151' title='bbox 675 1886 781 1932; x_wconf 88' lang='lat' dir='ltr'><strong>subierit.</strong></span> <span class='ocrx_word' id='word_1_152' title='bbox 792 1887 841 1930; x_wconf 80' lang='lat' dir='ltr'><strong>AEn.</strong></span> <span class='ocrx_word' id='word_1_153' title='bbox 852 1883 948 1940; x_wconf 55' lang='lat' dir='ltr'><strong>Vbiis</strong></span> <span class='ocrx_word' id='word_1_154' title='bbox 959 1887 1007 1930; x_wconf 89' lang='lat' dir='ltr'><strong>Nec</strong></span> <span class='ocrx_word' id='word_1_155' title='bbox 1015 1899 1068 1930; x_wconf 81' lang='lat' dir='ltr'><strong>vero</strong></span> <span class='ocrx_word' id='word_1_156' title='bbox 1080 1882 1114 1929; x_wconf 84' lang='lat' dir='ltr'><strong>lue</strong></span> <span class='ocrx_word' id='word_1_157' title='bbox 1125 1889 1173 1932; x_wconf 84' lang='lat' dir='ltr'><strong>sine</strong></span> <span class='ocrx_word' id='word_1_158' title='bbox 1181 1895 1241 1932; x_wconf 84' lang='lat' dir='ltr'><strong>sorta</strong></span> <span class='ocrx_word' id='word_1_159' title='bbox 1249 1887 1319 1944; x_wconf 76' lang='lat' dir='ltr'><strong>duta,</strong></span> 
     </span>
     <span class='ocr_line' id='line_1_18' title="bbox 266 1955 1320 2023; baseline -0.006 -13"><span class='ocrx_word' id='word_1_160' title='bbox 266 1965 316 2010; x_wconf 83' lang='lat' dir='ltr'><strong>siae</strong></span> <span class='ocrx_word' id='word_1_161' title='bbox 318 1959 407 2023; x_wconf 82' lang='lat' dir='ltr'><strong>judice,</strong></span> <span class='ocrx_word' id='word_1_162' title='bbox 417 1958 487 2004; x_wconf 85' lang='lat' dir='ltr'><strong>sedes.</strong></span> <span class='ocrx_word' id='word_1_163' title='bbox 496 1956 599 2020; x_wconf 74' lang='lat' dir='ltr'><strong>Scaliger</strong></span> <span class='ocrx_word' id='word_1_164' title='bbox 609 1957 691 2004; x_wconf 86' lang='lat' dir='ltr'><strong>maluit</strong></span> <span class='ocrx_word' id='word_1_165' title='bbox 698 1969 775 2004; x_wconf 86' lang='lat' dir='ltr'><strong>tamen</strong></span> <span class='ocrx_word' id='word_1_166' title='bbox 784 1973 790 2004; x_wconf 76' lang='grc' dir='ltr'><strong><em>ι</em></strong></span> <span class='ocrx_word' id='word_1_167' title='bbox 800 1973 841 2003; x_wconf 82' lang='lat' dir='ltr'><strong>nec</strong></span> <span class='ocrx_word' id='word_1_168' title='bbox 844 1955 929 2022; x_wconf 82' lang='lat' dir='ltr'><strong>faciles</strong></span> <span class='ocrx_word' id='word_1_169' title='bbox 938 1958 1025 2004; x_wconf 74' lang='lat' dir='ltr'><strong>Dutaeo</strong></span> <span class='ocrx_word' id='word_1_170' title='bbox 1029 1957 1107 2020; x_wconf 79' lang='lat' dir='ltr'><strong>judice</strong></span> <span class='ocrx_word' id='word_1_171' title='bbox 1115 1958 1222 2014; x_wconf 81' lang='lat' dir='ltr'><strong>sedes,·b.</strong></span> <span class='ocrx_word' id='word_1_172' title='bbox 1230 1959 1320 2015; x_wconf 88' lang='lat' dir='ltr'><strong>Minoe,</strong></span> 
     </span>
     <span class='ocr_line' id='line_1_19' title="bbox 267 2028 1321 2095; baseline -0.006 -15"><span class='ocrx_word' id='word_1_173' title='bbox 267 2033 351 2087; x_wconf 88' lang='lat' dir='ltr'><strong>docte;</strong></span> <span class='ocrx_word' id='word_1_174' title='bbox 360 2033 401 2076; x_wconf 84' lang='lat' dir='ltr'><strong>scit</strong></span> <span class='ocrx_word' id='word_1_175' title='bbox 407 2030 492 2093; x_wconf 81' lang='lat' dir='ltr'><strong>judicis</strong></span> <span class='ocrx_word' id='word_1_176' title='bbox 505 2045 562 2075; x_wconf 78' lang='lat' dir='ltr'><strong>urna</strong></span> <span class='ocrx_word' id='word_1_177' title='bbox 574 2029 657 2076; x_wconf 60' lang='lat' dir='ltr'><strong>Dictaei</strong></span> <span class='ocrx_word' id='word_1_178' title='bbox 665 2031 752 2075; x_wconf 86' lang='lat' dir='ltr'><strong>Statius</strong></span> <span class='ocrx_word' id='word_1_179' title='bbox 764 2028 830 2085; x_wconf 91' lang='lat' dir='ltr'><strong>Vlll,</strong></span> <span class='ocrx_word' id='word_1_180' title='bbox 850 2043 901 2073; x_wconf 85' lang='lat' dir='ltr'><strong>roa.</strong></span> <span class='ocrx_word' id='word_1_181' title='bbox 911 2053 943 2064; x_wconf 92' lang='lat'>-</span> <span class='ocrx_word' id='word_1_182' title='bbox 955 2029 1008 2091; x_wconf 81' lang='lat'>²7⁵·</span> <span class='ocrx_word' id='word_1_183' title='bbox 1024 2029 1107 2075; x_wconf 85' lang='lat' dir='ltr'><strong>iudt&#39;cut</strong></span> <span class='ocrx_word' id='word_1_184' title='bbox 1118 2041 1174 2076; x_wconf 81' lang='lat' dir='ltr'><strong>vett.</strong></span> <span class='ocrx_word' id='word_1_185' title='bbox 1188 2029 1242 2076; x_wconf 90' lang='lat' dir='ltr'><strong>edd.</strong></span> <span class='ocrx_word' id='word_1_186' title='bbox 1254 2030 1321 2095; x_wconf 74' lang='lat' dir='ltr'><strong>jardi-</strong></span> 
     </span>
     <span class='ocr_line' id='line_1_20' title="bbox 267 2099 1321 2162; baseline -0.004 -12"><span class='ocrx_word' id='word_1_187' title='bbox 267 2112 305 2150; x_wconf 89' lang='lat' dir='ltr'><strong>cat</strong></span> <span class='ocrx_word' id='word_1_188' title='bbox 316 2113 362 2150; x_wconf 83' lang='lat' dir='ltr'><strong>vet.</strong></span> <span class='ocrx_word' id='word_1_189' title='bbox 375 2101 427 2146; x_wconf 86' lang='lat' dir='ltr'><strong>cod.</strong></span> <span class='ocrx_word' id='word_1_190' title='bbox 439 2099 563 2162; x_wconf 77' lang='lat' dir='ltr'><strong>Scaligeri,</strong></span> <span class='ocrx_word' id='word_1_191' title='bbox 575 2112 598 2146; x_wconf 92' lang='lat' dir='ltr'><strong>et</strong></span> <span class='ocrx_word' id='word_1_192' title='bbox 611 2101 644 2145; x_wconf 89' lang='lat' dir='ltr'><strong>sic</strong></span> <span class='ocrx_word' id='word_1_193' title='bbox 656 2099 711 2145; x_wconf 88' lang='lat' dir='ltr'><strong>edd.</strong></span> <span class='ocrx_word' id='word_1_194' title='bbox 728 2100 841 2144; x_wconf 79' lang='lat' dir='ltr'><strong>verunae</strong></span> <span class='ocrx_word' id='word_1_195' title='bbox 854 2099 935 2144; x_wconf 81' lang='lat' dir='ltr'><strong>bembi</strong></span> <span class='ocrx_word' id='word_1_196' title='bbox 947 2099 1029 2144; x_wconf 84' lang='lat' dir='ltr'><strong>codice</strong></span> <span class='ocrx_word' id='word_1_197' title='bbox 1044 2099 1142 2145; x_wconf 69' lang='lat' dir='ltr'><strong>nardium</strong></span> <span class='ocrx_word' id='word_1_198' title='bbox 1155 2099 1238 2146; x_wconf 87' lang='lat' dir='ltr'><strong>eodem</strong></span> <span class='ocrx_word' id='word_1_199' title='bbox 1250 2115 1321 2146; x_wconf 89' lang='lat' dir='ltr'><strong>sensu</strong></span> 
     </span>
     <span class='ocr_line' id='line_1_21' title="bbox 268 2167 1320 2233; baseline -0.002 -13"><span class='ocrx_word' id='word_1_200' title='bbox 268 2174 360 2220; x_wconf 84' lang='lat' dir='ltr'><strong>doctina</strong></span> <span class='ocrx_word' id='word_1_201' title='bbox 371 2172 485 2233; x_wconf 85' lang='lat' dir='ltr'><strong>positum,</strong></span> <span class='ocrx_word' id='word_1_202' title='bbox 497 2181 606 2231; x_wconf 88' lang='lat' dir='ltr'><strong>respectu</strong></span> <span class='ocrx_word' id='word_1_203' title='bbox 618 2169 788 2233; x_wconf 70' lang='lat' dir='ltr'><strong>suppliciorum</strong></span> <span class='ocrx_word' id='word_1_204' title='bbox 800 2169 869 2214; x_wconf 85' lang='lat' dir='ltr'><strong>simul</strong></span> <span class='ocrx_word' id='word_1_205' title='bbox 880 2167 963 2216; x_wconf 86' lang='lat' dir='ltr'><strong>habito</strong></span> <span class='ocrx_word' id='word_1_206' title='bbox 974 2169 1155 2233; x_wconf 70' lang='lat' dir='ltr'><strong>infligendorurn</strong></span> <span class='ocrx_word' id='word_1_207' title='bbox 1165 2186 1193 2216; x_wconf 81' lang='lat' dir='ltr'><strong>es</strong></span> <span class='ocrx_word' id='word_1_208' title='bbox 1204 2173 1320 2218; x_wconf 85' lang='lat' dir='ltr'><strong>sententia</strong></span> 
     </span>
     <span class='ocr_line' id='line_1_22' title="bbox 266 2237 1317 2304; baseline -0.006 -13"><span class='ocrx_word' id='word_1_209' title='bbox 266 2244 323 2291; x_wconf 86' lang='lat' dir='ltr'><strong>lata.</strong></span> <span class='ocrx_word' id='word_1_210' title='bbox 335 2267 366 2278; x_wconf 90' lang='lat'><strong>—-</strong></span> <span class='ocrx_word' id='word_1_211' title='bbox 377 2242 428 2304; x_wconf 80' lang='lat'>276.</span> <span class='ocrx_word' id='word_1_212' title='bbox 442 2239 517 2304; x_wconf 78' lang='lat' dir='ltr'><strong>Suis.</strong></span> <span class='ocrx_word' id='word_1_213' title='bbox 527 2240 672 2302; x_wconf 76' lang='lat' dir='ltr'><strong>funerarem.</strong></span> <span class='ocrx_word' id='word_1_214' title='bbox 690 2239 770 2284; x_wconf 81' lang='lat' dir='ltr'><strong>Heius.</strong></span> <span class='ocrx_word' id='word_1_215' title='bbox 784 2237 844 2284; x_wconf 86' lang='lat' dir='ltr'><strong>Edd.</strong></span> <span class='ocrx_word' id='word_1_216' title='bbox 858 2238 911 2284; x_wconf 80' lang='lat' dir='ltr'><strong>Ald.</strong></span> <span class='ocrx_word' id='word_1_217' title='bbox 930 2253 953 2286; x_wconf 90' lang='lat' dir='ltr'><strong>et</strong></span> <span class='ocrx_word' id='word_1_218' title='bbox 969 2239 1025 2286; x_wconf 89' lang='lat' dir='ltr'><strong>binc</strong></span> <span class='ocrx_word' id='word_1_219' title='bbox 1041 2241 1083 2287; x_wconf 82' lang='lat' dir='ltr'><strong>Ge.</strong></span> <span class='ocrx_word' id='word_1_220' title='bbox 1101 2241 1191 2287; x_wconf 82' lang='lat' dir='ltr'><strong>Fabric.</strong></span> <span class='ocrx_word' id='word_1_221' title='bbox 1208 2255 1261 2286; x_wconf 81' lang='lat' dir='ltr'><strong>curn</strong></span> <span class='ocrx_word' id='word_1_222' title='bbox 1274 2255 1317 2286; x_wconf 82' lang='lat' dir='ltr'><strong>nas.</strong></span> 
     </span>
     <span class='ocr_line' id='line_1_23' title="bbox 267 2309 1320 2372; baseline -0.005 -11"><span class='ocrx_word' id='word_1_223' title='bbox 267 2313 354 2361; x_wconf 73' lang='lat' dir='ltr'><strong>Kteler.</strong></span> <span class='ocrx_word' id='word_1_224' title='bbox 370 2324 393 2360; x_wconf 86' lang='lat' dir='ltr'><strong>et</strong></span> <span class='ocrx_word' id='word_1_225' title='bbox 404 2311 501 2358; x_wconf 86' lang='lat' dir='ltr'><strong>llelmst.</strong></span> <span class='ocrx_word' id='word_1_226' title='bbox 515 2321 538 2356; x_wconf 88' lang='lat' dir='ltr'><strong>et</strong></span> <span class='ocrx_word' id='word_1_227' title='bbox 552 2311 629 2355; x_wconf 82' lang='lat' dir='ltr'><strong>Petav.</strong></span> <span class='ocrx_word' id='word_1_228' title='bbox 643 2323 669 2354; x_wconf 88' lang='lat' dir='ltr'><strong>ac</strong></span> <span class='ocrx_word' id='word_1_229' title='bbox 681 2310 748 2355; x_wconf 87' lang='lat' dir='ltr'><strong>Voss.</strong></span> <span class='ocrx_word' id='word_1_230' title='bbox 762 2309 871 2356; x_wconf 83' lang='lat' dir='ltr'><strong>audacem</strong></span> <span class='ocrx_word' id='word_1_231' title='bbox 875 2309 966 2372; x_wconf 87' lang='lat' dir='ltr'><strong>fecerat</strong></span> <span class='ocrx_word' id='word_1_232' title='bbox 971 2344 979 2366; x_wconf 92' lang='lat'><em>,</em></span> <span class='ocrx_word' id='word_1_233' title='bbox 990 2320 1042 2357; x_wconf 85' lang='lat' dir='ltr'><strong>ante</strong></span> <span class='ocrx_word' id='word_1_234' title='bbox 1053 2313 1106 2356; x_wconf 76' lang='lat' dir='ltr'><strong>Iam</strong></span> <span class='ocrx_word' id='word_1_235' title='bbox 1120 2327 1140 2356; x_wconf 89' lang='lat' dir='ltr'><strong>r.</strong></span> <span class='ocrx_word' id='word_1_236' title='bbox 1152 2335 1183 2346; x_wconf 91' lang='lat'><em>-</em></span> <span class='ocrx_word' id='word_1_237' title='bbox 1196 2309 1249 2372; x_wconf 78' lang='lat'>278.</span> <span class='ocrx_word' id='word_1_238' title='bbox 1264 2312 1320 2356; x_wconf 83' lang='lat' dir='ltr'><strong>insi-</strong></span> 
     </span>
     <span class='ocr_line' id='line_1_24' title="bbox 267 2379 1359 2450; baseline -0.005 -18"><span class='ocrx_word' id='word_1_239' title='bbox 267 2387 332 2433; x_wconf 79' lang='lat' dir='ltr'><strong>derat</strong></span> <span class='ocrx_word' id='word_1_240' title='bbox 342 2387 420 2432; x_wconf 83' lang='lat' dir='ltr'><strong>Petsv.</strong></span> <span class='ocrx_word' id='word_1_241' title='bbox 435 2396 458 2429; x_wconf 87' lang='lat' dir='ltr'><strong>et</strong></span> <span class='ocrx_word' id='word_1_242' title='bbox 470 2385 536 2428; x_wconf 88' lang='lat' dir='ltr'><strong>Voss.</strong></span> <span class='ocrx_word' id='word_1_243' title='bbox 549 2379 647 2444; x_wconf 80' lang='lat' dir='ltr'><strong>Reliqua</strong></span> <span class='ocrx_word' id='word_1_244' title='bbox 660 2395 740 2428; x_wconf 82' lang='lat' dir='ltr'><strong>uersus</strong></span> <span class='ocrx_word' id='word_1_245' title='bbox 749 2381 819 2428; x_wconf 82' lang='lat' dir='ltr'><strong>uerba</strong></span> <span class='ocrx_word' id='word_1_246' title='bbox 832 2396 880 2428; x_wconf 92' lang='lat' dir='ltr'><strong>non</strong></span> <span class='ocrx_word' id='word_1_247' title='bbox 892 2385 946 2428; x_wconf 86' lang='lat' dir='ltr'><strong>satis</strong></span> <span class='ocrx_word' id='word_1_248' title='bbox 957 2382 1024 2430; x_wconf 87' lang='lat' dir='ltr'><strong>docta</strong></span> <span class='ocrx_word' id='word_1_249' title='bbox 1039 2395 1107 2430; x_wconf 89' lang='lat' dir='ltr'><strong>sunt:</strong></span> <span class='ocrx_word' id='word_1_250' title='bbox 1122 2385 1233 2446; x_wconf 51' lang='lat' dir='ltr'><strong>wionem</strong></span> <span class='ocrx_word' id='word_1_251' title='bbox 1245 2380 1320 2427; x_wconf 88' lang='lat' dir='ltr'><strong>multo</strong></span> <span class='ocrx_word' id='word_1_252' title='bbox 1356 2437 1359 2450; x_wconf 39' lang='grc' dir='ltr'>Ι</span> 
     </span>
     <span class='ocr_line' id='line_1_25' title="bbox 267 2451 1318 2518; baseline -0.007 -14"><span class='ocrx_word' id='word_1_253' title='bbox 267 2461 346 2504; x_wconf 85' lang='lat' dir='ltr'><strong>minus</strong></span> <span class='ocrx_word' id='word_1_254' title='bbox 356 2455 501 2518; x_wconf 77' lang='lat' dir='ltr'><strong>expectabat.</strong></span> <span class='ocrx_word' id='word_1_255' title='bbox 512 2477 544 2489; x_wconf 90' lang='lat'>-</span> <span class='ocrx_word' id='word_1_256' title='bbox 557 2466 609 2513; x_wconf 79' lang='lat'><strong>279.</strong></span> <span class='ocrx_word' id='word_1_257' title='bbox 622 2467 692 2496; x_wconf 86' lang='lat' dir='ltr'><strong>unam</strong></span> <span class='ocrx_word' id='word_1_258' title='bbox 707 2463 763 2498; x_wconf 79' lang='lat' dir='ltr'><strong>vett.</strong></span> <span class='ocrx_word' id='word_1_259' title='bbox 780 2451 836 2498; x_wconf 88' lang='lat' dir='ltr'><strong>edd.</strong></span> <span class='ocrx_word' id='word_1_260' title='bbox 848 2469 891 2517; x_wconf 89' lang='lat' dir='ltr'><strong>pro</strong></span> <span class='ocrx_word' id='word_1_261' title='bbox 904 2458 985 2510; x_wconf 70' lang='lat' dir='ltr'><strong>msam,</strong></span> <span class='ocrx_word' id='word_1_262' title='bbox 996 2465 1023 2500; x_wconf 90' lang='lat' dir='ltr'><strong>ut</strong></span> <span class='ocrx_word' id='word_1_263' title='bbox 1038 2469 1098 2516; x_wconf 81' lang='lat' dir='ltr'><strong>stepe</strong></span> <span class='ocrx_word' id='word_1_264' title='bbox 1111 2453 1174 2500; x_wconf 85' lang='lat' dir='ltr'><strong>alias.</strong></span> <span class='ocrx_word' id='word_1_265' title='bbox 1188 2454 1264 2499; x_wconf 67' lang='lat' dir='ltr'><strong>venis</strong></span> <span class='ocrx_word' id='word_1_266' title='bbox 1276 2467 1318 2499; x_wconf 87' lang='lat' dir='ltr'><strong>ms.</strong></span> 
     </span>
     <span class='ocr_line' id='line_1_26' title="bbox 268 2523 1320 2588; baseline -0.006 -13"><span class='ocrx_word' id='word_1_267' title='bbox 268 2526 356 2575; x_wconf 83' lang='lat' dir='ltr'><strong>lloeler.</strong></span> <span class='ocrx_word' id='word_1_268' title='bbox 373 2529 426 2572; x_wconf 80' lang='lat' dir='ltr'><strong>Jum</strong></span> <span class='ocrx_word' id='word_1_269' title='bbox 437 2541 481 2570; x_wconf 79' lang='lat' dir='ltr'><strong>vox</strong></span> <span class='ocrx_word' id='word_1_270' title='bbox 497 2538 543 2568; x_wconf 85' lang='lat' dir='ltr'><strong>una</strong></span> <span class='ocrx_word' id='word_1_271' title='bbox 557 2524 601 2566; x_wconf 85' lang='lat' dir='ltr'><strong>viri</strong></span> <span class='ocrx_word' id='word_1_272' title='bbox 613 2523 743 2570; x_wconf 79' lang='lat' dir='ltr'><strong>Euridicem</strong></span> <span class='ocrx_word' id='word_1_273' title='bbox 754 2532 854 2570; x_wconf 81' lang='lat' dir='ltr'><strong>moverat</strong></span> <span class='ocrx_word' id='word_1_274' title='bbox 864 2540 906 2570; x_wconf 85' lang='lat' dir='ltr'><strong>nas.</strong></span> <span class='ocrx_word' id='word_1_275' title='bbox 924 2525 1020 2572; x_wconf 84' lang='lat' dir='ltr'><strong>llelntst.</strong></span> <span class='ocrx_word' id='word_1_276' title='bbox 1033 2549 1064 2561; x_wconf 91' lang='lat'>-</span> <span class='ocrx_word' id='word_1_277' title='bbox 1077 2525 1129 2571; x_wconf 78' lang='lat'>280.</span> <span class='ocrx_word' id='word_1_278' title='bbox 1143 2539 1188 2588; x_wconf 77' lang='lat' dir='ltr'><strong>que</strong></span> <span class='ocrx_word' id='word_1_279' title='bbox 1204 2541 1216 2570; x_wconf 87' lang='lat' dir='ltr'><strong>a</strong></span> <span class='ocrx_word' id='word_1_280' title='bbox 1233 2523 1320 2570; x_wconf 83' lang='lat' dir='ltr'><strong>Bembo</strong></span> 
     </span>
     <span class='ocr_line' id='line_1_27' title="bbox 268 2591 1320 2660; baseline -0.005 -16"><span class='ocrx_word' id='word_1_281' title='bbox 268 2599 360 2644; x_wconf 84' lang='lat' dir='ltr'><strong>illatum</strong></span> <span class='ocrx_word' id='word_1_282' title='bbox 377 2607 429 2660; x_wconf 89' lang='lat' dir='ltr'><strong>post</strong></span> <span class='ocrx_word' id='word_1_283' title='bbox 438 2600 549 2639; x_wconf 78' lang='lat' dir='ltr'><strong>steterant</strong></span> <span class='ocrx_word' id='word_1_284' title='bbox 559 2594 584 2636; x_wconf 92' lang='lat' dir='ltr'><strong>in</strong></span> <span class='ocrx_word' id='word_1_285' title='bbox 595 2603 651 2637; x_wconf 77' lang='lat' dir='ltr'><strong>vett.</strong></span> <span class='ocrx_word' id='word_1_286' title='bbox 666 2591 734 2648; x_wconf 81' lang='lat' dir='ltr'><strong>edd,</strong></span> <span class='ocrx_word' id='word_1_287' title='bbox 748 2596 817 2640; x_wconf 85' lang='lat' dir='ltr'><strong>etiam</strong></span> <span class='ocrx_word' id='word_1_288' title='bbox 831 2593 928 2651; x_wconf 81' lang='lat' dir='ltr'><strong>Aldina,</strong></span> <span class='ocrx_word' id='word_1_289' title='bbox 944 2610 993 2643; x_wconf 87' lang='lat' dir='ltr'><strong>non</strong></span> <span class='ocrx_word' id='word_1_290' title='bbox 1008 2593 1068 2641; x_wconf 84' lang='lat' dir='ltr'><strong>male</strong></span> <span class='ocrx_word' id='word_1_291' title='bbox 1082 2595 1154 2640; x_wconf 87' lang='lat' dir='ltr'><strong>abest.</strong></span> <span class='ocrx_word' id='word_1_292' title='bbox 1166 2593 1213 2639; x_wconf 86' lang='lat' dir='ltr'><strong>Sed</strong></span> <span class='ocrx_word' id='word_1_293' title='bbox 1223 2595 1320 2639; x_wconf 85' lang='lat' dir='ltr'><strong>omnino</strong></span> 
     </span>
     <span class='ocr_line' id='line_1_28' title="bbox 268 2660 1318 2730; baseline -0.006 -18"><span class='ocrx_word' id='word_1_294' title='bbox 268 2665 421 2730; x_wconf 80' lang='lat' dir='ltr'><strong>interpolatio</strong></span> <span class='ocrx_word' id='word_1_295' title='bbox 432 2662 492 2710; x_wconf 86' lang='lat' dir='ltr'><strong>inb.</strong></span> <span class='ocrx_word' id='word_1_296' title='bbox 503 2660 520 2705; x_wconf 93' lang='lat' dir='ltr'><strong>l.</strong></span> <span class='ocrx_word' id='word_1_297' title='bbox 530 2673 629 2721; x_wconf 73' lang='lat' dir='ltr'><strong>grassata</strong></span> <span class='ocrx_word' id='word_1_298' title='bbox 642 2673 684 2707; x_wconf 87' lang='lat' dir='ltr'><strong>est.</strong></span> <span class='ocrx_word' id='word_1_299' title='bbox 697 2671 806 2709; x_wconf 82' lang='lat' dir='ltr'><strong>steterant</strong></span> <span class='ocrx_word' id='word_1_300' title='bbox 816 2679 894 2710; x_wconf 79' lang='lat' dir='ltr'><strong>amnes</strong></span> <span class='ocrx_word' id='word_1_301' title='bbox 903 2665 952 2726; x_wconf 80' lang='lat' dir='ltr'><strong>jam</strong></span> <span class='ocrx_word' id='word_1_302' title='bbox 968 2675 1116 2728; x_wconf 71' lang='lat' dir='ltr'><strong>precesserat</strong></span> <span class='ocrx_word' id='word_1_303' title='bbox 1129 2680 1152 2710; x_wconf 73' lang='lat' dir='ltr'><strong>s.</strong></span> <span class='ocrx_word' id='word_1_304' title='bbox 1171 2677 1223 2724; x_wconf 73' lang='lat' dir='ltr'><strong>app.</strong></span> <span class='ocrx_word' id='word_1_305' title='bbox 1239 2663 1318 2708; x_wconf 87' lang='lat' dir='ltr'><strong>lleins.</strong></span> 
     </span>
     <span class='ocr_line' id='line_1_29' title="bbox 269 2731 1320 2799; baseline -0.006 -17"><span class='ocrx_word' id='word_1_306' title='bbox 269 2739 334 2799; x_wconf 81' lang='lat' dir='ltr'><strong>conj.</strong></span> <span class='ocrx_word' id='word_1_307' title='bbox 351 2737 499 2798; x_wconf 77' lang='lat' dir='ltr'><strong>sequiturque</strong></span> <span class='ocrx_word' id='word_1_308' title='bbox 511 2745 599 2785; x_wconf 65' lang='lat' dir='ltr'><strong>comest</strong></span> <span class='ocrx_word' id='word_1_309' title='bbox 611 2741 661 2778; x_wconf 86' lang='lat' dir='ltr'><strong>turn</strong></span> <span class='ocrx_word' id='word_1_310' title='bbox 677 2747 768 2781; x_wconf 80' lang='lat' dir='ltr'><strong>sonoros</strong></span> <span class='ocrx_word' id='word_1_311' title='bbox 786 2733 882 2783; x_wconf 82' lang='lat' dir='ltr'><strong>martrlt.</strong></span> <span class='ocrx_word' id='word_1_312' title='bbox 892 2759 924 2772; x_wconf 92' lang='lat'><strong>·-</strong></span> <span class='ocrx_word' id='word_1_313' title='bbox 934 2735 986 2783; x_wconf 78' lang='lat'>281.</span> <span class='ocrx_word' id='word_1_314' title='bbox 999 2750 1019 2780; x_wconf 88' lang='lat' dir='ltr'><strong>c.</strong></span> <span class='ocrx_word' id='word_1_315' title='bbox 1031 2748 1103 2779; x_wconf 80' lang='lat' dir='ltr'><strong>auara</strong></span> <span class='ocrx_word' id='word_1_316' title='bbox 1118 2733 1196 2778; x_wconf 83' lang='lat' dir='ltr'><strong>Peter.</strong></span> <span class='ocrx_word' id='word_1_317' title='bbox 1215 2743 1239 2778; x_wconf 91' lang='lat' dir='ltr'><strong>et</strong></span> <span class='ocrx_word' id='word_1_318' title='bbox 1254 2731 1320 2778; x_wconf 88' lang='lat' dir='ltr'><strong>Voss.</strong></span> 
     </span>
    </p>
   </div>
   <div class='ocr_carea' id='block_1_5' title="bbox 267 2872 1320 4150">
    <p class='ocr_par' dir='ltr' id='par_1_7' title="bbox 267 2872 1320 4150">
     <span class='ocr_line' id='line_1_30' title="bbox 306 2872 1318 2948; baseline -0.003 -20"><span class='ocrx_word' id='word_1_319' title='bbox 306 2877 367 2946; x_wconf 79' lang='lat'><strong>276.</strong></span> <span class='ocrx_word' id='word_1_320' title='bbox 389 2873 505 2924; x_wconf 83' lang='lat' dir='ltr'><strong>Fortuna</strong></span> <span class='ocrx_word' id='word_1_321' title='bbox 524 2874 652 2925; x_wconf 85' lang='lat' dir='ltr'><strong>audacem</strong></span> <span class='ocrx_word' id='word_1_322' title='bbox 669 2875 774 2946; x_wconf 81' lang='lat' dir='ltr'><strong>fecerat</strong></span> <span class='ocrx_word' id='word_1_323' title='bbox 816 2877 1111 2948; x_wconf 74' lang='lat' dir='ltr'><strong>illefuit(nsmtotum</strong></span> <span class='ocrx_word' id='word_1_324' title='bbox 1124 2875 1274 2947; x_wconf 83' lang='lat' dir='ltr'><strong>episodium</strong></span> <span class='ocrx_word' id='word_1_325' title='bbox 1284 2872 1318 2926; x_wconf 91' lang='lat' dir='ltr'><strong>de</strong></span> 
     </span>
     <span class='ocr_line' id='line_1_31' title="bbox 271 2951 1319 3032; baseline -0.001 -26"><span class='ocrx_word' id='word_1_326' title='bbox 271 2953 393 3024; x_wconf 76' lang='lat' dir='ltr'><strong>Orphea,</strong></span> <span class='ocrx_word' id='word_1_327' title='bbox 407 2951 464 3002; x_wconf 83' lang='lat' dir='ltr'><strong>teil.</strong></span> <span class='ocrx_word' id='word_1_328' title='bbox 480 2951 553 3022; x_wconf 91' lang='lat' dir='ltr'><strong>qnod</strong></span> <span class='ocrx_word' id='word_1_329' title='bbox 565 2966 666 3006; x_wconf 87' lang='lat' dir='ltr'><strong>tantam</strong></span> <span class='ocrx_word' id='word_1_330' title='bbox 678 2969 771 3008; x_wconf 86' lang='lat' dir='ltr'><strong>cantus</strong></span> <span class='ocrx_word' id='word_1_331' title='bbox 816 2959 927 3032; x_wconf 85' lang='lat' dir='ltr'><strong>Orpheo</strong></span> <span class='ocrx_word' id='word_1_332' title='bbox 947 2959 981 3011; x_wconf 85' lang='lat' dir='ltr'><strong>ab</strong></span> <span class='ocrx_word' id='word_1_333' title='bbox 998 2957 1067 3023; x_wconf 84' lang='lat' dir='ltr'><strong>elio,</strong></span> <span class='ocrx_word' id='word_1_334' title='bbox 1087 2957 1135 3009; x_wconf 83' lang='lat' dir='ltr'><strong>sed</strong></span> <span class='ocrx_word' id='word_1_335' title='bbox 1156 2956 1253 3023; x_wconf 81' lang='lat' dir='ltr'><strong>docto,</strong></span> <span class='ocrx_word' id='word_1_336' title='bbox 1269 2953 1319 3006; x_wconf 88' lang='lat' dir='ltr'><strong>bo-</strong></span> 
     </span>
     <span class='ocr_line' id='line_1_32' title="bbox 270 3031 1320 3112; baseline -0.001 -27"><span class='ocrx_word' id='word_1_337' title='bbox 270 3036 312 3086; x_wconf 86' lang='lat' dir='ltr'><strong>sui</strong></span> <span class='ocrx_word' id='word_1_338' title='bbox 321 3034 374 3084; x_wconf 82' lang='lat' dir='ltr'><strong>rim</strong></span> <span class='ocrx_word' id='word_1_339' title='bbox 384 3033 412 3084; x_wconf 92' lang='lat' dir='ltr'><strong>in</strong></span> <span class='ocrx_word' id='word_1_340' title='bbox 425 3031 484 3083; x_wconf 87' lang='lat' dir='ltr'><strong>aliis</strong></span> <span class='ocrx_word' id='word_1_341' title='bbox 494 3032 574 3084; x_wconf 89' lang='lat' dir='ltr'><strong>rebus</strong></span> <span class='ocrx_word' id='word_1_342' title='bbox 587 3033 639 3084; x_wconf 91' lang='lat' dir='ltr'><strong>alio</strong></span> <span class='ocrx_word' id='word_1_343' title='bbox 652 3047 771 3107; x_wconf 85' lang='lat' dir='ltr'><strong>tempore</strong></span> <span class='ocrx_word' id='word_1_344' title='bbox 816 3041 887 3092; x_wconf 90' lang='lat' dir='ltr'><strong>mine</strong></span> <span class='ocrx_word' id='word_1_345' title='bbox 913 3039 1064 3112; x_wconf 84' lang='lat' dir='ltr'><strong>profectum</strong></span> <span class='ocrx_word' id='word_1_346' title='bbox 1088 3035 1228 3106; x_wconf 82' lang='lat' dir='ltr'><strong>videtur),</strong></span> <span class='ocrx_word' id='word_1_347' title='bbox 1257 3053 1320 3086; x_wconf 87' lang='lat' dir='ltr'><strong>curn</strong></span> 
     </span>
     <span class='ocr_line' id='line_1_33' title="bbox 267 3115 1320 3190; baseline 0 -25"><span class='ocrx_word' id='word_1_348' title='bbox 267 3118 323 3182; x_wconf 83' lang='lat' dir='ltr'><strong>jam</strong></span> <span class='ocrx_word' id='word_1_349' title='bbox 340 3131 409 3184; x_wconf 80' lang='lat' dir='ltr'><strong>saepe</strong></span> <span class='ocrx_word' id='word_1_350' title='bbox 431 3125 510 3164; x_wconf 85' lang='lat' dir='ltr'><strong>antea</strong></span> <span class='ocrx_word' id='word_1_351' title='bbox 528 3127 652 3184; x_wconf 81' lang='lat' dir='ltr'><strong>expertus</strong></span> <span class='ocrx_word' id='word_1_352' title='bbox 668 3117 771 3184; x_wconf 85' lang='lat' dir='ltr'><strong>fuerat,</strong></span> <span class='ocrx_word' id='word_1_353' title='bbox 816 3119 914 3173; x_wconf 82' lang='lat' dir='ltr'><strong>Ouidio</strong></span> <span class='ocrx_word' id='word_1_354' title='bbox 932 3133 958 3172; x_wconf 87' lang='lat' dir='ltr'><strong>et</strong></span> <span class='ocrx_word' id='word_1_355' title='bbox 973 3119 1048 3184; x_wconf 83' lang='lat' dir='ltr'><strong>aliis,</strong></span> <span class='ocrx_word' id='word_1_356' title='bbox 1066 3115 1139 3190; x_wconf 92' lang='lat' dir='ltr'><strong>quod</strong></span> <span class='ocrx_word' id='word_1_357' title='bbox 1155 3117 1209 3167; x_wconf 88' lang='lat' dir='ltr'><strong>vim</strong></span> <span class='ocrx_word' id='word_1_358' title='bbox 1224 3127 1320 3166; x_wconf 82' lang='lat' dir='ltr'><strong>cantus</strong></span> 
     </span>
     <span class='ocr_line' id='line_1_34' title="bbox 271 3193 1319 3272; baseline -0.002 -26"><span class='ocrx_word' id='word_1_359' title='bbox 271 3213 330 3266; x_wconf 74' lang='lat' dir='ltr'><strong>quar</strong></span> <span class='ocrx_word' id='word_1_360' title='bbox 342 3213 403 3246; x_wconf 81' lang='lat' dir='ltr'><strong>mox</strong></span> <span class='ocrx_word' id='word_1_361' title='bbox 420 3209 626 3248; x_wconf 83' lang='lat' dir='ltr'><strong>enumerantur:</strong></span> <span class='ocrx_word' id='word_1_362' title='bbox 641 3195 692 3250; x_wconf 91' lang='lat' dir='ltr'><strong>hoc</strong></span> <span class='ocrx_word' id='word_1_363' title='bbox 711 3212 771 3251; x_wconf 90' lang='lat' dir='ltr'><strong>tan·</strong></span> <span class='ocrx_word' id='word_1_364' title='bbox 816 3199 929 3272; x_wconf 90' lang='lat' dir='ltr'><strong>Orphici</strong></span> <span class='ocrx_word' id='word_1_365' title='bbox 950 3202 979 3251; x_wconf 92' lang='lat' dir='ltr'><strong>in</strong></span> <span class='ocrx_word' id='word_1_366' title='bbox 1001 3200 1110 3252; x_wconf 83' lang='lat' dir='ltr'><strong>arbores</strong></span> <span class='ocrx_word' id='word_1_367' title='bbox 1132 3197 1210 3248; x_wconf 87' lang='lat' dir='ltr'><strong>nimis</strong></span> <span class='ocrx_word' id='word_1_368' title='bbox 1235 3193 1319 3246; x_wconf 87' lang='lat' dir='ltr'><strong>dilute</strong></span> 
     </span>
     <span class='ocr_line' id='line_1_35' title="bbox 272 3276 1320 3352; baseline -0.003 -23"><span class='ocrx_word' id='word_1_369' title='bbox 272 3295 352 3348; x_wconf 82' lang='lat' dir='ltr'><strong>quarn</strong></span> <span class='ocrx_word' id='word_1_370' title='bbox 364 3294 488 3328; x_wconf 85' lang='lat' dir='ltr'><strong>successu</strong></span> <span class='ocrx_word' id='word_1_371' title='bbox 501 3276 585 3328; x_wconf 85' lang='lat' dir='ltr'><strong>elatus</strong></span> <span class='ocrx_word' id='word_1_372' title='bbox 598 3277 643 3330; x_wconf 93' lang='lat' dir='ltr'><strong>ille</strong></span> <span class='ocrx_word' id='word_1_373' title='bbox 653 3279 770 3332; x_wconf 85' lang='lat' dir='ltr'><strong>audebat</strong></span> <span class='ocrx_word' id='word_1_374' title='bbox 816 3280 964 3352; x_wconf 83' lang='lat' dir='ltr'><strong>descripsit.</strong></span> <span class='ocrx_word' id='word_1_375' title='bbox 982 3281 1063 3333; x_wconf 83' lang='lat' dir='ltr'><strong>Recte</strong></span> <span class='ocrx_word' id='word_1_376' title='bbox 1079 3292 1154 3332; x_wconf 80' lang='lat' dir='ltr'><strong>vetus</strong></span> <span class='ocrx_word' id='word_1_377' title='bbox 1171 3277 1260 3349; x_wconf 82' lang='lat' dir='ltr'><strong>poesis</strong></span> <span class='ocrx_word' id='word_1_378' title='bbox 1279 3292 1320 3327; x_wconf 87' lang='lat' dir='ltr'><strong>ar-</strong></span> 
     </span>
     <span class='ocr_line' id='line_1_36' title="bbox 270 3357 1318 3414; baseline -0.005 -3"><span class='ocrx_word' id='word_1_379' title='bbox 270 3379 342 3412; x_wconf 88' lang='lat' dir='ltr'><strong>nunc</strong></span> <span class='ocrx_word' id='word_1_380' title='bbox 364 3358 437 3410; x_wconf 83' lang='lat' dir='ltr'><strong>adire</strong></span> <span class='ocrx_word' id='word_1_381' title='bbox 458 3357 517 3414; x_wconf 84' lang='lat' dir='ltr'><strong>loca</strong></span> <span class='ocrx_word' id='word_1_382' title='bbox 538 3360 633 3412; x_wconf 86' lang='lat' dir='ltr'><strong>infera.</strong></span> <span class='ocrx_word' id='word_1_383' title='bbox 653 3362 769 3414; x_wconf 81' lang='lat' dir='ltr'><strong>Fortuna</strong></span> <span class='ocrx_word' id='word_1_384' title='bbox 814 3361 894 3414; x_wconf 91' lang='lat' dir='ltr'><strong>bores</strong></span> <span class='ocrx_word' id='word_1_385' title='bbox 913 3363 1030 3414; x_wconf 91' lang='lat' dir='ltr'><strong>carmine</strong></span> <span class='ocrx_word' id='word_1_386' title='bbox 1045 3375 1131 3411; x_wconf 87' lang='lat' dir='ltr'><strong>motas</strong></span> <span class='ocrx_word' id='word_1_387' title='bbox 1150 3372 1176 3411; x_wconf 88' lang='lat' dir='ltr'><strong>et</strong></span> <span class='ocrx_word' id='word_1_388' title='bbox 1195 3357 1318 3410; x_wconf 83' lang='lat' dir='ltr'><strong>delinitas</strong></span> 
     </span>
     <span class='ocr_line' id='line_1_37' title="bbox 271 3436 1318 3512; baseline -0.004 -21"><span class='ocrx_word' id='word_1_389' title='bbox 271 3438 359 3491; x_wconf 83' lang='lat' dir='ltr'><strong>ualens</strong></span> <span class='ocrx_word' id='word_1_390' title='bbox 372 3459 380 3486; x_wconf 88' lang='grc'><strong>.·</strong></span> <span class='ocrx_word' id='word_1_391' title='bbox 395 3436 481 3508; x_wconf 89' lang='lat' dir='ltr'><strong>simpl.</strong></span> <span class='ocrx_word' id='word_1_392' title='bbox 500 3457 597 3491; x_wconf 86' lang='lat' dir='ltr'><strong>ornans</strong></span> <span class='ocrx_word' id='word_1_393' title='bbox 614 3441 769 3512; x_wconf 86' lang='lat' dir='ltr'><strong>epitheton;</strong></span> <span class='ocrx_word' id='word_1_394' title='bbox 816 3441 906 3496; x_wconf 88' lang='lat' dir='ltr'><strong>dicere</strong></span> <span class='ocrx_word' id='word_1_395' title='bbox 925 3441 1021 3512; x_wconf 83' lang='lat' dir='ltr'><strong>potuit.</strong></span> <span class='ocrx_word' id='word_1_396' title='bbox 1036 3439 1088 3490; x_wconf 89' lang='lat' dir='ltr'><strong>Sed</strong></span> <span class='ocrx_word' id='word_1_397' title='bbox 1107 3441 1227 3508; x_wconf 88' lang='lat' dir='ltr'><strong>ineptum</strong></span> <span class='ocrx_word' id='word_1_398' title='bbox 1244 3446 1318 3500; x_wconf 89' lang='lat' dir='ltr'><strong>erat,</strong></span> 
     </span>
     <span class='ocr_line' id='line_1_38' title="bbox 269 3517 1319 3592; baseline -0.004 -20"><span class='ocrx_word' id='word_1_399' title='bbox 269 3520 430 3590; x_wconf 87' lang='lat' dir='ltr'><strong>plerumque</strong></span> <span class='ocrx_word' id='word_1_400' title='bbox 453 3517 517 3569; x_wconf 86' lang='lat' dir='ltr'><strong>alias</strong></span> <span class='ocrx_word' id='word_1_401' title='bbox 535 3519 648 3589; x_wconf 76' lang='lat' dir='ltr'><strong>fortuna</strong></span> <span class='ocrx_word' id='word_1_402' title='bbox 671 3533 770 3592; x_wconf 84' lang='lat' dir='ltr'><strong>potens.</strong></span> <span class='ocrx_word' id='word_1_403' title='bbox 817 3520 880 3574; x_wconf 89' lang='lat' dir='ltr'><strong>huic</strong></span> <span class='ocrx_word' id='word_1_404' title='bbox 892 3519 1073 3592; x_wconf 74' lang='lat' dir='ltr'><strong>phantasmati</strong></span> <span class='ocrx_word' id='word_1_405' title='bbox 1086 3517 1222 3568; x_wconf 87' lang='lat' dir='ltr'><strong>immorari</strong></span> <span class='ocrx_word' id='word_1_406' title='bbox 1237 3528 1263 3568; x_wconf 88' lang='lat' dir='ltr'><strong>et</strong></span> <span class='ocrx_word' id='word_1_407' title='bbox 1279 3519 1319 3587; x_wconf 93' lang='lat' dir='ltr'><strong>ip-</strong></span> 
     </span>
     <span class='ocr_line' id='line_1_39' title="bbox 270 3595 1318 3670; baseline 0 -22"><span class='ocrx_word' id='word_1_408' title='bbox 270 3613 377 3666; x_wconf 85' lang='lat' dir='ltr'><strong>-a77.</strong></span> <span class='ocrx_word' id='word_1_409' title='bbox 394 3597 729 3670; x_wconf 70' lang='lat' dir='ltr'><strong>278.reqioncm‚locum‚</strong></span> <span class='ocrx_word' id='word_1_410' title='bbox 745 3602 773 3652; x_wconf 91' lang='lat' dir='ltr'><strong>in</strong></span> <span class='ocrx_word' id='word_1_411' title='bbox 817 3618 874 3652; x_wconf 87' lang='lat' dir='ltr'><strong>sam</strong></span> <span class='ocrx_word' id='word_1_412' title='bbox 897 3611 985 3650; x_wconf 88' lang='lat' dir='ltr'><strong>motus</strong></span> <span class='ocrx_word' id='word_1_413' title='bbox 1010 3599 1140 3647; x_wconf 81' lang='lat' dir='ltr'><strong>rationem</strong></span> <span class='ocrx_word' id='word_1_414' title='bbox 1168 3595 1318 3649; x_wconf 85' lang='lat' dir='ltr'><strong>describere</strong></span> 
     </span>
     <span class='ocr_line' id='line_1_40' title="bbox 272 3675 1320 3750; baseline -0.001 -22"><span class='ocrx_word' id='word_1_415' title='bbox 272 3695 326 3750; x_wconf 88' lang='lat' dir='ltr'><strong>quo</strong></span> <span class='ocrx_word' id='word_1_416' title='bbox 338 3676 461 3747; x_wconf 87' lang='lat' dir='ltr'><strong>Orpbeus</strong></span> <span class='ocrx_word' id='word_1_417' title='bbox 476 3697 574 3730; x_wconf 86' lang='lat' dir='ltr'><strong>canens</strong></span> <span class='ocrx_word' id='word_1_418' title='bbox 589 3679 692 3732; x_wconf 91' lang='lat' dir='ltr'><strong>cithara</strong></span> <span class='ocrx_word' id='word_1_419' title='bbox 711 3699 773 3730; x_wconf 88' lang='lat' dir='ltr'><strong>con·</strong></span> <span class='ocrx_word' id='word_1_420' title='bbox 817 3677 895 3730; x_wconf 88' lang='lat' dir='ltr'><strong>velle.</strong></span> <span class='ocrx_word' id='word_1_421' title='bbox 906 3677 1027 3742; x_wconf 87' lang='lat' dir='ltr'><strong>Quercus</strong></span> <span class='ocrx_word' id='word_1_422' title='bbox 1041 3675 1168 3727; x_wconf 85' lang='lat' dir='ltr'><strong>radicitus</strong></span> <span class='ocrx_word' id='word_1_423' title='bbox 1181 3675 1271 3727; x_wconf 84' lang='lat' dir='ltr'><strong>evulsa</strong></span> <span class='ocrx_word' id='word_1_424' title='bbox 1285 3675 1320 3727; x_wconf 88' lang='lat' dir='ltr'><strong>ad</strong></span> 
     </span>
     <span class='ocr_line' id='line_1_41' title="bbox 270 3753 1319 3829; baseline -0.003 -20"><span class='ocrx_word' id='word_1_425' title='bbox 270 3756 396 3822; x_wconf 81' lang='lat' dir='ltr'><strong>sederat,</strong></span> <span class='ocrx_word' id='word_1_426' title='bbox 418 3759 492 3808; x_wconf 86' lang='lat' dir='ltr'><strong>turba</strong></span> <span class='ocrx_word' id='word_1_427' title='bbox 513 3758 656 3828; x_wconf 81' lang='lat' dir='ltr'><strong>ferarum,</strong></span> <span class='ocrx_word' id='word_1_428' title='bbox 677 3777 774 3829; x_wconf 80' lang='lat' dir='ltr'><strong>sequax</strong></span> <span class='ocrx_word' id='word_1_429' title='bbox 817 3771 905 3808; x_wconf 87' lang='lat' dir='ltr'><strong>vatem</strong></span> <span class='ocrx_word' id='word_1_430' title='bbox 918 3753 1045 3807; x_wconf 87' lang='lat' dir='ltr'><strong>accedere</strong></span> <span class='ocrx_word' id='word_1_431' title='bbox 1062 3753 1156 3805; x_wconf 89' lang='lat' dir='ltr'><strong>debuit</strong></span> <span class='ocrx_word' id='word_1_432' title='bbox 1173 3753 1319 3806; x_wconf 85' lang='lat' dir='ltr'><strong>secundum</strong></span> 
     </span>
     <span class='ocr_line' id='line_1_42' title="bbox 271 3833 1320 3908; baseline -0.003 -19"><span class='ocrx_word' id='word_1_433' title='bbox 271 3837 367 3890; x_wconf 85' lang='lat' dir='ltr'><strong>blanda</strong></span> <span class='ocrx_word' id='word_1_434' title='bbox 383 3856 455 3898; x_wconf 67' lang='lat' dir='ltr'><strong>uoce,</strong></span> <span class='ocrx_word' id='word_1_435' title='bbox 470 3851 580 3908; x_wconf 84' lang='lat' dir='ltr'><strong>propter</strong></span> <span class='ocrx_word' id='word_1_436' title='bbox 588 3836 717 3888; x_wconf 86' lang='lat' dir='ltr'><strong>blandam</strong></span> <span class='ocrx_word' id='word_1_437' title='bbox 726 3855 773 3886; x_wconf 83' lang='lat' dir='ltr'><strong>vo·</strong></span> <span class='ocrx_word' id='word_1_438' title='bbox 817 3851 925 3908; x_wconf 89' lang='lat' dir='ltr'><strong>poetam</strong></span> <span class='ocrx_word' id='word_1_439' title='bbox 935 3848 1063 3886; x_wconf 84' lang='lat' dir='ltr'><strong>nostrum.</strong></span> <span class='ocrx_word' id='word_1_440' title='bbox 1074 3835 1136 3885; x_wconf 82' lang='lat' dir='ltr'><strong>Mox</strong></span> <span class='ocrx_word' id='word_1_441' title='bbox 1145 3833 1214 3886; x_wconf 86' lang='lat' dir='ltr'><strong>redit</strong></span> <span class='ocrx_word' id='word_1_442' title='bbox 1222 3834 1254 3886; x_wconf 87' lang='lat' dir='ltr'><strong>ad</strong></span> <span class='ocrx_word' id='word_1_443' title='bbox 1265 3852 1320 3886; x_wconf 83' lang='lat' dir='ltr'><strong>eas-</strong></span> 
     </span>
     <span class='ocr_line' id='line_1_43' title="bbox 269 3912 1319 3989; baseline -0.007 -17"><span class='ocrx_word' id='word_1_444' title='bbox 269 3939 327 3972; x_wconf 87' lang='lat' dir='ltr'><strong>cem</strong></span> <span class='ocrx_word' id='word_1_445' title='bbox 343 3918 442 3989; x_wconf 66' lang='lat' dir='ltr'><strong>quirei</strong></span> <span class='ocrx_word' id='word_1_446' title='bbox 449 3957 457 3983; x_wconf 89' lang='lat'>‚</span> <span class='ocrx_word' id='word_1_447' title='bbox 468 3922 523 3987; x_wconf 86' lang='lat' dir='ltr'><strong>jam</strong></span> <span class='ocrx_word' id='word_1_448' title='bbox 536 3918 601 3968; x_wconf 89' lang='lat' dir='ltr'><strong>alias</strong></span> <span class='ocrx_word' id='word_1_449' title='bbox 614 3934 683 3985; x_wconf 82' lang='lat' dir='ltr'><strong>saepe</strong></span> <span class='ocrx_word' id='word_1_450' title='bbox 696 3919 772 3967; x_wconf 86' lang='lat' dir='ltr'><strong>suavi</strong></span> <span class='ocrx_word' id='word_1_451' title='bbox 817 3915 877 3968; x_wconf 80' lang='lat' dir='ltr'><strong>dean</strong></span> <span class='ocrx_word' id='word_1_452' title='bbox 889 3935 914 3966; x_wconf 81' lang='lat' dir='ltr'><strong>v.</strong></span> <span class='ocrx_word' id='word_1_453' title='bbox 930 3915 989 3968; x_wconf 82' lang='lat'>280.</span> <span class='ocrx_word' id='word_1_454' title='bbox 1003 3915 1061 3967; x_wconf 83' lang='lat'>281.</span> <span class='ocrx_word' id='word_1_455' title='bbox 1075 3912 1146 3966; x_wconf 86' lang='lat' dir='ltr'><strong>siluoe</strong></span> <span class='ocrx_word' id='word_1_456' title='bbox 1156 3932 1255 3966; x_wconf 74' lang='lat' dir='ltr'><strong>sonorae</strong></span> <span class='ocrx_word' id='word_1_457' title='bbox 1264 3914 1319 3982; x_wconf 91' lang='lat' dir='ltr'><strong>(or-</strong></span> 
     </span>
     <span class='ocr_line' id='line_1_44' title="bbox 271 3992 1320 4066; baseline -0.005 -17"><span class='ocrx_word' id='word_1_458' title='bbox 271 4013 351 4051; x_wconf 79' lang='lat' dir='ltr'><strong>rantu</strong></span> <span class='ocrx_word' id='word_1_459' title='bbox 368 3999 480 4058; x_wconf 74' lang='lat' dir='ltr'><strong>allecta,</strong></span> <span class='ocrx_word' id='word_1_460' title='bbox 497 3995 634 4046; x_wconf 80' lang='lat' dir='ltr'><strong>insederat.</strong></span> <span class='ocrx_word' id='word_1_461' title='bbox 654 4023 689 4031; x_wconf 91' lang='lat'><em>-</em></span> <span class='ocrx_word' id='word_1_462' title='bbox 710 4011 769 4062; x_wconf 83' lang='lat'>²79·</span> <span class='ocrx_word' id='word_1_463' title='bbox 816 4006 862 4046; x_wconf 85' lang='lat' dir='ltr'><strong>nat</strong></span> <span class='ocrx_word' id='word_1_464' title='bbox 874 3992 927 4045; x_wconf 86' lang='lat' dir='ltr'><strong>h.l.</strong></span> <span class='ocrx_word' id='word_1_465' title='bbox 937 3993 1075 4065; x_wconf 81' lang='lat' dir='ltr'><strong>epitheton</strong></span> <span class='ocrx_word' id='word_1_466' title='bbox 1087 3997 1226 4066; x_wconf 77' lang='lat' dir='ltr'><strong>preprium</strong></span> <span class='ocrx_word' id='word_1_467' title='bbox 1240 3994 1320 4047; x_wconf 89' lang='lat' dir='ltr'><strong>arba-</strong></span> 
     </span>
     <span class='ocr_line' id='line_1_45' title="bbox 267 4072 1320 4150; baseline -0.006 -22"><span class='ocrx_word' id='word_1_468' title='bbox 267 4080 329 4138; x_wconf 63' lang='lat' dir='ltr'><strong>ato.</strong></span> <span class='ocrx_word' id='word_1_469' title='bbox 340 4079 390 4128; x_wconf 88' lang='lat' dir='ltr'><strong>Hic</strong></span> <span class='ocrx_word' id='word_1_470' title='bbox 404 4075 527 4144; x_wconf 81' lang='lat' dir='ltr'><strong>peccavit</strong></span> <span class='ocrx_word' id='word_1_471' title='bbox 538 4085 635 4141; x_wconf 75' lang='lat' dir='ltr'><strong>poeta,</strong></span> <span class='ocrx_word' id='word_1_472' title='bbox 650 4072 771 4144; x_wconf 88' lang='lat' dir='ltr'><strong>quisquis</strong></span> <span class='ocrx_word' id='word_1_473' title='bbox 816 4092 876 4130; x_wconf 84' lang='lat' dir='ltr'><strong>rum</strong></span> <span class='ocrx_word' id='word_1_474' title='bbox 887 4077 967 4129; x_wconf 75' lang='lat' dir='ltr'><strong>iente</strong></span> <span class='ocrx_word' id='word_1_475' title='bbox 980 4074 1169 4150; x_wconf 86' lang='lat' dir='ltr'><strong>strepentium)</strong></span> <span class='ocrx_word' id='word_1_476' title='bbox 1182 4073 1320 4145; x_wconf 79' lang='lat' dir='ltr'><strong>rapiebant</strong></span> 
     </span>
    </p>
   </div>
   <div class='ocr_carea' id='block_1_6' title="bbox 0 0 1493 4708">
    <p class='ocr_par' dir='ltr' id='par_1_8' title="bbox 0 0 1493 4708">
     <span class='ocr_line' id='line_1_46' title="bbox 0 0 1493 4708; baseline 0 0"><span class='ocrx_word' id='word_1_477' title='bbox 0 0 1493 4708; x_wconf 95' lang='lat' dir='ltr'><strong> </strong></span> 
     </span>
    </p>
   </div>
  </div>
 </body>
</html>
