2964 4690
471 383 522 448 tn
544 377 790 448 nctocatt
814 379 923 448 viti.
1151 381 1214 476 31'}

223 503 269 568 52.
283 505 367 568 Adeo
380 505 452 566 visre
463 507 580 588 pastori
592 516 666 564 aunt
677 507 795 586 nuptiae
807 503 873 564 istae
884 504 1051 582 deformes,
1065 517 1099 566 nt
1110 507 1214 570 redeat

184 592 224 654 ud
242 591 462 676 impossibilia,
480 591 645 673 credatque
665 590 738 652 inde
755 593 877 652 evenire
895 613 986 673 posse
1007 597 1126 672 omnia,
1146 617 1219 678 quae

184 696 292 743 natura
306 679 506 755 adincrescit,
522 693 551 740 et
561 699 654 740 nemo
664 699 803 760 unquam
814 677 910 741 vidit:
924 701 1024 756 nunc,
1037 682 1068 742 id
1081 697 1138 760 est,
1150 706 1220 768 per·

185 769 260 828 aetia
272 769 340 848 jam
355 767 405 828 luis
422 769 553 850 nuptiis,
570 766 664 849 lupus
679 766 778 846 fugiat
795 764 834 825 ad
851 768 928 826 visat
945 779 1065 828 tantum
1083 791 1171 849 oves,
1191 785 1222 833 ct

186 855 313 937 quidem
322 855 420 916 ultro:
434 876 567 938 quercus
577 854 679 915 ferant
689 851 785 927 mala3
796 851 884 912 alnus
894 855 1085 930 Narcissum
1097 861 1224 940 myricae

186 943 317 1005 electrut
330 943 437 1019 ulula,
451 964 520 1026 quae
531 963 602 1004 vere
612 942 749 1019 ululant,
762 940 920 1024 adspirent
930 941 969 1002 ad
981 946 1143 1006 victoriam
1155 969 1222 1030 cyc-

186 1051 314 1108 norum,
328 1035 381 1115 qui
391 1046 510 1095 canunt
517 1033 699 1094 suavissime
709 1053 719 1098 ε,
729 1031 857 1091 demum
867 1031 1004 1112 Tityrus,
1016 1048 1124 1095 cantor
1135 1039 1224 1096 rusti·

188 1139 256 1195 cue,
275 1123 315 1182 eit
326 1121 484 1204 Orpheum
503 1142 568 1181 non
583 1122 684 1202 quivis
696 1117 854 1200 Orpheum
870 1118 922 1179 sed
936 1119 1003 1196 ille,
1020 1125 1073 1203 qui
1086 1125 1118 1182 in
1130 1124 1223 1206 sylvis

189 1223 303 1292 potens
318 1210 393 1286 tuit,
411 1208 538 1270 arbores
555 1207 678 1270 trahens
699 1207 739 1267 ad
758 1228 808 1268 ee:
826 1209 865 1267 tit
883 1209 994 1283 Ari0n3
1011 1231 1109 1290 neque
1129 1213 1225 1272 Arion

190 1299 309 1380 quivie3
324 1298 377 1360 aed
392 1299 459 1374 ille,
477 1301 531 1380 qui
548 1297 629 1358 feras
644 1297 781 1358 marinas
795 1309 889 1356 cantu
904 1297 1059 1357 mulcebat
1070 1301 1226 1361 subterra

191 1399 328 1446 mentem
343 1401 456 1468 poetoe3
468 1385 579 1467 triplex
591 1399 634 1444 est
646 1386 853 1444 animantium
865 1403 976 1464 genum
988 1400 1148 1466 vegetans,
1161 1409 1231 1448 sen·

191 1471 265 1549 tila,
278 1472 443 1547 rationale;
458 1473 498 1532 ab
510 1473 655 1532 omnibus
667 1470 832 1531 advocavit
843 1490 898 1530 sua
911 1471 1116 1553 impossibilia
1129 1496 1136 1533 t
1155 1487 1231 1536 sunt

193 1563 278 1620 enim
290 1559 343 1621 hic
355 1560 494 1633 arbores,
505 1559 590 1636 ferre,
605 1558 759 1620 homines.

233 1649 281 1709 58.
289 1649 433 1714 Humana
438 1646 503 1730 jum
511 1647 590 1709 nihil
598 1647 637 1707 ad
646 1646 872 1728 mepertinent,
882 1665 979 1726 quum
987 1647 1066 1705 mori
1077 1644 1226 1709 debeam:

195 1747 308 1795 cuncta
324 1736 528 1812 misceantur,
545 1748 677 1816 occupet
693 1748 806 1794 terram
823 1753 922 1808 merc,
943 1731 1033 1793 tellus
1048 1735 1130 1794 enim
1151 1737 1229 1797 mihi

192 1821 259 1905 jam
269 1825 436 1885 necessaria
446 1837 580 1884 nonest:
593 1823 804 1906 vivitesylvae‚
814 1821 844 1882 id
858 1836 918 1898 est,
927 1821 1045 1883 valete:
1059 1843 1132 1904 crgo
1141 1840 1231 1907 optat
1306 1849 1310 1856 ·

197 1932 231 1972 ue
243 1915 432 1994 praecipitem
443 1915 475 1972 in
487 1912 584 1974 undae
594 1913 668 1974 dare
678 1933 713 1972 ex
726 1932 818 1994 rupe,
831 1924 862 1970 et
872 1923 1006 1972 extremo
1018 1907 1079 1971 linc
1090 1931 1233 1992 munere,

192 2002 299 2061 'morte
310 2022 365 2063 rua
377 2003 494 2063 donare
505 2003 630 2062 Nisam:
644 2002 750 2083 itaque
761 2001 805 2060 cic
816 2013 942 2060 cantum
957 1997 1080 2060 desinit.

239 2088 288 2148 62.
300 2087 422 2149 Cedunt
433 2087 497 2151 haec
507 2091 539 2149 in
549 2087 674 2150 laudem
684 2089 847 2162 Damonis,
857 2084 946 2167 cujue
957 2086 1045 2146 Musa
1055 2085 1131 2147 adeo
1141 2089 1236 2151 subli-

199 2176 318 2250 mis,ut
327 2173 413 2236 illam
423 2197 454 2238 se
464 2177 585 2258 assequi
593 2197 684 2258 posse
693 2173 830 2252 diffidet,
840 2187 870 2235 et
880 2175 924 2234 ita
933 2173 1119 2258 responsum
1127 2174 1236 2260 Alphe

200 2263 288 2326 tiboei
299 2265 395 2326 Mutis
406 2265 476 2345 dat,
488 2287 552 2326 non
564 2265 635 2327 sibi.

203 2403 250 2456 aed
267 2416 293 2458 et
309 2405 381 2459 illum
395 2425 452 2478 qnae
464 2411 566 2480 paruit,
582 2421 610 2462 et
623 2407 698 2462 illum
777 2405 818 2478 59.
840 2406 954 2478 Proecepr
971 2404 1035 2457 uert't'
1051 2404 1167 2478 specula,
1186 2421 1232 2462 etc.

206 2484 252 2554 qui
266 2487 366 2556 coegit,
384 2487 495 2539 incurat.
511 2488 563 2539 Alii
574 2487 698 2540 hocloco
741 2484 857 2553 Quidam
870 2483 923 2536 hoc
937 2482 998 2536 ideo
1012 2482 1113 2536 dictum
1126 2499 1237 2556 putant,

206 2579 267 2613 eum
279 2581 368 2616 amore
380 2579 490 2617 matrem
502 2567 631 2620 Venerem
641 2566 701 2619 cul·
743 2563 816 2637 quod
833 2559 906 2634 apud
921 2563 1054 2615 Leucaten
1072 2563 1143 2616 soliti
1162 2577 1252 2619 erant·

206 2643 266 2712 pari
277 2640 387 2694 volunt:
404 2663 463 2696 earn
475 2645 545 2698 enim
557 2645 701 2712 caedem,
744 2660 772 2695 re
780 2643 959 2714 praecipitum
968 2643 1013 2712 qui
1023 2655 1138 2696 autrum
1145 2663 1240 2716 puren-

208 2721 419 2793 quiapermittit;
431 2723 505 2776 illum
514 2737 602 2777 autem
610 2725 707 2797 ἰπιρνο-Δ
745 2734 784 2774 tea
796 2721 914 2773 invenire
927 2719 1084 2791 cupiebant,
1100 2729 1241 2779 autmari

207 2799 702 2874 bum,quisupramodumnocea13ita
746 2801 781 2855 ab
799 2799 840 2852 his
859 2797 1062 2866 deaiderabam,
1083 2817 1151 2872 quot
1170 2822 1242 2858 ama.

208 2889 237 2930 ut
256 2876 292 2931 ad
307 2881 451 2952 parricidia
466 2900 573 2954 qnoque
589 2885 630 2936 tui
643 2883 702 2934 vio-
746 2881 820 2933 bant.
839 2877 882 2930 Sic
900 2890 927 2929 et
945 2878 972 2928 in
993 2877 1063 2948 ciet,
1080 2896 1105 2930 v.
1128 2880 1193 2948 30¹5
1214 2897 1241 2940 et

197 2954 292 3012 'lentie
304 2960 393 3030 plnres
402 2962 545 3032 impulerit.
747 2961 807 3013 din.-
816 2955 860 3022 IV,
873 2955 931 3011 586.
944 2956 1014 3010 Serv.

247 3035 705 3110 56.n01pttnas.lvas‚ide0brevit
784 3041 827 3092 (io.
844 3040 996 3090 Extremum
1013 3036 1061 3089 loc
1077 3057 1171 3094 munuc
1188 3061 1245 3098 ma-

212 3126 266 3180 ert,
279 3118 341 3186 quia
350 3117 442 3170 (traca
453 3116 596 3171 declinatio
609 3131 662 3183 eet,
675 3120 707 3172 ei·
750 3119 837 3172 aientia
848 3117 945 3168 iabeto.
954 3115 986 3168 ld
995 3127 1047 3177 eat,
1060 3120 1159 3170 moriar
1168 3121 1195 3171 in
1207 3123 1247 3173 in·

215 3205 260 3246 cut
271 3194 383 3248 Arcades
393 3209 507 3249 arcentor
518 3199 627 3248 monitu.
638 3197 707 3249 Nam
750 3197 849 3250 vidium
858 3209 940 3248 tuam.
952 3197 1022 3247 Nam
1035 3213 1123 3248 amare
1133 3198 1179 3264 ait,
1186 3201 1248 3253 Mu·

215 3276 306 3327 omnia
316 3273 540 3341 Graecumue,
553 3278 708 3347 qurenomi·
752 3295 808 3330 aare.
828 3275 871 3327 Sic
889 3275 1048 3340 Mezentius,
1073 3277 1110 3327 Et
1130 3276 1184 3331 lroec
1204 3281 1249 3334 titt

216 3355 307 3406 nativo
330 3352 428 3426 plurali
446 3355 482 3406 Er
501 3355 656 3418 terminant,
679 3365 708 3405 ut
750 3365 826 3428 parto
842 3354 919 3404 Dona
935 3353 1026 3424 prius:
1046 3351 1088 3406 vel
1105 3361 1249 3412 extremum

218 3431 349 3496 Arcades,
360 3430 489 3497 Naiadas,
502 3430 657 3503 delphines,
670 3451 711 3484 uc·
753 3434 806 3487 hac
823 3449 919 3484 munna
937 3451 1025 3486 meum
1043 3431 1155 3494 habeto,
1176 3440 1250 3509 qnod

218 3515 365 3568 «inretitum
377 3511 508 3582 pluralem
517 3513 673 3583 corripiant.
683 3511 710 3563 S.
755 3510 955 3577 morior-Quam
961 3510 1254 3592 eentumdamnatlley-

165 3617 168 3622 ·
238 3588 714 3664 '58.0muiavelmedt'umfluntma·
756 3593 830 3658 nius,
846 3590 899 3642 vol.
916 3592 942 3657 l,
959 3609 1019 3662 pap
1040 3590 1107 3644 186:
1123 3593 1197 3663 jure,
1217 3618 1251 3652 an

219 3695 254 3729 re.
264 3673 383 3727 Medium
392 3671 451 3736 liet,
463 3668 490 3720 id
503 3683 556 3734 eet,
566 3682 595 3728 ut
606 3669 672 3722 nihil
681 3672 714 3722 eit
757 3672 889 3726 immerito
901 3681 931 3722 tu
941 3668 1048 3723 videris.

204 3755 375 3815 uitiatam,
395 3749 448 3802 hoe
467 3760 507 3800 ert
523 3747 652 3800 dilnvium
670 3747 716 3802 fiat
787 3750 837 3802 ⁸63.
850 3749 933 3800 Dicite
942 3749 1061 3802 Pierides.
1072 3751 1140 3806 Bene
1151 3757 1255 3811 auimoe

206 3833 209 3839 ’
222 3833 354 3888 medium:
365 3843 441 3903 optat
451 3831 521 3882 enim
533 3829 717 3882 confusionem
760 3830 837 3900 erigit
852 3826 1004 3880 auditorum
1017 3849 1023 3879 ι
1039 3847 1101 3893 nam
1117 3837 1257 3904 superiora

222 3913 422 3968 elementorum.
434 3937 470 3949 -
482 3907 567 3962 Viuite
579 3908 655 3960 silvoe.
668 3910 719 3962 Va·
762 3927 778 3960 a
791 3906 941 3978 pastoribus
953 3920 1088 3979 uteunque
1100 3907 1257 3978 dictasunt5

225 3993 292 4060 lete,
310 4011 364 4046 uon
375 3993 446 4046 enim
457 3989 525 4042 benc
538 3990 654 4060 optentis
665 4003 718 4057 eet,
764 3988 915 4057 coquenda,
933 4003 988 4037 non
1004 3989 1056 4038 nisi
1071 4006 1087 4039 a
1106 3991 1260 4046 numinibus

226 4071 274 4136 ted
285 4072 468 4135 renuntiantis.
481 4069 550 4122 Serv.
764 4078 892 4141 poterunt
902 4063 1037 4140 expliceri.
