2964 4690
293 321 357 389 352
622 314 1008 382 COMMENTARIA

289 465 363 506 nam
382 441 442 502 hoc
460 441 554 500 situm
570 441 604 500 in
622 452 675 500 tue
692 440 866 517 voluntate,
883 455 913 501 et
931 441 1045 523 eligere
1062 444 1127 526 ipse
1145 456 1264 527 potes,
1290 444 1376 526 quis

289 555 355 596 asse
374 533 457 590 Deus
476 529 566 604 velis3
586 528 665 589 adeo
686 543 721 588 tu
742 550 835 612 supra
855 549 962 590 omnes
983 531 1082 590 Deos:
1106 531 1279 591 incertum
1305 545 1376 606 est,

289 622 406 682 velisne
418 619 508 678 urbes
522 619 669 693 invisere;
683 618 756 679 velis
769 640 876 679 curam
892 634 1060 694 terrarum,
1075 619 1151 680 velis
1163 635 1199 680 ut
1212 633 1254 681 te
1271 621 1376 680 orbis

290 712 466 786 maximus,
490 721 584 791 caput
608 721 697 768 tuum
723 709 852 790 cingens
872 725 903 769 et
921 708 1088 771 honestans
1109 723 1210 792 myrto
1235 713 1374 770 matris

289 811 351 860 tuse
362 799 507 874 Veneris,
528 799 661 880 accipiet
677 811 837 858 auctorem
854 798 997 879 frugum,
1016 814 1046 860 et
1064 812 1225 882 potentem
1253 821 1373 882 supra

289 901 501 970 tempestates,
514 885 645 970 illasque
660 887 892 963 moderantem,
906 909 946 947 ne
961 903 1092 950 noceant
1105 889 1273 970 frugibus.

330 998 377 1058 ²9·
391 980 443 1038 Est
452 975 518 1060 jain
530 979 564 1036 in
577 976 712 1036 secundo
725 977 867 1038 membro
880 977 1110 1039 distinctionis:
1126 979 1190 1039 sive
1201 979 1249 1038 sis
1264 978 1369 1037 Deus

289 1069 399 1143 meris,
419 1067 505 1150 quod
525 1068 727 1142 immensum
747 1079 777 1127 et
794 1083 898 1128 nautae
914 1067 1019 1127 colant
1035 1082 1089 1128 tua
1105 1068 1171 1128 sola
1186 1069 1367 1140 Numina,

289 1245 790 1318 pantVirgilium,dicenteseum,avi-
836 1257 1006 1318 temporum:
1029 1247 1098 1298 sieut
1116 1245 1217 1316 ubique
1238 1243 1363 1298 Sallus·

290 1325 373 1378 ditate
393 1325 536 1391 laudandi,
555 1328 637 1379 citum
653 1327 791 1378 interitum
836 1326 897 1377 tius.
909 1325 978 1377 Sero.
992 1324 1077 1378 Aliter
1090 1323 1129 1376 cl.
1142 1326 1219 1378 Voss:
1235 1336 1364 1396 tempes-

290 1405 410 1478 Augusto
430 1418 550 1478 optasse;
569 1425 652 1477 quum
669 1405 790 1472 adrem,
837 1415 912 1470 tates,
928 1423 983 1457 non
995 1404 1039 1457 bic
1052 1418 1113 1457 sunt
1125 1407 1189 1457 anni
1201 1417 1361 1476 tempora,

291 1503 350 1556 que
362 1497 426 1537 tunc
438 1483 532 1551 fiebat,
546 1488 700 1557 respexerit.
710 1487 789 1550 Mox,
836 1484 884 1537 sed
904 1486 1067 1538 mutationes
1088 1485 1145 1537 celi
1168 1483 1359 1556 procellosae,

290 1582 432 1635 possumus
440 1577 528 1617 tamen
537 1584 586 1636 pro
593 1575 652 1637 post
659 1567 790 1638 acciperes
836 1582 904 1636 quas
921 1565 956 1617 ad
972 1564 1146 1617 maturandae
1162 1565 1257 1636 fruges
1278 1577 1359 1615 tem-

291 1646 432 1710 Horatius,
444 1645 511 1696 Mox
522 1644 626 1697 daturos
638 1645 792 1719 Propertiem
836 1657 913 1716 perat
924 1643 1022 1696 Cesar.
1033 1645 1063 1694 In
1073 1642 1191 1709 AEneid.,
1202 1645 1227 1710 l,
1239 1645 1297 1711 80,
1309 1641 1356 1692 di-

291 1725 463 1779 vitiosiorem:
480 1724 507 1777 id
520 1738 573 1791 est,
584 1737 688 1797 postes.
702 1727 792 1777 Potest
837 1727 907 1777 citur
926 1725 1019 1777 AEolus
1038 1735 1216 1797 tempestatum
1232 1735 1354 1796 potens,

290 1819 317 1858 et
332 1825 394 1858 mox
409 1803 444 1856 ad
459 1807 519 1858 vitre
535 1805 658 1859 humanae
674 1805 790 1858 brevita-
837 1807 901 1876 quia
912 1819 1007 1858 ventos
1020 1818 1047 1858 et
1057 1805 1178 1858 turbidos
1191 1818 1217 1858 et
1229 1820 1355 1858 serenos

290 1896 343 1936 tem
358 1885 460 1936 referri.
476 1887 545 1936 Nam
558 1887 615 1957 ipse
628 1886 665 1937 ait
678 1887 706 1938 in
719 1884 793 1938 deci·
836 1885 941 1942 tnittere
953 1897 1050 1956 potest
1064 1885 1092 1939 V
1091 1923 1096 1934 .
1110 1886 1141 1936 G.

289 1982 333 2015 mo
346 1963 510 2016 AEnstttoete
522 1965 568 2016 diu
583 1968 593 2031 (
601 1985 637 2018 res
648 1967 669 2018 si
681 1966 792 2038 quadiu
873 1967 913 2018 28.
928 1967 1049 2017 Materna
1061 1975 1154 2036 myrto.
1173 1965 1237 2032 Quae
1251 1967 1284 2016 in
1297 1964 1354 2016 ho-

290 2042 440 2096 mortalibus
449 2042 506 2095 ulla
517 2045 570 2114 est)
582 2045 709 2098 Viximus.
722 2047 791 2099 Sane
836 2062 931 2096 norem
942 2057 983 2096 est
994 2045 1119 2108 Veneris,
1137 2063 1152 2096 a
1167 2062 1221 2114 qua
1232 2044 1350 2117 Augus-

290 2121 449 2191 aeiendum,
471 2124 537 2176 mire
561 2142 622 2176 eum
647 2123 790 2192 laudasse,
837 2134 879 2177 tus
893 2125 1022 2196 originem
1034 2122 1108 2175 ducit
1120 2142 1168 2195 per
1179 2123 1278 2175 Caium
1292 2125 1350 2177 Cae·

290 2202 364 2274 quod
375 2205 426 2272 ait,
440 2206 521 2274 Quem
536 2223 598 2257 mox
611 2223 669 2279 quoe
679 2207 732 2258 sint
743 2205 791 2257 ha·
836 2221 932 2256 sarem.
941 2205 1011 2256 Serv.
1021 2204 1164 2274 -Mprtus
1175 2204 1239 2275 ipsis
1251 2206 1349 2276 reipu-

289 2283 373 2336 bitum
391 2284 496 2337 deorum
517 2285 646 2352 Consilia,
666 2287 792 2339 incertum
836 2282 913 2335 blicae
925 2284 988 2336 latis
1000 2284 1145 2352 conjuncta
1158 2295 1227 2334 erat:
1238 2283 1347 2336 Plinius

289 2377 332 2420 est.
348 2364 378 2417 ld
395 2379 449 2433 est,
465 2366 584 2419 nondum
597 2369 709 2434 scimus,
732 2369 792 2439 quis
837 2361 905 2416 duas
922 2374 1053 2416 memorat
1069 2363 1259 2434 perantiquae,
1280 2375 1347 2416 ante

291 2444 358 2508 deus
370 2465 427 2500 esse
442 2445 526 2500 velis:
543 2466 606 2499 nam
623 2446 703 2500 deum
720 2446 792 2513 fieri,
836 2441 943 2495 Romuli
961 2440 1075 2494 delubra
1091 2443 1207 2513 positas,
1225 2461 1345 2514 quarum

290 2528 434 2578 maximum
446 2527 544 2579 estrin
556 2539 690 2597 potestate
703 2540 793 2580 autern
838 2523 925 2576 altera
945 2523 1058 2595 patricia
1082 2523 1231 2595 appellata,
1256 2525 1346 2578 altera

289 2606 405 2671 babere,
420 2608 477 2679 quis
487 2605 554 2658 deus
566 2606 632 2659 velis
643 2606 715 2672 fieri,
732 2607 792 2678 plus
835 2603 944 2675 plebeia.
957 2605 1073 2656 Patricia
1084 2603 1174 2656 multis
1185 2606 1261 2656 annis
1275 2622 1344 2676 prte-

291 2703 348 2738 esse
357 2693 438 2757 quam
446 2687 589 2738 maximum
597 2699 710 2740 constat.
721 2689 791 2740 Seru.
836 2682 923 2735 valuit
940 2683 1088 2736 exuberans
1106 2703 1137 2738 ac
1154 2683 1227 2746 leta3
1248 2702 1345 2756 quem·

291 2794 324 2804 -
336 2765 393 2816 Diis
402 2767 459 2834 jam
473 2765 618 2831 invocetis,
631 2765 793 2819 adscribitur
838 2761 884 2814 diu
905 2775 1144 2835 senatus·quoque
1167 2762 1272 2829 floruit,
1295 2763 1345 2816 illa

290 2844 380 2897 cesar
391 2845 570 2910 Octavianus,
588 2846 638 2899 sub
654 2847 729 2915 cujus
744 2847 793 2897 im·
837 2843 948 2914 ingens:
966 2855 1030 2903 tune
1042 2843 1150 2915 plebeia
1162 2845 1296 2899 retorrida
1310 2862 1341 2896 ac

291 2924 368 2998 perio
380 2935 470 2995 sperat
486 2937 567 2995 poeta
586 2925 792 2998 agriculturam,
839 2922 975 2994 squalida;
998 2940 1057 2994 quar
1079 2937 1256 2997 posteaquam
1279 2943 1344 2978 eva·

292 3019 355 3059 tunc
375 3005 497 3058 civilibus
518 3004 595 3058 bellis
614 3024 793 3080 agrorumque
838 3002 901 3070 luit,
912 3001 1071 3056 flavescente
1083 3005 1211 3074 patricia,
1223 3005 1340 3058 Marsico

291 3085 482 3160 partitionibus
491 3085 612 3138 funditus
622 3103 751 3152 eversam,
762 3105 794 3137 ex
837 3083 910 3137 bello
929 3083 1057 3157 languida
1074 3084 1218 3138 auctoritas
1231 3097 1341 3157 patrum

291 3169 396 3239 integro
409 3166 513 3218 renasci
525 3183 613 3236 posse.
628 3165 660 3219 V.
676 3166 708 3217 G.
837 3166 909 3217 facta
922 3176 976 3231 est,
990 3183 1021 3218 ec
1032 3163 1164 3236 paulatim
1175 3167 1202 3216 in
1215 3165 1341 3218 sterilite-

329 3247 370 3300 26.
387 3241 419 3296 Ti
431 3243 493 3297 velis
506 3256 533 3296 et
547 3243 582 3296 ad
594 3245 661 3298 urbis
673 3245 792 3311 invisere,
839 3257 892 3297 tem
905 3246 1035 3297 emarcuit
1046 3245 1181 3316 majestas.
1196 3246 1228 3300 V.
1241 3247 1273 3298 G.

291 3326 373 3383 etad
397 3336 522 3378 terrarum
543 3343 632 3378 euram
656 3328 790 3397 pertinet:
874 3345 915 3398 ²9·
933 3328 976 3380 An
993 3329 1055 3382 deus
1069 3329 1085 3379 i.
1102 3349 1126 3380 o.
1139 3347 1175 3380 m.
1192 3327 1224 3382 ld
1235 3342 1339 3396 est,an

292 3406 386 3462 eadem
405 3407 523 3469 ratione,
543 3406 598 3458 Ecl.
620 3408 652 3473 V,
671 3408 719 3474 46,
743 3407 790 3478 473
836 3426 887 3479 pro
899 3409 1026 3480 Neptuno
1039 3407 1091 3460 coli
1106 3421 1132 3460 te
1144 3409 1228 3461 velisr
1248 3422 1274 3462 et
1287 3411 1338 3462 im·

291 3485 385 3561 quale:
396 3486 444 3538 Ge.
455 3486 502 3538 lib.
511 3487 561 3552 lIl,
572 3485 619 3551 23,
633 3486 680 3553 24,
691 3487 790 3538 videre.-
836 3489 919 3540 mensi
936 3489 1026 3553 maris,
1047 3490 1122 3559 cujus
1140 3507 1265 3542 mensura
1283 3509 1336 3543 nou

292 3567 417 3619 Horatius
429 3567 455 3630 l,
468 3563 512 3616 od.
525 3583 554 3629 a,
564 3565 611 3635 49ς
624 3584 701 3618 ames.
716 3567 747 3616 V.
759 3567 791 3620 G.
836 3579 926 3639 potest
932 3567 1133 3640 comprehendi.
1145 3568 1241 3623 Venias
1249 3582 1336 3623 autem

329 3661 370 3714 27.
387 3644 525 3696 Auctorem
533 3643 653 3716 fruqum.
670 3644 724 3711 Qui
735 3646 791 3697 fru-
838 3647 921 3718 aliqui
931 3665 981 3718 pro
989 3648 1022 3702 sis
1032 3649 1182 3719 accipiunt,
1195 3667 1227 3702 ec
1236 3652 1259 3702 si
1268 3649 1336 3702 Gre-

292 3724 370 3798 gibus
390 3735 418 3774 et
437 3723 538 3774 caeteris
561 3722 640 3775 rebus
662 3725 793 3796 originem
837 3747 868 3779 ce
889 3726 992 3782 diceret
1010 3721 1083 3789 odos,
1102 3729 1156 3780 sivo
1176 3725 1336 3797 ὖσιίρχονσις

293 3815 409 3877 praestes.
417 3833 450 3842 -
458 3802 793 3876 Tempestatumquepoten·
837 3809 873 3860 ire
881 3821 984 3862 veteres
994 3827 1046 3881 pro
1057 3827 1108 3862 esse
1118 3807 1253 3862 dicebant.
1265 3811 1333 3864 Sero.

293 3897 352 3937 tens.
371 3883 424 3936 Aut
439 3881 570 3934 bonarum
583 3894 790 3952 tempestatum:
871 3889 915 3943 30.
934 3890 1054 3940 Numina
1072 3888 1128 3942 sola
1145 3888 1241 3941 colant.
1259 3888 1333 3954 Sola,

292 3976 335 4031 ut,
361 3963 435 4017 Unde
454 3961 508 4015 brec
527 3973 580 4013 tam
599 3959 669 4014 clara
690 3973 792 4036 repente
835 3987 946 4042 magna,
963 3969 1113 4039 precipua,
1134 3967 1163 4020 id
1182 3981 1235 4036 est,
1254 3987 1334 4041 supra

292 4045 443 4118 tempestus?
468 4044 522 4096 Aut
547 4053 725 4114 tempestatum
754 4046 792 4097 ait
835 4047 902 4100 alios
919 4045 984 4100 deos
1002 4049 1134 4114 marinos,
1151 4051 1229 4119 quasi
1242 4049 1334 4102 melior
