3000 4674
487 397 539 464 lhl
563 395 811 466 ECLOGAM
833 391 873 462 V.
1138 399 1198 465 281

160 527 224 586 ita:
238 521 315 607 quid
324 535 358 583 tu
370 543 490 584 mecum
502 538 621 583 certare
630 541 720 604 posse
731 523 895 604 Amyntam
906 515 1014 602 potas?
1023 522 1121 603 possit
1133 522 1204 601 qui·

162 614 251 688 dem,
268 614 293 673 si
308 625 400 673 certet
414 631 558 694 superare
572 609 724 671 Phoebum
741 623 853 670 cantu:
869 609 995 682 clarius3
1016 610 1041 668 si
1055 611 1205 690 Amyntas

161 715 268 778 certet,
280 704 457 784 aspiretque
469 703 509 762 ad
524 702 688 762 victoriam
702 698 829 774 Phoebi,
844 719 894 759 me
907 718 1032 780 quoque
1044 701 1137 758 cantu¹
1151 719 1204 779 ag·

161 792 334 872 grediatur,
354 811 419 851 non
432 790 543 850 aliter:
562 803 593 848 et
611 788 749 848 notanda
766 801 811 847 est
826 787 999 870 proprietas
1013 799 1128 867 poetae,
1150 785 1205 866 qui

158 876 278 960 juniori
292 877 348 938 dat
359 876 417 938 hos
431 879 553 942 animos
565 897 599 937 ex
613 878 754 958 ingenita
765 877 865 935 astatis
878 872 974 954 hujus
987 873 1175 954 arrogantia.

202 988 248 1027 ro.
261 967 485 1028 Exacerbatum
498 965 645 1048 juvenem
657 966 734 1026 lenit
744 964 795 1022 vir
804 976 925 1047 pastor,
939 977 970 1024 et
984 965 1100 1045 primas
1111 961 1206 1021 offert

161 1057 194 1114 in
207 1058 362 1130 canendo,
375 1077 410 1116 ac
421 1055 577 1138 triplicem
590 1051 686 1115 offert
698 1054 877 1128 materiam,
890 1055 1090 1126 amatoriam,
1100 1049 1206 1109 lauda-

160 1146 275 1219 tivam,
289 1147 535 1206 contentiosam:
549 1163 622 1224 ergo
633 1145 692 1218 ait3
713 1163 788 1203 cane
798 1163 918 1202 amores
927 1140 1081 1224 Phyllidis
1091 1141 1207 1220 reginae

161 1231 333 1305 Thracum,
349 1233 463 1313 quihus
478 1231 640 1312 complexa
653 1244 698 1290 est
712 1226 1001 1312 Demophoontem,
1019 1228 1133 1308 quihus
1147 1224 1206 1284 sihi

163 1334 295 1380 mortem
319 1318 442 1378 attulit:
467 1331 520 1378 aut
543 1317 648 1378 laudes
672 1315 812 1392 Alconis,
832 1318 1014 1399 peritissimi
1037 1315 1206 1396 sagittarii:

161 1419 216 1468 sut
230 1406 325 1468 Codri
338 1405 575 1468 Atheniensium
593 1405 690 1466 Ducis
703 1402 824 1486 jurgia,
843 1405 972 1487 quibus,
992 1419 1023 1466 et
1037 1417 1138 1466 morte
1151 1422 1207 1463 sua

160 1497 325 1556 victorium
343 1497 452 1577 pau-iat
471 1495 612 1579 peperits
632 1505 721 1577 potes
740 1505 810 1556 tuto
834 1513 960 1572 canere,
984 1515 1058 1555 nam
1079 1493 1206 1575 Tityrus

161 1582 271 1646 haedos
281 1583 428 1644 servabit.

204 1675 250 1734 13.
265 1671 350 1734 Nihil
365 1671 480 1734 horum
494 1673 610 1756 placet,
628 1674 693 1733 imo
708 1673 862 1756 experiar,
880 1673 985 1750 idest,
1004 1673 1156 1734 adducam
1172 1671 1205 1728 in

161 1761 406 1842 experimentum
429 1774 459 1822 et
480 1759 656 1844 periculum
679 1760 819 1822 carmina
837 1761 997 1844 quaedam,
1019 1780 1088 1843 quae
1107 1778 1208 1839 nuper

161 1849 302 1923 condidi,
311 1860 402 1930 atque
417 1850 556 1932 inscripsi
572 1853 607 1912 in
618 1849 691 1932 lego
702 1870 711 1908 t·
723 1863 764 1925 et,
771 1871 870 1931 quum
884 1870 920 1912 ea
933 1850 1113 1912 modulatus
1122 1869 1208 1931 sum,

161 1937 269 1997 notavi
282 1937 414 2014 alterne,
427 1937 458 1998 i'd
472 1952 533 2014 est,
547 1939 741 2015 alternatim,
752 1938 911 2015 videlicet,
925 1937 1038 2000 inflans
1047 1936 1112 2019 jam
1124 1937 1210 1997 tistu-

162 2025 241 2100 lam,
257 2025 324 2106 jam
340 2048 454 2088 canens
471 2048 618 2090 carmen:
633 2029 738 2110 itaque
751 2027 919 2091 alternatio
933 2027 985 2090 hic
993 2028 1131 2089 refertur
1140 2023 1208 2107 jam

161 2113 202 2176 ad
220 2113 329 2176 flatum
341 2117 470 2193 celami,
487 2115 554 2200 jam
571 2117 612 2178 ed
629 2117 768 2178 sonitum
783 2120 864 2180 ories
885 2119 987 2200 pergit
998 2130 1124 2200 pastor:
1142 2114 1209 2176 haec

200 2293 241 2330 to.
250 2277 383 2350 Phyllidis
393 2281 471 2354 ipnea
480 2279 579 2353 Phyllis
590 2277 663 2331 Sito-
706 2281 794 2350 capite
809 2279 949 2334 hominum
962 2279 1075 2334 annulos
1090 2277 1208 2346 trajicie-

162 2355 589 2430 nisfihmregina'lhraoumluit.
601 2359 662 2410 llaec
705 2356 771 2420 het,
790 2359 902 2430 capillos
923 2358 1033 2430 spiculis
1051 2359 1209 2429 sagittatum

162 2436 396 2507 Demophoontem
411 2437 507 2490 Thesei
522 2435 606 2490 lilium
621 2455 663 2488 re·
707 2437 866 2509 rumpebat,
879 2439 989 2510 sagittas
1004 2438 1146 2489 sineterra
1161 2453 1210 2507 po-

163 2533 223 2586 pem
236 2513 455 2582 Atheniensium,
465 2513 664 2570 redeuntemde
709 2517 766 2568 sitis
776 2535 808 2572 ex
819 2516 933 2570 adam
943 2515 1093 2590 gladiumin
1106 2513 1211 2567 lancea·

163 2593 283 2663 Trojano
296 2595 402 2666 prelio,
413 2594 520 2661 dilexit,
530 2609 557 2649 et
565 2597 593 2650 in
603 2613 666 2648 eon·
709 2613 801 2650 rumve
808 2597 984 2650 mucronibus
990 2595 1122 2658 lindahst3
1133 2597 1208 2664 cujus

159 2675 266 2746 jeglam
278 2691 355 2728 snum
368 2676 481 2747 rogavit.
492 2674 538 2728 ille
549 2676 587 2730 sit
603 2689 666 2730 ente
711 2675 882 2746 quamlilium
888 2676 971 2730 draeo
979 2675 1129 2741 invasisset,
1135 2685 1211 2726 tauta

164 2753 351 2808 ordinaturum
363 2772 392 2808 se
409 2773 465 2808 rem
479 2771 572 2810 snam:
590 2769 617 2810 et
630 2758 669 2812 sie
713 2769 773 2810 srte
786 2773 863 2811 mam
874 2758 972 2812 direxit
985 2759 1164 2830 sagittantes
1178 2773 1210 2806 ea

166 2833 201 2888 ad
217 2836 275 2904 ejus
290 2837 398 2906 nupues
408 2843 593 2890 reversurum
606 2856 670 2909 pro·
712 2843 838 2905 cursum
849 2839 876 2890 in
884 2838 1015 2910 serpentis
1022 2835 1147 2888 deiiceret
1157 2835 1213 2885 vul·

165 2916 252 2968 iectus
260 2917 441 2987 itaquequttm
449 2914 584 2984 tardaret,
594 2917 670 2990 Phyl·
713 2935 788 2979 nere,
795 2915 1059 2971 ueetrsusiretinlilii
1066 2931 1173 2986 eorpus.
1184 2913 1210 2965 S.

167 2993 199 3046 lis
223 3005 249 3046 et
269 2993 371 3048 doloris
391 2995 525 3066 impulsu,
545 2995 622 3066 quod
638 3014 667 3050 ss
713 2997 853 3069 -Juryia
865 2991 1214 3064 Oedri.CodmsdnxAtlre·

168 3086 284 3142 spretam
306 3073 448 3140 credebat,
469 3075 566 3146 laqueo
584 3078 668 3129 vitem
711 3076 845 3128 niensium
855 3076 922 3141 fnit,
935 3075 981 3146 qui
991 3085 1050 3126 orto
1062 3072 1133 3126 hello
1144 3073 1212 3124 inter

167 3149 302 3216 finitit3et
311 3167 439 3204 conversa
449 3165 489 3204 est
503 3155 530 3204 iu
543 3153 667 3208 arborem
712 3152 1060 3214 hsconssetAtheniestsest
1071 3167 1152 3222 quum
1158 3167 1215 3202 res·

169 3228 336 3302 amygdalum
349 3231 406 3282 sine
421 3231 501 3284 loliis.
514 3232 612 3285 Posses
627 3251 669 3286 re·
712 3231 852 3303 pandisset
872 3231 1029 3298 oraculum,
1052 3231 1112 3282 illos
1132 3247 1211 3300 posse

168 3325 259 3363 remus
280 3308 475 3380 Demophoon,
495 3311 604 3382 cognito
622 3327 668 3378 re,
713 3314 835 3376 ducere,
850 3329 965 3383 quorum
977 3309 1031 3364 dux
1043 3309 1078 3364 ab
1089 3307 1212 3362 hostibus

168 3393 224 3460 ejus
238 3388 376 3460 amplexus
389 3402 429 3443 est
445 3403 587 3452 truncans
605 3393 668 3462 qni,
712 3394 807 3446 fuisset
819 3394 938 3453 occisus3
951 3403 978 3444 et
993 3389 1084 3446 hostes
1098 3392 1212 3443 seientes

167 3471 239 3523 telus
259 3471 352 3542 sponsi
375 3471 485 3524 sentiret
505 3469 669 3538 adventum,
713 3491 731 3524 s
746 3469 837 3524 Cedro
856 3471 1038 3536 abstinerent,
1051 3470 1146 3523 habitu
1159 3467 1213 3522 hu·

166 3551 233 3606 lolia
255 3551 351 3604 esnisia
375 3551 452 3604 Unde
475 3553 557 3606 stiam
574 3550 667 3624 phylls
712 3551 769 3604 mili
780 3551 918 3623 proiectus
935 3563 975 3604 est
989 3550 1025 3603 ed
1038 3549 1155 3603 hostiurn
1169 3552 1213 3601 vi-

167 3643 229 3690 sunt
244 3631 318 3684 diets
332 3649 348 3684 a
365 3629 498 3704 Phyllide,
514 3650 572 3702 qua
586 3645 667 3686 sntse
710 3632 772 3685 eins
784 3632 917 3684 tentor-ies
930 3642 956 3683 et
967 3631 1022 3683 illic
1029 3631 1118 3702 jurgio
1128 3645 1174 3682 eos
1184 3632 1214 3682 in

167 3711 257 3783 petels
272 3709 439 3764 dicebantur.
452 3709 501 3764 hic
510 3709 624 3764 Ovidius
637 3713 668 3764 in
710 3729 785 3764 snam
802 3709 901 3764 cedem
925 3711 1077 3783 instigavit,
1097 3728 1179 3781 quum
1197 3729 1213 3762 a

166 3788 422 3860 Metamorphoseon
434 3789 516 3844 libris·
528 3789 599 3844 Sem
709 3793 785 3846 nullo
795 3793 890 3846 inisset
902 3793 1061 3865 spoliasset
1073 3793 1111 3843 sio
1123 3791 1213 3843 locum

205 3887 246 3922 rt.
256 3869 312 3923 Atst
322 3867 428 3924 Alconis
437 3867 533 3924 laudes·
546 3868 668 3924 llicCte·
709 3873 775 3925 iecit
783 3871 910 3934 eraculo;
924 3889 986 3926 nam
996 3871 1171 3926 Athenienses
1179 3889 1212 3924 eo

167 3950 249 4002 tensis
261 3949 415 4020 sagittarius
422 3950 490 4013 fuit,
502 3967 591 4004 eomes
602 3951 668 4006 llas·
709 3951 802 4024 praelio
812 3955 943 4005 vicerunt.
954 3951 1025 4006 Serv.

168 4027 249 4090 aulis3
262 4030 300 4082 ita
312 4030 667 4100 peritus,utiotussjusnon
749 4032 789 4099 ¹i·
813 4031 958 4086 Modolana
977 4031 1088 4085 alterna.
1112 4031 1211 4083 Secun-

167 4109 317 4172 ialleretum
331 4125 446 4192 namque
463 4111 567 4183 positos
584 4129 667 4184 supra
712 4109 775 4164 dum
795 4110 949 4184 rhythmum
970 4127 1142 4184 componens.
1167 4109 1212 4160 Al-
