2970 4714
275 364 297 427 6
660 355 927 426 PRAEFATIO.

273 481 415 556 monito
432 507 494 555 seu
506 475 665 582 judicio,
684 481 730 554 ad
755 481 901 556 utiliora
920 505 1115 590 pergerem.
1135 481 1313 582 Majorem

275 607 429 675 omniuo
448 627 492 674 ex
507 601 639 674 idonea
656 605 951 700 interpretatione
965 626 1110 690 eorum,
1130 628 1213 702 quae
1228 629 1315 674 sarra

267 733 377 805 sunt,
395 735 484 788 etex
500 716 652 816 eleganti
669 715 866 816 subtilique
881 716 1023 814 judicio
1040 742 1162 790 rerum
1180 745 1221 789 ac
1238 743 1314 788 sen·

273 836 488 922 tentiarum,
510 831 690 931 proficisci
713 831 920 919 utilitatem,
946 848 980 910 et
1007 831 1096 904 olim
1123 832 1316 904 arbitratus

276 972 376 1035 sum,
387 964 421 1018 et
431 971 531 1022 nunc
543 946 665 1020 ourab
675 974 715 1020 ea
726 949 986 1023 existimatione
1003 947 1184 1036 recedam,
1197 945 1316 1018 multo

275 1065 399 1132 minus
417 1060 553 1152 babe03
576 1067 744 1161 inprimis
758 1066 785 1134 si
801 1064 1036 1136 inventorum
1053 1059 1209 1148 fontem,
1228 1078 1317 1132 trac·

276 1180 449 1252 tationem
464 1195 499 1250 et
511 1183 796 1266 exornationem,
805 1181 988 1275 totiusque
1002 1181 1124 1274 operis
1133 1199 1317 1247 summam

276 1307 310 1361 et
323 1291 501 1382 colorem,
519 1298 547 1364 si
563 1295 687 1364 omnia
701 1291 795 1380 haec,
807 1296 976 1390 inquam,
990 1281 1095 1362 iloote
1106 1294 1333 1388 etsagaciter·

276 1424 458 1506 perspecta
479 1426 520 1479 et·
536 1407 720 1505 explorata
742 1405 891 1493 babeas,
916 1424 950 1478 et
971 1407 1016 1478 de
1039 1410 1081 1478 iis
1100 1404 1262 1476 dilucido
1279 1429 1320 1474 ac

276 1526 465 1618 perspicue
478 1518 556 1592 aliis
571 1525 763 1616 praecipere
777 1525 900 1617 possis.
917 1524 1065 1592 Monuit
1078 1525 1200 1619 itaque
1212 1523 1321 1592 etiam

277 1641 316 1704 in
336 1634 392 1705 his
411 1633 653 1721 carminibus,
672 1659 755 1732 quae
769 1634 972 1723 interdum,
992 1660 1077 1706 nam
1093 1639 1267 1731 pancario·
1279 1637 1333 1704 iis.

278 1751 393 1822 nitere
412 1746 601 1820 fatendum
624 1763 690 1834 est,
716 1770 791 1844 prae
813 1750 935 1820 ceteris
958 1745 1147 1843 probanda
1167 1765 1207 1818 et.
1222 1747 1321 1819 bono

280 1877 386 1959 poeta
402 1860 513 1959 digna
527 1861 640 1931 videri
655 1859 837 1934 deberent.
939 1865 942 1871 ’

329 1975 496 2069 Quodsi
527 1975 583 2048 bis
609 2003 631 2048 a
659 2002 717 2051 me
744 1979 876 2058 curatis
898 1974 945 2046 ad
970 1975 1157 2047 literarum
1186 1975 1322 2048 harum

281 2115 363 2189 quae
394 2090 441 2162 ad
471 2088 738 2165 humanitatem
777 2095 922 2188 ingenia
953 2089 1100 2189 lingunt
1131 2087 1322 2161 utilitatem

281 2210 480 2304 quicquam
503 2204 707 2305 profectum
730 2203 955 2292 intelleirem,
977 2209 1015 2276 in
1038 2211 1122 2278 sinu
1144 2204 1322 2304 gaudebo.

281 2320 337 2392 Ad
365 2325 511 2393 inanem
543 2322 720 2395 doctrioae
746 2325 1023 2396 ostentationem
1053 2320 1168 2400 multa
1202 2321 1324 2393 moliri

282 2463 406 2510 meum
423 2462 499 2508 non
514 2454 582 2526 est;
607 2442 743 2536 quippe
757 2440 821 2535 qui
839 2435 937 2512 illam
953 2437 1096 2510 Phaedri
1110 2442 1324 2508 sententiam

284 2577 402 2624 meam
418 2551 568 2624 facium:
594 2551 678 2626 Nisi
695 2550 776 2629 utile
790 2568 851 2639 est,
872 2553 966 2653 quod
974 2553 1142 2650 fecimus,
1160 2551 1262 2623 stulto
1279 2565 1325 2622 est

284 2663 397 2764 plotio
414 2681 538 2737 nostro.

332 2778 539 2855 Scribebam
561 2782 604 2853 23
620 2783 725 2879 Sept.¹
744 2781 854 2883 1775,
874 2779 1096 2880 refingebam
1114 2780 1149 2851 d.
1168 2777 1323 2869 riMartii

292 2894 394 2992 1788,
405 2911 438 2966 et
451 2899 583 2968 iterum
592 2900 841 2971 mensetunio
861 2898 968 2998 1798,
982 2893 1324 2996 postremumaiioi.
