2998 4670
201 319 203 326 Α
272 379 337 446 602
598 379 977 446 COMMENTARIA

271 502 354 583 quit,
372 514 402 563 et
415 501 558 583 liquescit
570 501 685 565 humor
697 503 824 584 juvenci
842 506 877 566 in
889 502 1008 566 ossibus
1025 509 1136 569 teneris
1151 511 1240 588 (ideo
1254 531 1306 571 au·
1411 577 1418 592 ¹

271 603 334 652 um
346 589 412 652 haar
421 605 538 666 tenera,
559 594 633 675 qnia
645 595 748 654 bimus
758 592 913 674 vitulua):
929 595 1043 658 deinde
1056 618 1092 658 ex
1105 589 1236 660 bumore
1248 599 1305 662 illo

227 701 230 708 ·
270 677 423 760 tepefacto
434 695 603 762 erumpunt
617 681 779 756 animalia,
794 683 880 742 miris
895 683 1082 765 quibusdam
1094 687 1215 747 modis:
1230 707 1304 748 nam

270 768 389 849 primo,
408 782 515 830 trunca
528 784 600 832 sunt
612 772 760 855 pedibus,
778 771 861 833 unde
875 793 947 854 apes
961 773 1122 852 dicuntur,
1136 778 1225 859 quasi
1240 778 1306 837 sine

270 854 422 938 pedibus:
444 879 516 920 mox
530 881 641 941 penna
655 861 828 937 adduntur,
848 861 962 944 quibus
975 862 1118 938 strident,
1137 877 1167 924 et
1181 875 1309 946 captant

271 965 372 1006 aerem
384 945 500 1009 volatu.
522 951 645 1028 Quanta
657 971 730 1011 vero
742 948 807 1011 baec
819 951 928 1032 copia,
944 963 976 1010 et
988 949 1175 1011 multitudo?
1192 949 1307 1012 Vidisti

272 1031 403 1096 imbrem
416 1040 573 1116 aestivum,
588 1053 642 1102 aut
655 1041 782 1122 sagittas
794 1036 998 1114 Parthorum,
1016 1061 1113 1122 quum
1127 1039 1311 1123 frequentis·

272 1123 357 1184 sitnoe
368 1136 441 1186 sunt
454 1130 587 1210 sagittae,
602 1129 640 1190 ab
653 1149 718 1189 non
732 1127 815 1188 lasso
827 1126 943 1204 milite,
957 1129 1021 1189 imo
1032 1130 1168 1212 integrm
1180 1127 1238 1189 bac
1251 1126 1309 1188 fre·

272 1213 399 1292 quentia
419 1230 589 1298 erumpunt
606 1236 642 1280 ex
661 1237 738 1278 ceso
759 1214 840 1277 bore
861 1237 956 1300 apum
978 1220 1138 1278 examina:
1161 1215 1309 1300 praeclare

271 1299 477 1380 sagittiferum
490 1303 607 1366 animal
622 1317 785 1388 comparat
794 1325 865 1368 curm
878 1303 1000 1366 Partbis
1012 1305 1205 1388 sagittiferis3
1216 1318 1246 1366 et
1257 1304 1309 1366 ad-

272 1381 335 1448 buc
347 1388 541 1470 preclarius,
553 1394 579 1452 si
594 1393 750 1475 expendas
762 1391 894 1454 Parthos
907 1413 925 1452 a
939 1407 1024 1474 tergo
1034 1395 1181 1474 jaculari,
1193 1395 1270 1454 sieut
1280 1403 1311 1452 et

273 1491 348 1554 apes
362 1492 481 1540 exserto
490 1500 546 1562 per
555 1479 660 1542 alvum
673 1479 812 1564 spiculo:
825 1501 894 1552 non,
905 1484 990 1544 enirn
1001 1481 1118 1544 babent
1130 1483 1163 1542 in
1175 1501 1243 1556 ore,
1255 1479 1309 1541 sed

272 1560 307 1622 in
321 1561 392 1625 alvo
405 1568 581 1646 stimulum,
594 1591 656 1651 quo
667 1569 796 1632 feriunt.

312 1651 380 1712 315.
397 1655 472 1717 Post
487 1673 585 1718 artem
601 1657 775 1720 luculenter
789 1657 990 1740 descriptam,
1011 1657 1155 1740 seqnitur
1170 1657 1243 1718 artie
1259 1656 1309 1716 in·

273 1753 383 1802 ventor
393 1745 553 1822 ansteus,
565 1748 605 1809 de
619 1769 683 1830 qno
696 1751 772 1810 texit
785 1749 914 1829 longam
927 1761 959 1809 et
970 1745 1144 1810 fabulosam
1159 1745 1311 1806 narratio·

275 1849 345 1888 nem
361 1851 457 1914 usque
470 1833 509 1894 ad
523 1836 597 1895 libri
611 1837 737 1896 exitum.
756 1838 921 1897 Praemittit
936 1838 1184 1910 invocationem,
1206 1846 1241 1894 ut
1257 1833 1311 1914 qui

274 1937 341 1978 rem
353 1941 467 1983 novam
479 1925 687 2005 aggrediatur,
702 1945 765 2006 qna
779 1947 798 1985 a
809 1925 908 1984 Musis
920 1927 1011 2006 petit,
1024 1924 1165 2008 pandant
1174 1925 1312 2006 primum

274 2005 429 2084 Deorum,
447 2013 502 2092 qui
518 2008 600 2072 banc
619 2025 714 2072 artem
732 2013 862 2072 invenit.
883 2012 1061 2072 Geminatio
1078 2012 1229 2094 disquis,
1249 2012 1312 2092 quis

275 2105 366 2172 auget
376 2095 509 2176 gloriam
522 2101 705 2160 inventoris.
719 2100 795 2175 Quis
809 2098 861 2158 ille
873 2116 937 2158 esse
951 2117 1026 2178 ergo
1040 2099 1156 2179 potuit,
1175 2099 1228 2179 qui
1244 2114 1311 2154 rem

274 2189 395 2242 tantam
407 2185 544 2248 inveniti
555 2186 692 2249 Verbum
704 2187 815 2249 extudit
824 2185 942 2247 indicat
951 2185 1130 2268 diligentem
1142 2181 1312 2266 quamdam

274 2269 525 2351 meditationem,
545 2296 734 2359 operamque
750 2277 783 2336 in
797 2273 996 2336 inveniendo.
1013 2275 1125 2354 Versus
1140 2271 1218 2332 alter
1231 2269 1313 2330 hanc

275 2355 372 2421 habet
387 2365 581 2426 sententiam.
600 2367 703 2426 Dicite
716 2365 830 2442 Musae,
849 2363 935 2425 unde
952 2385 1034 2424 nova
1046 2361 1213 2423 hominum
1227 2379 1314 2441 expe·

273 2449 387 2511 rientia
402 2456 484 2536 cepit
501 2453 675 2537 ingressus?
692 2453 724 2514 id
741 2469 800 2530 est,
819 2453 914 2514 dicite
930 2451 1014 2514 unde
1031 2472 1114 2513 nova
1128 2449 1315 2533 experientia

274 2533 386 2600 babuit
397 2544 517 2624 primos
529 2547 633 2606 aditus
647 2564 846 2626 accessusque
861 2543 900 2604 ad
913 2563 979 2604 rem
990 2537 1127 2602 tantam?

312 2630 395 2690 Pars
408 2651 535 2695 ocrava.
550 2635 618 2716 317.
630 2633 739 2694 Voluit
749 2634 827 2692 scire
841 2652 860 2690 a
871 2632 984 2705 Musis,
997 2632 1068 2712 quis
1079 2630 1163 2690 Dens
1174 2625 1255 2688 hanc
1267 2645 1314 2684 ar·

275 2731 338 2778 tem
350 2720 522 2782 invenerit?
533 2723 633 2783 Muaoe
647 2734 818 2805 suggerunt
827 2723 1007 2795 Aristaeum,
1021 2732 1053 2779 et
1061 2717 1133 2779 ideo
1143 2715 1184 2776 ab
1194 2737 1230 2776 eo
1242 2734 1314 2775 nar·

276 2806 429 2866 rationem
443 2807 581 2870 inchoat.
592 2812 703 2870 Narrat
716 2829 790 2870 vero
802 2807 900 2882 hunc,
911 2819 947 2868 ut
958 2808 1065 2867 amisit
1075 2824 1148 2888 apes
1160 2803 1272 2862 morbo
1282 2819 1314 2862 et

275 2891 359 2954 fame
370 2912 565 2975 consumtas,
584 2898 748 2981 reliquisse
760 2901 877 2980 Tempe
889 2899 983 2977 (sunt
993 2893 1059 2954 hec
1069 2891 1234 2954 Thessaliae
1246 2890 1316 2950 loca

276 2986 499 3062 amoenissima,
520 3009 589 3070 quae
604 2985 755 3048 interfluit
769 2985 922 3064 Peneus),
942 2983 1049 3066 lugam
1061 3001 1134 3042 vero
1146 2980 1315 3040 destinasse

277 3069 316 3130 ad
330 3071 451 3134 fontem
463 3073 568 3154 illum,
580 3075 665 3137 unde
676 3075 815 3159 erumpit
825 3073 960 3148 Peneus,
977 3084 1015 3132 ut
1027 3070 1165 3154 querelas
1177 3087 1247 3129 suas
1261 3065 1313 3126 de·

310 3204 373 3258 soe.
384 3206 489 3262 Teneris
495 3211 636 3283 tepefaem
644 3212 671 3264 in
682 3211 774 3266 ουὶὸω
853 3209 914 3277 317.
928 3208 1026 3259 Pastor.
1034 3205 1175 3263 Aristaeum
1188 3198 1316 3288 liliuainit

277 3284 378 3339 humor.
391 3287 490 3360 Utpote
501 3289 566 3342 bimi
576 3291 666 3358 rituli,
678 3293 706 3344 in
719 3307 773 3362 qno
816 3285 950 3359 Apollinis
970 3298 997 3338 et
1017 3283 1131 3356 Cyrenes
1153 3279 1214 3332 fitia
1234 3279 1314 3331 Penei

277 3364 421 3438 plurimum
434 3367 560 3423 ferventia
574 3385 613 3425 est
627 3373 773 3444 sanguinis.
817 3365 932 3419 flurrrinis
940 3362 1099 3418 Thessalia
1115 3361 1253 3432 quiquam
1264 3355 1314 3448 llu-¹

312 3445 374 3516 309.
385 3447 495 3501 ruenda
502 3450 584 3504 modis
590 3450 716 3502 animalia
724 3450 775 3501 mi·
818 3445 927 3519 rydieen
937 3442 1086 3517 Nympbam
1095 3457 1205 3493 uxorem
1211 3435 1315 3508 Orpber

260 3570 261 3578 ,
279 3523 319 3576 ris.
328 3524 442 3596 thuod
451 3528 775 3582 exeodaversnarenntur
818 3528 911 3579 vitiare
925 3524 1066 3588 voluisset,
1083 3535 1110 3573 et
1125 3519 1172 3573 illu
1183 3521 1288 3591 lugiens
1299 3535 1315 3568 a

278 3603 420 3670 animalia,
434 3619 461 3658 et
472 3608 545 3679 quod
557 3625 621 3678 aper
633 3623 666 3660 ex
675 3605 774 3660 vermi·
818 3615 944 3677 serpente
955 3603 1050 3655 luisset
1064 3601 1166 3662 accim
1180 3595 1316 3671 Nympha·

278 3683 330 3736 baa
341 3699 525 3756 procreantur.
538 3687 607 3739 Serv.
819 3703 880 3738 rum
892 3682 1034 3736 iracundia
1043 3682 1146 3734 cuneda
1158 3675 1316 3732 animalibus

314 3764 375 3819 316.
388 3765 523 3838 [repressus.
534 3765 657 3818 Exordia.
668 3764 776 3818 Sera-
818 3761 932 3837 perditis
940 3761 1060 3814 funditur
1068 3760 1204 3814 mouenda
1212 3755 1317 3827 apibus,

279 3846 356 3900 Nova
367 3845 530 3918 experientia.
544 3845 625 3898 Nullo
640 3845 711 3898 enirn
723 3845 775 3896 do·
819 3840 1047 3896 matrirauilimn
1056 3840 1142 3912 petiit.
1152 3833 1318 3925 Sem-Pe·

280 3938 411 3979 eentears
420 3942 554 3998 peratum
567 3937 681 3998 reperta.
693 3926 777 3978 Mani·
819 3924 879 3976 aeia
901 3923 1005 3995 Tempe.
1023 3921 1094 3990 Quia
1109 3937 1157 3990 per
1172 3935 1205 3969 ea
1220 3925 1316 3966 manen

280 4003 333 4058 lius
344 4005 391 4058 lib.
405 4008 429 4069 l;
441 4015 521 4059 arteni
533 4005 688 4079 experientia
695 4005 775 4077 feeit,
820 4005 922 4058 Panem
937 4001 1041 4054 llnvina.
1054 3999 1125 4052 Phil.
1142 3997 1242 4066 Tempe
1255 4005 1316 4045 aunt

282 4083 409 4156 Exemplo
417 4084 774 4164 monstrannviamffaubm.
819 4081 882 4138 laea
890 4081 1002 4155 frigida,
1012 4095 1112 4154 opaea,
1124 4089 1151 4131 et
1160 4073 1296 4130 frondosa.
