3000 4674
285 385 348 474 ²7⁴
613 355 997 445 a'ounnurtnri

324 499 511 584 21.Capellae
520 499 553 560 in
561 500 680 581 pascuis
690 501 871 581 gratissimis
881 501 1168 579 versabuntur3hoc
1176 505 1334 566 indicabit

281 597 370 658 lactis
382 591 486 673 copia,
500 609 563 670 quo
579 588 680 670 plenu
694 589 825 648 domum
841 589 1006 650 redibunt:
1022 613 1175 672 quaerero
1189 609 1333 654 armenta

283 687 316 746 in
329 682 411 763 agris
422 680 576 753 resistent,
590 690 656 736 tuta
668 692 761 738 erunt
772 678 811 736 ab
826 697 1012 760 magnorum
1027 680 1156 741 leonum
1171 683 1309 742 incursu.

321 771 371 832 53.
382 770 516 851 lpsamet
527 765 721 824 incunabula
734 767 768 826 in
782 767 917 847 gratiam
930 781 993 828 tuae
1008 767 1151 830 infantie
1160 769 1331 830 blandissi-

283 860 343 922 mis
354 855 483 917 floribus
496 849 709 935 pullulabunt.

286 1020 290 1028 A
322 943 370 1022 ati.
389 945 475 1022 Quin
491 941 551 1003 hoc
566 943 688 1003 cavebit
703 939 809 1017 tellus,
824 955 860 1002 ut
875 963 942 1004 non
957 942 1059 1004 solum
1074 943 1241 1025 producat,
1257 963 1331 1024 quoe

282 1037 469 1122 gratissima:
480 1033 534 1094 sed
544 1045 649 1092 enecet
658 1051 727 1112 quar
737 1030 914 1093 mortifera:
926 1031 1007 1094 nihil
1016 1034 1101 1094 enim
1109 1036 1239 1094 noxium
1249 1035 1332 1093 sinet

281 1130 474 1190 revirescere.
485 1123 556 1183 Tuti
571 1134 663 1181 erunt
673 1117 766 1182 flores
777 1119 817 1180 ab
832 1141 935 1202 angue
947 1121 1063 1184 latente
1074 1125 1108 1182 in
1123 1125 1236 1184 virenti
1257 1143 1329 1202 gra-

281 1220 381 1290 mine:
400 1212 505 1274 herbae
525 1230 633 1272 omnes
650 1209 801 1270 salutares
821 1223 927 1288 erunt,
945 1211 1035 1275 nulla
1053 1210 1209 1293 legentem
1227 1211 1332 1285 fallet,

281 1307 371 1369 nulla
386 1323 459 1365 cum
475 1318 606 1360 veneno.
626 1295 683 1360 Sed
701 1311 805 1386 etlpro
822 1299 910 1359 omni
929 1297 1032 1360 fallari
1051 1297 1147 1361 herba
1167 1319 1329 1360 amomum

281 1397 372 1472 iliud,
383 1391 467 1476 quod
481 1389 558 1451 olim
566 1390 599 1448 in
611 1389 733 1472 Assyria
744 1388 928 1469 pretiosum,
936 1386 1055 1471 ubique
1062 1403 1215 1450 terronam
1223 1407 1329 1449 nasce·

280 1503 341 1551 tur.
348 1482 495 1568 Expende
504 1479 612 1539 leviter
621 1497 724 1538 versus
733 1491 850 1560 poetas:
862 1499 960 1559 quum
970 1476 1022 1540 hic
1033 1493 1174 1540 cantetur
1181 1477 1273 1561 liujus
1282 1479 1331 1536 in·

280 1571 395 1637 fantuli
404 1563 839 1652 genethliacon‚plurimahie
847 1566 1006 1627 infantilia
1017 1568 1155 1629 invenies
1165 1589 1201 1628 ex
1213 1587 1330 1648 magno

279 1662 416 1746 judicio:
432 1655 582 1716 nimirum
593 1652 782 1730 munuscula,
794 1675 864 1715 curn
875 1655 1086 1717 diminutione
1097 1677 1104 1715 :
1117 1653 1334 1737 baccordepel·

279 1743 578 1816 lendofascino‚cui
586 1743 732 1823 inprimis
740 1741 867 1824 subjecti
877 1743 1025 1804 infantes:
1035 1747 1117 1817 rista,
1124 1764 1186 1825 quo
1196 1745 1332 1803 maxime

281 1859 317 1898 ea
335 1847 407 1895 aetas
426 1829 581 1890 allicitur:
604 1826 663 1906 lac,
685 1829 762 1910 quid
778 1831 881 1912 aptius
896 1831 935 1891 ad
951 1829 1121 1891 infantem?
1139 1830 1241 1905 ubera,
1260 1850 1332 1912 quae

278 1920 484 1988 blandissime
497 1929 631 1977 tractant
641 1919 729 1999 pueri
741 1940 748 1976 ε
761 1916 924 1994 cunabula,
938 1932 984 1995 et,
986 1919 1078 2004 floras
1087 1917 1223 1994 blarados,
1232 1931 1331 2002 gratos

278 2031 387 2096 puero:
401 2007 519 2086 reliqua
535 2007 600 2087 ipse
614 2005 810 2067 observabis:
824 2010 920 2089 prima
930 2007 1119 2082 munuscula,
1132 2011 1206 2089 quia
1218 2009 1330 2091 primia

279 2103 331 2160 tiae
344 2115 464 2178 semper
476 2095 643 2175 gratiores:
659 2093 710 2154 sed
725 2093 812 2154 addit
827 2092 910 2156 trullo
924 2094 1020 2170 cultu,
1033 2098 1107 2177 quia
1123 2094 1188 2156 haec
1202 2117 1267 2156 non
1279 2113 1332 2154 so-

280 2188 347 2248 lum
360 2197 446 2267 grata
453 2225 465 2258 ‚-
476 2183 530 2250 sed
543 2203 636 2266 supra
649 2195 810 2242 naturam:
830 2205 865 2244 ac
879 2187 903 2245 si
918 2186 1016 2260 dicat;
1030 2184 1122 2246 tellus
1134 2185 1229 2246 nullis
1240 2184 1331 2244 labo-

280 2277 369 2337 ribus
388 2285 511 2346 vexata‚
530 2271 624 2330 nullis
643 2269 805 2353 ligonibus
824 2271 972 2350 lacerata,
993 2288 1103 2356 sponte
1120 2294 1174 2333 sua
1187 2269 1333 2334 effundet

280 2365 405 2426 omnia:
417 2380 488 2444 quas
497 2360 642 2440 requiris,
655 2381 674 2420 o
685 2381 777 2442 puer,
790 2363 822 2421 in
833 2364 965 2442 gratiam
976 2361 1021 2448 tui
1035 2357 1332 2441 miraculamajoral

280 2454 405 2514 Possem
417 2451 525 2510 omnia
538 2447 708 2531 expendere
720 2450 815 2510 simili
828 2451 939 2527 modo,
951 2451 1003 2512 aed
1016 2450 1115 2511 multa
1127 2449 1334 2532 relinquenda

283 2539 455 2621 diligentiae
468 2536 602 2596 lectoris.

323 2631 372 2691 26.
385 2627 533 2708 Quinque
542 2626 638 2707 primi
647 2645 751 2688 versus
760 2623 969 2689 hanohabent
980 2629 1162 2689 senteutiam
1172 2649 1179 2686 :
1189 2626 1254 2703 ubi,
1263 2639 1335 2708 post

266 2824 327 2888 wi,
344 2819 482 2892 jucundo,
500 2819 630 2892 fulgenti,
649 2832 697 2886 nt,
717 2818 786 2872 ridet
829 2821 918 2874 alera.
937 2833 963 2876 et
979 2820 1033 2877 Sat.
1051 2824 1079 2891 1,
1100 2840 1129 2889 r,
1150 2839 1207 2875 tro.
1226 2817 1335 2894 Capella

283 2914 392 2976 argento
404 2901 511 2954 clamas:
521 2901 564 2952 vel
582 2899 658 2970 quod
668 2899 745 2952 hians
759 2913 786 2953 et
827 2911 902 2973 perat
909 2900 1049 2972 distentius
1061 2901 1131 2953 uber.

284 2997 380 3058 patens
392 2983 513 3034 nascitur
523 3001 529 3032 ε
544 2993 570 3032 et
580 2994 620 3032 eat
631 2979 716 3032 herba
727 2998 786 3050 que
869 2999 909 3036 υ.
919 2981 975 3036 Nec
984 3000 1093 3056 magnos
1103 2990 1222 3034 metuent
1230 2999 1335 3033 annen-

285 3065 313 3117 in
321 3065 434 3138 AEgypto
447 3061 588 3112 invenitur.
599 3087 634 3098 -
644 3057 786 3112 Colocasia.
834 3071 859 3113 ta
871 3060 964 3116 leones.
982 3063 1057 3115 Bona
1073 3079 1137 3116 usus
1154 3075 1193 3114 est
1208 3059 1334 3113 modera-

286 3147 363 3198 Hanc
374 3143 485 3196 herbam
498 3138 605 3192 videtur
617 3140 643 3190 in
656 3137 788 3191 honorem
833 3143 920 3211 tione,
933 3139 1041 3206 dicens:
1054 3139 1138 3194 Erunt
1157 3140 1266 3213 quiden:
1281 3159 1337 3192 ma-

285 3226 400 3298 Augusti
410 3221 520 3285 dixisse,
538 3237 596 3290 que
607 3219 711 3286 Romae,
726 3230 789 3291 post
832 3224 898 3296 ligni
907 3221 997 3277 leones
1010 3245 1017 3286 3
1030 3221 1077 3276 sed
1088 3225 1195 3275 minime
1208 3223 1334 3274 armentis

288 3305 420 3358 devictam
441 3301 474 3352 ab
490 3319 521 3352 eo
537 3303 695 3374 AEgyptum‚
711 3301 789 3352 inno·
833 3301 979 3356 nocebunt.
991 3303 1062 3356 Seru.
1076 3303 1273 3373 «Neomagnos
1283 3319 1336 3353 me·

287 3387 352 3447 tuit;
366 3396 392 3436 et
408 3379 524 3434 dicendo
535 3381 637 3452 fimdet
650 3381 790 3433 obtrudan-
833 3396 910 3436 tuent
919 3394 1038 3435 armenta
1048 3380 1148 3434 leones.
1161 3405 1172 3426 ι
1187 3381 1230 3432 ste
1241 3381 1332 3430 Horat.

288 3468 352 3534 tiam
365 3462 437 3514 floris
450 3460 578 3514 ostendit:
588 3461 658 3514 Seru.
832 3459 919 3536 Epod.
935 3461 1004 3514 XVI.
1023 3459 1165 3513 «Credula
1183 3457 1233 3511 nec
1251 3457 1334 3511 flavos

327 3559 368 3596 21.
384 3542 450 3611 Ipsoe
465 3537 532 3590 lacte
545 3539 652 3590 domum
667 3537 787 3609 referent.
834 3545 943 3595 timeant
954 3541 1181 3594 armentaleoues.
1190 3561 1202 3586 ι
1212 3537 1244 3589 Et
1253 3538 1334 3610 paulo

288 3620 360 3690 Quid
371 3621 442 3671 enim
454 3629 494 3669 est
502 3618 589 3687 aptius
597 3616 693 3668 infanti
703 3618 788 3671 laete?
831 3636 894 3697 post
905 3645 911 3674 :
925 3621 1002 3675 «tter
1012 3623 1179 3694 vespertinus
1189 3619 1335 3692 circumge-

288 3701 323 3752 Et
339 3715 436 3768 magna
451 3697 509 3747 laus
528 3697 557 3747 in
573 3695 626 3747 hoc
643 3708 698 3762 est,
714 3697 788 3768 quod
832 3704 881 3757 mit
894 3719 971 3756 ursus
984 3702 1083 3754 ovilen
1103 3701 1206 3752 Leones
1222 3711 1249 3750 et
1260 3697 1336 3752 vituli

292 3781 338 3840 ait,
348 3771 579 3847 lpsoereferent,id
592 3785 642 3838 est,
651 3791 699 3826 sua
710 3793 790 3847 spon·
834 3781 867 3836 ad
885 3799 1003 3856 praesepe
1020 3778 1099 3832 simul
1111 3779 1238 3831 stabunt:
1256 3777 1334 3854 lupus

291 3871 325 3910 te.
335 3853 453 3906 -Laete
459 3852 568 3904 duania
580 3851 689 3925 capella
701 3855 788 3908 ubera.
835 3879 911 3913 ovem
924 3879 978 3912 non
991 3863 1085 3931 rapiet.

289 3930 791 4004 structum.«Thyrstsovisfflo-
871 3931 913 3985 25.
940 3931 1087 4008 Assyriam!
1106 3925 1186 4001 uulgo
1215 3934 1336 3982 nascetur

291 4016 377 4090 sydon
397 4012 526 4074 distentat
546 4011 616 4065 laete
637 4013 788 4085 capellas»
835 4031 979 4064 amomum.
989 4013 1129 4069 Amomum
1137 4008 1222 4062 herba
1230 4023 1336 4064 estana-

291 4097 418 4153 lloratius
432 4091 518 4167 Epod.
533 4094 566 4149 ll.
582 4093 703 4150 Distento
717 4093 794 4148 siccet
836 4093 937 4148 tissimi
947 4091 1053 4161 odoris,
1065 4109 1124 4164 quse
1133 4102 1235 4144 tantum
1247 4091 1274 4143 in
1287 4091 1337 4142 Aa·
