3000 4674
456 412 508 484 lu
532 409 778 477 nonooau
801 409 887 474 vn.
1129 416 1191 504 309

154 537 285 598 arbutus
298 551 355 596 suo
364 537 482 608 virore,
494 554 548 594 sua
560 532 685 606 umbra3
698 549 771 590 narn
784 532 903 591 tametsi
916 529 981 594 bec
994 553 1078 608 rara,
1090 533 1193 594 fontes

156 637 188 684 et
198 623 324 684 herbam
336 624 425 705 tegit:
439 621 545 683 subdit
558 623 707 682 rationem
721 641 776 680 cur
787 633 950 702 tantopere
961 635 1064 681 caveat
1074 625 1196 704 pecori,

159 713 307 794 quiajam
319 729 404 774 restas
419 715 502 772 venit
513 710 630 784 calida,
643 707 820 783 etfervida,
834 730 868 769 ac
881 729 950 770 vere
962 723 1099 771 torrens:
1114 711 1196 770 indi·

156 801 242 860 cium
255 821 327 862 vero
340 801 530 862 advenientis
542 801 655 861 aestatis
669 812 740 860 sunt
752 817 879 879 gemmae
892 800 1002 858 vitium
1012 801 1078 881 jam
1092 815 1199 883 protu-
1242 847 1247 860 .

157 885 300 950 berames
313 902 530 970 turgentesque
543 890 575 947 in
589 885 781 970 palmitibus.

197 971 245 1055 49.
260 978 396 1058 Vagatus
414 990 460 1038 est
475 973 620 1056 Corydon
638 977 701 1035 sais
718 973 859 1034 versibus
876 995 930 1053 per
946 995 1052 1056 agros,
1070 987 1099 1034 et
1118 977 1200 1036 cavit

158 1081 214 1122 suo
226 1065 349 1144 pecori:
364 1065 497 1146 opponit
509 1062 554 1122 illi
564 1061 690 1143 Thyrsis
702 1060 883 1134 commoda,
894 1081 962 1141 quae
973 1076 1113 1142 pastores
1126 1063 1200 1142 ipsi,

161 1169 225 1208 non
238 1170 366 1232 pecora,
380 1153 505 1232 capiant
514 1169 549 1209 ex
560 1152 663 1220 tectis,
676 1169 739 1208 non
750 1169 785 1208 ex
796 1151 878 1229 agris
890 1169 897 1206 :
911 1163 985 1208 sunt
995 1148 1084 1207 nobis
1097 1147 1202 1221 focus,

161 1234 262 1311 taedae,
276 1237 357 1318 ignis
369 1257 493 1318 semper
504 1235 673 1318 plurimus:
688 1234 782 1315 hujus
794 1238 836 1294 rei
850 1235 1004 1295 indicium
1015 1247 1116 1316 postes
1127 1235 1203 1315 ipsi,

161 1325 218 1404 qui
231 1326 312 1405 nigri
324 1347 388 1408 prae
399 1323 548 1406 fuligine:
562 1323 610 1384 bis
623 1326 682 1385 tuti
695 1345 803 1385 sumus
815 1345 831 1382 a
845 1323 975 1404 frigore,
991 1325 1049 1384 tuti
1062 1343 1079 1382 a
1092 1325 1203 1394 Borea,

163 1431 275 1492 quem,
286 1415 410 1473 tametsi
423 1415 567 1472 omnium
581 1415 796 1495 asperrimum,
808 1426 928 1474 tantum
940 1421 1099 1486 curamus,
1109 1431 1207 1493 quan·

162 1501 230 1559 turn
247 1501 339 1584 lupus
355 1515 442 1562 curat
458 1521 623 1562 numerum
635 1505 757 1580 otium,
781 1516 933 1584 quantum
949 1502 1081 1563 flumina
1094 1513 1206 1562 curant

161 1588 264 1667 ripas,
282 1587 315 1646 id
333 1601 394 1665 est,
412 1603 534 1650 tantum
550 1591 780 1650 contemnimus
797 1591 900 1650 lloreae
918 1589 1033 1671 frigus,
1052 1601 1206 1670 quantum

163 1669 258 1753 lupus
269 1677 443 1736 coutemnit
455 1695 621 1738 numerum
637 1677 759 1750 ovium,
773 1689 927 1757 quantum
941 1677 1026 1757 ripae
1041 1675 1182 1734 flumina.

207 1759 254 1820 53.
272 1763 336 1838 Ait,
356 1777 437 1824 stare
456 1764 488 1824 in
508 1765 590 1845 agris
605 1762 782 1846 juniperos,
805 1777 836 1824 et
853 1777 1024 1839 castaneas,
1045 1775 1209 1842 utramque

168 1843 338 1925 hirsutam,
350 1865 382 1912 et
393 1853 608 1934 spectabilem
620 1872 751 1934 quaeque
763 1873 857 1936 poma
869 1867 963 1912 strata
969 1851 1071 1932 jacere
1084 1850 1142 1910 sub
1153 1867 1210 1908 aua

167 1936 295 2016 arbore;
314 1937 442 2002 demum
455 1941 555 2003 ridere
567 1943 674 2003 omnia
686 1943 718 2002 in
732 1944 814 2024 agris
826 1962 891 2024 pras
903 1941 1011 2000 laetitia
1022 1961 1028 1998 ε
1044 1938 1125 2000 banc
1135 1955 1209 1998 vero

166 2037 286 2088 mutam
305 2028 572 2111 pulchritudinem
591 2032 778 2092 commutari
797 2033 830 2092 in
852 2029 1056 2112 squallorem,
1076 2029 1211 2088 abeunte

164 2130 204 2172 ex
215 2115 373 2176 montibus
386 2115 486 2177 Alexi:
499 2139 573 2178 nam
584 2117 740 2180 formosus
751 2131 810 2195 est,
823 2133 854 2180 et
866 2120 1030 2202 praesentia
1041 2137 1094 2178 sua
1105 2115 1212 2175 reddit

167 2203 276 2262 omnia
286 2201 437 2266 formosa:
451 2204 546 2286 hujus
559 2220 654 2268 tantae
667 2209 816 2268 vastitatis
830 2221 1047 2290 argumentum
1060 2203 1212 2265 deducito

169 2287 365 2372 fluminibus,
384 2315 455 2378 quae
473 2316 570 2377 quum
591 2299 741 2379 perennia
757 2298 834 2373 sint,
852 2313 957 2357 tamen
970 2296 1098 2356 absente
1113 2313 1210 2376 puero

171 2395 360 2442 exarescant.
533 2446 536 2452 ,

209 2465 255 2546 57.
267 2467 447 2530 commutat
455 2469 584 2554 Thyrsis
595 2473 778 2534 sententiam
789 2472 823 2532 in
833 2474 966 2554 gratiam
976 2492 1037 2532 sure
1047 2467 1213 2554 Phyllidis,

169 2563 200 2611 et
219 2557 277 2632 ait,
303 2577 413 2640 agrurn
430 2581 586 2621 arescere:
607 2561 735 2622 herbam
749 2564 890 2635 immori,
910 2583 944 2622 ac
959 2563 1044 2622 sitire
1058 2580 1121 2644 pras
1136 2559 1213 2619 vitio

173 2641 267 2718 aeris,
286 2642 409 2704 nullum
423 2667 563 2729 unquam
577 2647 742 2710 humorem
755 2649 915 2726 stillantis,
933 2639 1088 2712 Bacchum
1112 2649 1215 2728 ipsum
1293 2663 1297 2670 ·

171 2727 321 2794 invidisse
333 2737 549 2798 amoenissimis
563 2739 699 2801 collibus
715 2741 840 2801 umbras
854 2741 1093 2822 pampinorum,
1108 2736 1139 2796 id
1155 2747 1217 2807 est,

171 2815 320 2882 ademisse
340 2823 466 2886 umbras
484 2846 541 2908 per
559 2827 728 2904 invidiam,
746 2827 946 2909 noluisseque
963 2841 998 2886 ut
1012 2823 1112 2886 colles
1126 2823 1217 2882 vesti·

171 2920 279 2969 rentur
292 2916 450 2996 pampinis
462 2938 469 2974 ε
482 2915 667 2978 adveniente
678 2936 751 2977 vero
762 2916 922 3001 Phyllide,
933 2936 1056 2998 agrurn,
1067 2927 1216 2973 etaemus

172 2993 334 3074 virescere3
344 3004 516 3085 lovemque
527 3007 628 3088 ipsum
638 3006 824 3089 plurimum,
834 3005 867 3066 id
878 3019 937 3081 est,
948 3002 1217 3065 abundantissime

174 3075 356 3145 descendere
368 3089 400 3147 in
413 3087 526 3151 herbas
540 3093 633 3153 imbri
649 3093 732 3154 loeto.

209 3221 321 3288 47·Jam
334 3231 482 3284 uenitoestas
491 3233 675 3288 renodatam
720 3236 896 3288 morientibus
919 3245 1013 3285 estest
1034 3228 1160 3282 herbis.»
1185 3255 1220 3268 -·-

174 3301 269 3371 Venit,
289 3307 346 3375 jam
373 3314 598 3382 appropinquata
620 3332 675 3366 uon
720 3305 1222 3381 Morietulrerba.llspbilosophantium

176 3379 676 3444 enimdioitoestatemessecumadhue
721 3395 868 3456 sententia,
889 3393 1011 3443 animate
1031 3400 1093 3438 sunt
1116 3385 1220 3444 berum

176 3469 281 3530 turgere
288 3481 452 3534 gemmarum
462 3468 585 3538 palmites
595 3469 675 3521 dieat.
722 3472 837 3542 ideoque
853 3471 934 3532 mori,
952 3468 1095 3540 exspirare,
1114 3477 1164 3518 etc.
1183 3463 1223 3515 di·

176 3537 210 3590 Et
221 3538 290 3594 bene
302 3544 377 3596 tarde
389 3546 515 3600 frondere
527 3551 593 3601 ritas
605 3567 678 3600 eom·
704 3585 711 3595 ·
723 3567 828 3606 cuntur.
839 3548 997 3602 NostarEcl.
1007 3548 1041 3612 x,
1049 3547 1099 3616 67:
1113 3569 1124 3592 ι
1134 3546 1223 3612 Quum

94 3665 97 3672 .
177 3633 307 3672 memorat
319 3623 347 3674 in
361 3625 487 3691 Venetia,
501 3642 559 3697 que
571 3640 611 3680 est
621 3645 679 3698 pro·
723 3634 839 3685 moriem
852 3631 906 3682 alta
917 3627 985 3680 liber
1002 3639 1057 3679 aret
1073 3629 1100 3678 in
1116 3624 1196 3676 ulmo.
1210 3645 1221 3670 s

177 3699 266 3750 uincla
289 3701 420 3774 frigidior.
446 3705 560 3758 Tumida.
584 3707 680 3760 Calore
725 3724 751 3763 et
761 3710 809 3762 Ge.
819 3703 1079 3778 1v‚33021nrefioe
1088 3721 1182 3756 mettes-

178 3780 258 3832 sicea.
269 3781 338 3836 Sera.
761 3789 804 3842 60.
817 3789 921 3859 Jupiter
928 3797 953 3838 et
962 3786 1019 3838 leto
1027 3783 1159 3836 emmor
1164 3781 1227 3854 Plu·

216 3859 418 3939 57.1lretaqer.·
432 3867 494 3920 vitio
508 3867 618 3922 moriens
630 3869 684 3922 sitit
727 3869 806 3922 eimau
818 3867 899 3920 imbri.
912 3867 954 3918 Sic
967 3864 1047 3922 alibi,
1065 3862 1226 3936 eonjuqe‘stn

181 3940 246 3993 ueris
259 3941 343 3996 herba.
354 3944 384 3996 ld
399 3959 455 4012 eat,
471 3945 580 4000 siccitas
597 3951 683 4000 mina·
725 3948 853 4022 gmmium
867 3944 932 3997 ΜΦ
945 3942 1080 3996 ‘lt-'mall-
1091 3942 1144 3992 ΔΕΓ
1157 3941 1227 3992 ‘¹¹5⁰‘

184 4028 227 4069 tur
252 4021 373 4092 frugibus
398 4038 425 4078 et
448 4027 512 4078 satis
538 4029 682 4080 interitum.
728 4030 756 4078 in
770 4026 874 4099 pluvias
891 4024 1010 4087 solutus,
1029 4021 1150 4092 irrigabit
1167 4037 1230 4070 Μ

185 4097 281 4152 Noster
293 4101 339 4156 Ge.
353 4105 381 4171 l,
396 4121 459 4176 ¹07:
475 4107 609 4160 -ususrus
622 4127 685 4181 ager
729 4105 828 4177 pluviis
846 4103 880 4158 ad
898 4101 1061 4157 fertilitatem
1076 4099 1231 4158 sufficienti»
