2970 4714
214 368 252 409 12
573 343 880 410 PROOEMIUM

206 465 334 554 Virgilii
349 465 535 555 exemplum
549 467 710 545 formatis,
726 482 984 555 pertractarunt:
1002 463 1172 558 utriusque
1187 491 1246 558 geu

205 571 294 636 neris
306 572 454 661 exempla
468 573 502 637 in
515 572 659 637 Ausonio
673 587 830 661 prostant.
846 573 927 637 Sunt
939 595 1018 638 vero
1031 573 1064 638 in
1078 573 1129 639 bis
1141 575 1247 639 multa

205 697 274 739 non
289 678 382 742 malae
397 695 482 742 notae
497 679 653 756 carmina3
668 694 744 742 sunt
757 678 883 766 singula
896 677 983 759 loca,
1001 679 1118 767 singuli
1131 703 1244 744 versus

205 778 305 847 docte
319 800 352 846 et
367 800 480 848 ornate
494 783 581 847 facti.
601 785 776 871 Comparet
791 806 822 846 v.
842 806 870 847 c.
890 783 1007 871 aliquis
1026 785 1245 849 narrationem

207 884 251 950 de
263 885 425 952 adulterio
440 889 553 952 Martis
568 905 600 950 et
611 890 749 950 Veneris
763 885 896 951 Antbol.
911 889 980 951 Lat.
999 888 1055 952 lib.
1072 891 1100 968 l,
1115 891 1175 977 Ep.
1193 913 1243 975 7²·

204 991 282 1055 Non
297 989 404 1055 defuit
417 989 556 1070 homini,
575 991 633 1079 qui
646 987 682 1052 id
696 1012 827 1054 carmen
841 991 984 1079 scripsit,
1002 993 1170 1079 ingenium
1185 1017 1247 1060 nec

205 1096 335 1181 poetica
348 1095 451 1161 oratio
465 1117 472 1158 τ
489 1094 594 1160 defuit
601 1093 765 1184 judicium
779 1093 821 1158 ad
833 1117 995 1160 summam
1010 1099 1162 1162 carminis
1174 1121 1248 1163 con·

206 1199 408 1266 stituendam
419 1217 452 1266 et
464 1199 507 1265 ad
519 1199 752 1265 eliminandam
765 1202 894 1289 copiam
907 1202 1045 1266 otiosam
1058 1219 1091 1267 et
1104 1204 1246 1268 inanem.

206 1304 303 1369 Adde
315 1295 393 1372 ihidss
406 1307 462 1370 lib.
475 1309 559 1395 Lep.
573 1307 666 1393 89,et
676 1306 717 1370 al.
729 1309 830 1372 Lecto
843 1309 953 1398 itaque
966 1309 1092 1398 Virgilii
1105 1310 1249 1374 carmine

206 1409 451 1500 adscripserunt
468 1413 503 1476 in
521 1411 668 1498 margine
686 1411 809 1477 codicis
824 1415 875 1479 sui
888 1413 924 1477 hi
937 1412 1089 1481 homines
1104 1438 1156 1493 ea,
1174 1437 1249 1504 quae

206 1517 269 1604 ipsi
282 1534 502 1594 tentaverant,
517 1516 559 1580 ad
572 1514 762 1580 variandam
776 1519 829 1582 vel
843 1517 1106 1606 amplificandam
1121 1538 1251 1586 senten·

205 1623 301 1702 tiam,
314 1623 417 1710 idque
432 1622 582 1710 inprimis
596 1622 631 1685 in
644 1622 826 1688 minoribus
841 1622 892 1688 his
908 1625 1037 1712 Virgilii
1050 1627 1249 1692 carminibus

207 1731 330 1796 factum
345 1747 495 1817 apparet,
510 1727 616 1794 multo
630 1746 739 1795 autem
754 1732 894 1796 maxime
909 1731 944 1794 in
958 1731 1084 1811 Culice,
1100 1732 1207 1822 cujus,
1223 1734 1252 1796 si

208 1851 298 1900 recte
308 1833 437 1923 judico,
458 1834 531 1924 plus
547 1859 644 1924 quam
660 1835 796 1901 dimidia
810 1859 884 1925 pars
900 1836 1062 1926 ejusmodi
1076 1837 1251 1904 Scholasti-

209 1959 324 2003 corum
334 1940 482 2006 versibus
490 1943 713 2006 consarcinata
720 1959 779 2008 est.
788 1945 911 2007 Versus
919 1942 980 2008 hos
990 1960 1046 2008 aut
1055 1944 1141 2008 inter
1149 1945 1253 2009 lineas

209 2046 307 2110 autin
315 2049 461 2136 margine
473 2047 669 2137 adscriptos,
683 2049 808 2115 librarii
816 2047 954 2128 indocti,
970 2049 1028 2138 qui
1039 2047 1187 2115 codicem
1198 2049 1255 2114 de·

210 2152 410 2233 scribebant,
433 2154 517 2220 forte
539 2157 637 2221 etiam
656 2172 693 2220 ut
711 2157 895 2245 pleniorem
915 2153 1063 2221 codicem
1083 2156 1254 2222 venditare

211 2277 358 2348 possent,
373 2261 407 2324 in
419 2262 527 2351 ipsum
539 2285 672 2327 carmen
686 2263 896 2343 infamarent,
908 2278 1008 2350 atque
1020 2262 1066 2326 sic
1080 2263 1202 2341 evenit,
1216 2279 1264 2326 ut*

210 2366 292 2434 illud
311 2369 557 2458 interpolatum,
581 2386 615 2434 et
632 2369 734 2435 modo
752 2367 901 2433 versibus
921 2370 997 2434 satis
1018 2367 1127 2448 bonis,
1151 2368 1253 2434 modo

210 2474 333 2540 inscitis
351 2493 383 2540 et
395 2475 550 2555 indoctis,
566 2495 622 2542 aut
634 2476 752 2541 hiulcis
770 2491 803 2539 et
815 2474 951 2553 scabris,
965 2473 1124 2540 foedatum
1136 2475 1178 2539 ad
1190 2497 1256 2540 nos

209 2580 406 2667 perveniret.
421 2579 520 2660 Quod
534 2603 601 2644 non
613 2579 879 2644 animadversum
892 2577 1001 2642 fraudi
1013 2581 1076 2642 fuit
1087 2580 1164 2642 viris
1177 2578 1254 2643 doc-

210 2685 266 2763 tis,
283 2706 380 2774 quos,
396 2701 463 2749 tam
478 2684 615 2751 diversae
629 2702 717 2751 notae
729 2702 897 2749 monetam
910 2681 1029 2748 eodem
1043 2683 1117 2750 loco
1132 2683 1254 2748 baben·

211 2809 275 2868 tes,
297 2793 331 2855 in
350 2791 460 2856 multis
480 2791 643 2879 trepidare
661 2813 797 2856 necesse
816 2791 888 2854 fuit.
913 2788 1011 2854 Unde
1031 2789 1127 2854 facile
1146 2806 1256 2878 potest

210 2896 365 2984 intelligi,
390 2896 532 2960 fundum
555 2895 691 2986 quidem
715 2896 867 2961 carminis
892 2917 963 2960 esse
987 2913 1084 2983 posse
1108 2895 1255 2960 Culicem

212 3003 305 3069 illum
330 3003 580 3082 Matronianum,
607 3000 666 3067 sed
693 3017 829 3066 attentas
855 3023 969 3066 ossea
992 2999 1198 3066 Scholasticis
1223 3018 1256 3065 et

213 3109 439 3174 Grammaticis
460 3108 593 3174 lacinias
613 3108 786 3196 plurimas,
812 3105 932 3196 quibus
956 3107 1081 3194 priscus
1103 3105 1255 3171 carminis

215 3216 303 3280 nitor
312 3214 521 3304 plerisquein
531 3214 611 3279 locis
622 3213 804 3278 admodum
818 3214 948 3278 attritus
955 3228 992 3277 ut
1001 3213 1043 3276 sit
1055 3235 1189 3279 necesse
1195 3228 1254 3278 est¹
1344 3287 1347 3295 Ι

256 3325 365 3409 Atque
383 3320 455 3385 haec
473 3322 545 3409 ipsa
561 3320 700 3399 faciunt,
721 3337 758 3385 ut
775 3321 829 3384 six
846 3342 922 3385 cum
940 3318 1172 3398 delectatione,
1193 3341 1256 3384 nec

214 3427 278 3491 nisi
291 3425 332 3490 ab
348 3448 402 3506 eo,
421 3427 478 3513 qui
488 3426 558 3516 jam
572 3427 825 3517 aliquantum‘in
838 3443 1012 3516 poetarum
1026 3425 1168 3489 lectione
1182 3445 1257 3487 ver·

215 3550 303 3596 satus
317 3532 373 3608 sit,
390 3529 455 3618 legi
468 3534 573 3620 possit
586 3533 650 3599 hoc
664 3557 797 3599 carmen
811 3536 864 3617 (t).
885 3531 972 3596 Male
987 3530 1077 3594 enim
1090 3527 1258 3592 cobserent

217 3653 267 3702 tot
282 3637 417 3725 pannis
431 3635 568 3704 diversis
582 3640 774 3706 hominibus
787 3640 903 3715 assuti,
921 3653 955 3699 et
971 3650 1055 3698 natae
1071 3651 1148 3698 sunt
1164 3657 1203 3698 ex
1217 3656 1258 3698 eo

252 3817 292 3889 (ι)
303 3819 390 3869 Patrio
402 3837 532 3886 sermone,
541 3824 644 3873 octonis
654 3840 716 3874 ver·
761 3811 1258 3890 poetenobiliBrit.(Virgil'anat),in

218 3895 290 3949 sibus
300 3899 327 3948 iu
339 3899 461 3971 strophas
472 3900 644 3968 coeuntibus,
657 3900 719 3953 red·
763 3902 819 3968 ejus
831 3899 903 3967 Opp.
913 3895 969 3946 Nec
977 3895 1032 3947 sine
1044 3894 1181 3964 voluptate
1192 3891 1261 3944 illud

219 3975 303 4032 ditum
312 3991 352 4033 est
362 3979 414 4033 boc
426 3999 534 4036 carmen
546 3999 563 4034 a
574 3981 718 4052 Spensero,
763 3977 842 4030 facilc
855 3974 984 4046 perlegas.
995 3973 1069 4027 adeo
1082 3971 1147 4026 mibi
1157 3971 1258 4026 velboe
