2970 4714
256 438 297 517 st
622 429 931 496 rnoosuwu

254 558 344 622 enim
364 551 533 633 monachi,
555 551 717 618 Servianis
741 553 774 616 in
798 551 971 618 AEncidem
993 553 1237 620 commentariis
1263 554 1302 618 in

253 663 363 728 fronte
373 658 525 740 adsutus,
536 681 678 748 pannus,
690 660 724 722 in
737 683 805 748 quo
817 660 927 724 Cirina
939 658 1092 725 scribitur
1102 662 1161 745 (ι),
1174 681 1302 724 memo-

253 769 318 833 rari
327 767 485 832 adversus
495 789 548 831 me
558 767 611 830 vix
620 781 740 855 potest.
750 763 850 847 Quod
859 782 970 830 autern
980 766 1137 854 poematii
1147 781 1302 855 praestan-

253 875 332 940 tiam
344 872 453 938 verbis
464 895 598 962 quoque
611 887 742 956 ornant,
758 888 795 937 ut
809 870 952 959 Scaliger
963 871 998 936 id
1010 872 1093 937 nulli
1105 873 1301 937 Latinorum

253 1003 364 1069 neque
374 981 495 1060 nitore,
512 1001 621 1068 neque
634 977 793 1066 elegantia
808 975 926 1044 cedere
939 976 1040 1058 dicat,
1056 979 1207 1044 Barthius
1218 997 1301 1040 vero

252 1085 551 1151 luculentissimum
571 1085 657 1150 inter
671 1084 787 1162 ,omnia
804 1084 939 1173 antiqua
958 1085 1120 1174 poematia
1140 1082 1300 1174 appellet,

253 1191 289 1257 in
300 1214 340 1256 eo
350 1190 496 1257 studium
506 1193 653 1255 virorum
663 1187 1301 1280 doctorumvideo,judiciisubtilitatem

254 1296 417 1364 desidero.
437 1299 512 1363 Non
533 1297 621 1360 enirn
640 1296 716 1361 satis
736 1296 1011 1362 circumscribunt
1030 1293 1300 1385 praedicationem

252 1425 359 1482 suam,
372 1426 495 1492 eoque,
506 1401 588 1466 dum
597 1401 682 1466 ultra
693 1403 851 1468 terminos
862 1419 1054 1491 evagantur,
1065 1425 1108 1465 ne
1119 1399 1152 1465 id
1163 1400 1302 1490 quidem

254 1509 420 1589 obtinent,
439 1505 531 1597 quod
550 1507 584 1570 in
598 1504 710 1570 medio
724 1509 870 1594 positum
885 1524 967 1587 erat,
985 1506 1145 1597 quodque
1161 1523 1249 1574 recte
1264 1529 1301 1572 se

253 1613 407 1680 habebat.
429 1609 528 1694 Quod
547 1612 581 1674 in
603 1611 747 1674 carmine
769 1611 833 1676 hoc
857 1628 1029 1700 tantopere
1051 1611 1202 1678 admirati
1223 1629 1302 1678 sunt
1337 1655 1339 1660 ·

254 1722 317 1786 viri
330 1718 433 1796 docti,
448 1718 473 1781 si
486 1717 624 1805 propius
639 1717 810 1796 intuearis,
826 1715 909 1780 nihil
920 1715 1010 1781 aliud
1023 1717 1099 1798 fuit,
1116 1741 1216 1808 quam
1229 1741 1300 1783 ora-

254 1816 354 1890 tionis
365 1824 399 1886 in
409 1823 577 1911 plerisque
587 1820 669 1887 locis
680 1819 835 1909 dignitas,
849 1840 983 1888 omatus
992 1823 1184 1913 praeclarus,
1197 1825 1304 1912 splen-

256 1928 319 1994 dor
331 1951 480 2018 quoque,
495 1943 566 1992 turn
581 1949 796 1992 numemrum
809 1929 1021 1994 concinnitas.
1039 1932 1116 1996 llaec
1126 1946 1216 2011 sunt,
1228 1953 1304 2021 quae

256 2035 334 2101 viris
352 2032 457 2100 doctis
474 2050 645 2122 tantopere
660 2056 695 2099 se
709 2033 907 2123 probarunt;
922 2034 995 2115 sed,
1010 2059 1052 2102 an
1067 2035 1139 2103 baec
1153 2036 1207 2101 illa
1222 2037 1303 2118 sint,

156 2175 159 2181 ·
257 2141 379 2236 quilius
403 2139 541 2230 poeticae
565 2139 686 2205 laureae
710 2137 812 2206 decus
835 2142 941 2229 parari
969 2142 1092 2231 possit,
1120 2139 1305 2207 admodum

258 2247 387 2314 dubito.

302 2358 447 2423 Omnino
456 2355 498 2422 ab
506 2357 632 2422 inventi
642 2355 808 2435 felicitate,
819 2379 895 2445 quae
903 2373 1011 2422 umen
1020 2379 1072 2422 res
1080 2381 1145 2423 una
1154 2359 1306 2422 omnium

258 2464 398 2530 maxime
410 2481 517 2554 poetae
530 2486 652 2529 nomen
667 2480 701 2528 et
713 2461 848 2528 laudem
863 2465 1023 2543 continet,
1039 2464 1193 2529 carminis
1205 2462 1306 2554 hujus

258 2569 329 2635 laus
342 2591 460 2657 magna
472 2569 525 2633 vix
539 2569 608 2657 peti
624 2586 751 2658 potest:
765 2569 814 2633 uti
829 2590 891 2633 nec
902 2569 1051 2634 tractatio
1064 2585 1133 2634 arte
1148 2569 1258 2659 aliqua
1271 2593 1307 2637 se

259 2672 484 2754 commendat,
500 2675 562 2738 nisi
577 2675 611 2737 in
626 2673 707 2740 locis
721 2674 940 2763 singularibus
955 2675 1061 2764 iisque
1077 2675 1147 2738 fere
1160 2675 1204 2740 ad
1219 2699 1308 2742 com-

259 2803 397 2845 munem
411 2796 585 2868 poetarum
599 2779 714 2844 orbem
730 2779 973 2868 spectantibus:
989 2779 1177 2870 cujusmodi
1189 2800 1240 2847 est
1251 2805 1309 2846 nu·

260 2887 349 2952 tricis
368 2907 469 2974 opera
488 2885 522 2948 in
541 2886 675 2973 virginis
697 2884 812 2951 dolore
832 2885 1020 2967 allevando,
1043 2887 1162 2976 puellae
1181 2889 1309 2953 miserae

261 2991 405 3085 querelae
427 3008 460 3056 et
480 2992 526 3056 sic
545 2991 617 3055 alia.
640 2991 762 3055 Contra
783 3009 861 3057 sunt
880 2992 951 3057 loca
969 2992 1032 3057 alia
1052 2992 1095 3059 ad
1118 2991 1309 3083 pedestrem

262 3099 445 3165 orationem
455 3098 630 3186 proniora:
647 3114 684 3162 ut
695 3096 787 3162 locus
800 3095 842 3162 de
858 3096 996 3164 diversis
1008 3121 1110 3188 super
1123 3099 1227 3189 Scylla
1240 3101 1311 3188 opi-

261 3204 417 3270 nionibus
430 3228 460 3270 v.
477 3203 518 3270 63
533 3227 640 3294 sqq...
657 3227 714 3292 qo,
730 3204 813 3269 alius
827 3227 928 3292 super
940 3204 1061 3270 fahulae
1074 3207 1107 3269 in
1123 3205 1312 3272 Britomarti

261 3314 418 3378 varietate
432 3311 494 3378 303
510 3333 583 3401 sqq.
598 3311 676 3374 Haec
694 3327 726 3374 et
745 3309 861 3375 similia
881 3334 985 3402 quum
997 3326 1132 3376 tractata
1149 3312 1311 3376 nitescere

263 3435 445 3507 nequeant,
465 3415 573 3482 bonus
588 3435 686 3505 poeta
700 3440 769 3482 non
784 3417 879 3483 facile
891 3419 1038 3505 attinget.
1058 3415 1129 3479 Alia
1142 3413 1185 3480 ad
1198 3413 1312 3480 rheto-

263 3524 365 3588 n'cam
381 3524 524 3590 istriam
538 3525 669 3612 egregie
687 3522 934 3590 accommodata
950 3538 1041 3600 sunt,
1061 3537 1098 3586 ut
1117 3522 1151 3585 in
1167 3522 1311 3613 querelis

264 3625 400 3715 puellae:
414 3641 460 3703 et,
471 3625 498 3724 si
511 3626 592 3716 quid
607 3647 670 3707 est,
686 3653 753 3718 quo
765 3627 925 3708 adducar,
941 3645 976 3692 ut
988 3629 1173 3692 Maroniani
1186 3628 1312 3716 ingenii

265 3733 371 3797 letum
386 3751 457 3795 esse
471 3729 561 3798 hunc
573 3751 703 3821 putem,
721 3733 812 3800 hunc
823 3734 1015 3822 propiorem
1028 3733 1071 3800 ad
1083 3735 1239 3822 tragicam
1253 3756 1311 3800 ve·

266 3835 470 3901 hamentiam
491 3855 524 3901 et
544 3837 741 3902 rhetoricam
763 3838 1037 3904 declamationem
1057 3839 1216 3906 affectum
1239 3862 1312 3906 esse

268 3945 391 4025 dicam,
405 3967 506 4035 quem
516 3947 549 4010 in
560 3945 698 4033 Virgilio
707 3970 761 4012 me
772 3969 951 4036 agnoscere
961 3948 1030 4039 jam
1039 3948 1117 4016 alibi
1128 3949 1312 4016 accuratius

304 4143 343 4214 (ι)
360 4143 400 4196 lta
413 4144 493 4196 etiarn
509 4143 537 4195 in
552 4159 600 4196 ms.
618 4141 765 4197 llolmstad.
776 4155 912 4198 exaratum
924 4158 981 4200 erat
992 4145 1132 4200 Decimina
1145 4163 1218 4210 non,
1234 4143 1314 4210 Ciris.¹

1400 3941 1409 3954 .

1469 4005 1474 4155 l
