2986 4694
554 375 852 444 GATALECTA.
1165 375 1224 442 165

273 501 319 566 Os
332 521 437 590 usque
448 497 565 563 lambis
577 499 684 563 saviis.

232 607 325 672 Nunc
337 603 433 684 laede,
447 627 536 670 nunc
548 605 685 682 lacesse,
698 602 726 665 si
738 599 921 690 quidquam
932 603 1034 668 vales!

273 713 316 776 Et
328 733 450 777 nomen
461 708 614 776 adscribo
626 726 732 773 tuum.

232 817 366 884 Cinaede
379 818 474 896 Luci,
487 840 529 881 an
541 832 575 882 te
587 815 793 904 reliquerunt
805 813 905 901 opes?
969 809 974 820 “

274 925 439 1014 Famaque
451 923 587 1012 genuini
598 919 751 1010 crepant?

233 1029 365 1096 Videbo
376 1029 555 1094 habentem
567 1043 688 1116 praeter
699 1027 833 1114 ignavos
846 1022 930 1088 nihil

275 1138 404 1200 Fratres
416 1153 450 1200 et
461 1135 580 1200 iratum
591 1133 725 1208 lovem,

231 1239 441 1330 scissumque
453 1253 618 1316 ventrem,
633 1253 666 1300 et
677 1233 823 1301 herniosi
836 1235 943 1323 patrui

276 1343 380 1410 Pedes
393 1343 502 1410 inedia
513 1340 673 1432 turgidos.

673 1497 737 1559 VI.

576 1645 624 1690 to
648 1645 843 1690 vnurnru.

189 1765 222 1830 Si
234 1765 315 1830 mihi
326 1783 516 1858 susceptum
529 1767 628 1833 fuerit
640 1766 818 1834 decurrere
829 1789 964 1844 munus,

233 1869 263 1936 O
275 1871 425 1961 Paphon,
438 1895 459 1939 o
471 1871 566 1940 sedes
579 1893 653 1965 quae
665 1874 746 1939 colis
760 1873 892 1953 Idalias,

188 1981 309 2046 Troius
322 1985 439 2049 AEneas
451 1987 598 2050 Romana
610 2007 671 2073 per
682 1982 806 2073 oppida
818 1982 920 2072 digno

233 2088 307 2152 lam
319 2087 454 2154 tandem
467 2108 503 2156 ut
514 2107 625 2158 tecum
637 2091 782 2156 carmine
794 2107 908 2155 vectus
921 2104 991 2154 eat:

190 2195 264 2258 Non
277 2216 339 2282 ego
351 2211 424 2260 ture
437 2195 623 2278 modo,aut
634 2197 722 2286 picta
734 2213 792 2262 tua
801 2196 924 2286 templa
937 2191 1055 2258 tabella
1219 2203 1231 2248 ⁵

234 2300 383 2384 Ornabo‚
397 2320 430 2369 et
441 2307 533 2393 puris
546 2321 632 2370 serta
644 2307 749 2370 feram
759 2304 911 2372 manibus
924 2327 930 2366 :

190 2469 261 2520 sarta
273 2471 312 2520 uti
330 2471 424 2523 solent.
444 2471 496 2524 Sed
513 2474 577 2543 quid
593 2495 599 2522 :
617 2473 690 2524 dom
733 2463 944 2516 hiccollocaturn
952 2458 1232 2512 noninfrarel'eremus
1343 2482 1347 2507 t

190 2543 285 2598 solvis?
295 2547 382 2620 Toup.
396 2547 431 2602 ad
444 2548 516 2601 Suid.
527 2553 555 2602 in
565 2548 689 2618 οιφιιίξιι,
735 2541 769 2594 ad
780 2527 879 2596 calcem
887 2541 1040 2594 Carminum
1050 2539 1077 2590 in
1084 2535 1234 2608 Virgilium.

190 2625 239 2677 To.
253 2627 302 2694 111,
314 2646 341 2699 p.
358 2627 609 2701 134.0pp.v01.11‚
628 2649 688 2701 pag,
734 2621 781 2674 Est
798 2635 891 2674 votum
908 2640 959 2692 pro
978 2629 1101 2688 suscepto
1117 2613 1233 2667 AEneidis

193 2705 249 2759 168.
264 2706 299 2758 ad
309 2706 499 2762 obscenitatem
509 2711 690 2763 refersnescio
737 2722 817 2776 opere
837 2703 935 2756 Veneri
954 2710 1152 2770 nuncupatum,
1171 2713 1233 2756 seua

191 2804 287 2858 quam
300 2806 349 2840 nec
360 2787 480 2862 intelligo
492 2789 557 2862 quid
569 2803 632 2842 tunc
643 2791 690 2852 sit,
736 2796 766 2836 ut
781 2782 898 2856 Scaliger
917 2801 948 2834 ex
967 2783 1123 2850 conjectura
1139 2777 1235 2847 ponit,

190 2863 266 2918 solvis
274 2867 582 2936 panticaiandeobesa
595 2869 691 2920 ason?
736 2881 893 2936 suspensum
920 2879 970 2933 pro
994 2858 1093 2930 templo
1123 2857 1234 2908 Veneris

227 2944 690 3016 32.Legendumhaudduhie,cum
735 2943 902 2996 Surrentinae.
916 2941 992 2994 Extat
1009 2943 1036 2992 in
1052 2936 1161 2990 Anthol.
1175 2937 1233 2987 Lat.
1263 2979 1265 2986 .

194 3023 345 3074 Burmanno
360 3025 506 3078 secundum
517 3027 639 3080 Colviurn
654 3025 690 3078 nd
734 3023 780 3075 lib.
794 3025 822 3088 l,
842 3042 885 3094 ep.
902 3021 937 3074 63
955 3038 1017 3073 cum
1036 3019 1147 3087 copiosa
1165 3017 1235 3065 viro-

192 3099 297 3170 Apulei.
311 3100 426 3175 Olmque
436 3101 649 3170 lanternario,
661 3103 688 3156 h.
734 3121 794 3154 rum
803 3102 944 3154 doctorum
954 3098 1144 3150 illustratione:
1155 3110 1234 3164 quarn

127 3205 131 3212 ·
193 3179 280 3232 labiis.
737 3179 816 3234 adeat
830 3181 876 3252 qui
889 3177 968 3230 volet.

228 3258 270 3312 ³5.
281 3261 331 3311 Pro
340 3278 376 3311 on
385 3262 467 3314 luisse
477 3266 653 3334 suspicorm,
666 3275 692 3314 et
776 3284 798 3319 t.
817 3267 844 3319 Si
860 3265 927 3318 mihi,
941 3265 1081 3335 contigerit
1100 3259 1235 3312 AEneidem

194 3339 249 3392 sine
262 3339 470 3411 interrogatione
482 3341 551 3413 lego.
738 3345 877 3398 absolvere
890 3366 896 3393 z
911 3361 966 3394 non
983 3339 1063 3392 modo
1080 3353 1138 3391 ture
1153 3351 1178 3390 et
1194 3351 1236 3388 ta-

229 3418 272 3487 37.
285 3418 389 3472 Videbo
401 3431 427 3471 te
439 3419 538 3472 habere
551 3415 617 3472 nihil
625 3435 694 3490 prae·
737 3423 803 3476 bula
815 3425 905 3474 votiva
917 3437 943 3474 et
955 3423 1030 3474 sertis
1046 3422 1172 3492 pietatem
1185 3431 1237 3470 tes-

191 3509 233 3549 ter
243 3499 340 3550 fratres
357 3499 543 3571 ignavos—et
559 3510 693 3570 patruum.
739 3503 1030 3568 taramfaciamerum
1038 3517 1113 3552 sacro
1124 3498 1236 3552 sollenni

194 3577 279 3648 -39.
292 3577 395 3631 scissum
409 3588 539 3644 sennem,
551 3577 693 3650 podicem,
739 3583 812 3635 farto
821 3593 847 3634 et
857 3593 945 3633 statua
952 3577 1092 3651 Cupidinis
1100 3578 1235 3650 posita.-

193 3656 230 3708 ir'
242 3655 332 3725 αἰσχρᾷ
345 3656 378 3709 de
391 3657 503 3710 cinndo.
511 3659 596 3725 -40,
614 3675 694 3722 your*
740 3679 763 3714 α.
773 3662 797 3728 4.
808 3657 953 3734 Splendida
960 3661 998 3711 rei
1006 3659 1108 3732 species
1117 3679 1123 3708 :
1133 3659 1237 3711 invecta

193 3735 691 3802 roxirllesiodiScutassS.266.Gonf.
738 3741 828 3793 Venus
848 3758 908 3792 cum
924 3740 1023 3803 Enna,
1039 3750 1167 3809 tanquam
1186 3737 1237 3790 dea

193 3817 272 3869 Ovld·
287 3819 350 3870 Met·
361 3819 437 3884 Vlll,
451 3817 511 3888 807·
529 3818 598 3882 808,
615 3813 692 3888 pedi·
738 3839 887 3892 curru,per
897 3819 1000 3872 ltaliam
1009 3831 1135 3889 tanquam
1145 3819 1238 3869 trium·

193 3897 243 3950 bus
256 3915 288 3950 ex
299 3898 423 3970 atrophia
435 3895 606 3950 tumentibus.
736 3899 808 3974 pho,
821 3899 857 3951 ob
866 3897 1004 3951 AEneidem
1016 3897 1173 3952 absolutam.

420 3994 468 4045 vl.
773 3997 798 4050 5.
813 4006 892 4068 pacta
909 3992 1029 4047 ediderat
1041 3993 1163 4044 Heinsius
1175 3989 1235 4040 loco

229 4079 416 4134 Dulcissimum
432 4083 604 4152 poemation:
620 4077 693 4152 quod
738 4079 837 4140 citato,
857 4075 984 4146 quoniam
995 4071 1068 4143 picta
1078 4068 1147 4122 redit
1157 4085 1181 4120 v.
1197 4085 1236 4124 ro.
