2986 4694
544 359 840 429 GATALEGTA.

219 483 357 546 Paterna
368 481 450 562 lora,
464 484 719 576 proximumque
731 489 907 575 pectinem.

217 585 281 651 Sed
294 586 364 653 haec
375 590 466 677 prius
478 590 587 670 fuere;
599 613 688 656 nunc
701 592 845 658 eburnea

218 691 382 784 Sedetque
394 693 487 776 sede,
500 717 603 788 seque
615 696 747 764 dedicat
759 700 835 780 tibi,

217 796 365 866 Gemelle
376 804 504 883 Castor,
518 819 551 868 et
563 805 713 869 Gemella
725 805 878 871 Castoris.

662 967 724 1030 lX.

579 1129 626 1174 ΑΒ
650 1127 811 1174 VAllllJll.

172 1255 302 1324 Scilicet
313 1257 377 1324 hoc
388 1259 459 1324 siue
471 1257 603 1339 fraude,
616 1262 695 1324 Van
708 1259 911 1342 dulcissime,
925 1261 1032 1330 dicam
1045 1289 1051 1325 :

215 1363 421 1452 Dispeream,
436 1364 564 1429 nisime
577 1363 723 1453 perdidit
735 1367 796 1434 iste
808 1383 919 1457 putus.

170 1467 226 1534 Sin
237 1484 349 1534 autern
361 1487 524 1559 praecepta
536 1487 649 1536 vetant
661 1495 715 1537 me
728 1471 838 1539 dicere
851 1497 858 1536 ε
872 1497 965 1555 sane,

217 1574 291 1637 Non
304 1573 421 1638 dicam.
433 1573 498 1640 Sed
511 1597 564 1640 me
575 1565 722 1666 perdidit
735 1578 795 1644 iste
807 1601 901 1667 puer.

674 1737 713 1800 X.

494 1895 541 1942 so
565 1897 716 1944 vtttstt
740 1899 910 1948 stsottts.
952 1921 956 1928 ·
1050 1939 1052 1946 .

173 2017 307 2100 villula,
322 2044 396 2111 quae
407 2023 540 2113 Syronis
553 2049 638 2108 eras,
653 2046 686 2094 et
697 2052 825 2120 pauper
836 2029 956 2120 agello,

215 2129 340 2194 Verum
352 2131 400 2196 illi
413 2130 551 2200 domino
562 2151 598 2200 tn
611 2159 747 2227 quoque
760 2136 882 2204 divitiae
895 2162 901 2201 :

171 2233 313 2315 stetini,
327 2235 433 2302 ethos
445 2261 511 2304 una
523 2263 670 2322 mecum,
683 2259 716 2307 et
729 2265 813 2334 quos
826 2265 957 2333 semper
970 2243 1089 2321 amavi,

214 2337 341 2430 Siquid
355 2341 396 2408 de
408 2346 514 2433 patria
526 2347 650 2414 tristius
661 2347 816 2428 audiero,

168 2543 359 2609 novissimum,
372 2563 441 2616 qno,
459 2561 515 2602 arte
525 2547 670 2605 mulieries
716 2571 769 2624 qna
782 2570 815 2605 ex
826 2571 871 2618 re,
882 2551 955 2624 qnod
966 2559 1046 2622 putto
1056 2551 1082 2602 in
1092 2551 1169 2602 metri
1179 2570 1220 2603 ra·

168 2621 308 2694 deposita,
324 2627 381 2694 ejas
397 2628 461 2679 artis
477 2631 670 2697 instrumente,
714 2634 814 2684 tionem
833 2643 946 2704 peccet,
967 2641 1024 2682 tota
1046 2631 1170 2683 carminis
1191 2633 1218 2682 in

168 2699 288 2755 habenas
298 2716 324 2755 et
335 2707 484 2776 pectinem,
497 2727 529 2762 ex
540 2729 614 2764 more
626 2711 672 2764 de·
714 2714 858 2786 pusionem
869 2712 973 2784 argutia
983 2709 1098 2782 pendet:
1109 2712 1147 2762 sio
1155 2727 1219 2782 qno·

169 2782 276 2836 dicavit.
295 2784 356 2838 Sole
373 2789 487 2856 otarius,
505 2790 557 2864 leg.
576 2801 673 2863 proter
717 2811 769 2864 que
783 2795 924 2844 Burmann.
933 2789 1082 2861 judicabat.

171 2861 220 2913 doc
230 2883 278 2929 m,
292 2875 349 2917 tum
366 2867 465 2922 arridet
479 2871 580 2923 lleinsii
600 2873 670 2942 conj.
751 2875 775 2926 3.
796 2871 844 2925 Sin
863 2881 960 2923 nutem.
981 2871 1065 2922 Miror·
1085 2871 1217 2922 neminem

172 2942 337 3016 luxumque
364 2948 524 3018 pectinem:
549 2953 670 3024 inprimis
716 2949 997 3007 malnisse:Sinartis
1006 2959 1145 3020 precepta.

172 3037 256 3090 quum
276 3025 391 3077 eburnea
412 3043 567 3098 sequantur.
593 3033 671 3085 Nunc
950 3075 975 3126 X

170 3099 322 3168 proximum
333 3105 381 3154 int.
393 3107 468 3172 juxta
485 3107 543 3160 lore
557 3127 671 3180 snspen-
976 3111 982 3124 '

171 3178 351 3243 sum,eodem
361 3184 471 3251 pariete.
756 3189 910 3240 r.Scimnis.
922 3189 1006 3237 lmuso
1018 3203 1082 3238 vero
1094 3185 1218 3256 Syronis,

206 3257 246 3310 23.
260 3257 371 3311 eburnea
383 3261 441 3312 sede
447 3284 457 3322 ,¹
470 3265 564 3316 auruli.
717 3267 842 3337 Epicurei
853 3263 1019 3336 philosophi,
1032 3263 1127 3334 dequo
1137 3265 1218 3316 modo

205 3335 247 3390 2⁵.
259 3338 343 3409 Igitur
358 3339 495 3394 Dioscuris
506 3341 614 3416 fingitur
625 3344 672 3398 de-
716 3347 807 3417 Epigr.
822 3345 870 3394 Vll
880 3342 1003 3394 vidimus.
1020 3344 1091 3394 luter
1105 3343 1169 3396 belli
1182 3347 1219 3397 ci·

171 3414 261 3468 dicata
269 3429 356 3470 statua
364 3441 370 3470 ι
378 3419 671 3477 ConsulVeutidiusse·
714 3425 774 3475 vilis
786 3423 949 3476 calamitates
960 3435 985 3473 et
994 3435 1093 3488 mnus,
1106 3439 1219 3475 consan-

170 3496 237 3550 dens
246 3515 297 3570 pro
309 3497 364 3551 rede
379 3499 505 3554 Castoris.
715 3504 827 3574 guineos
845 3517 924 3565 suos,
941 3502 1023 3571 inque
1038 3501 1079 3552 laia
1097 3513 1217 3573 patrem,
1286 3521 1290 3528 ·

519 3607 525 3617 ·
714 3583 742 3632 in
756 3579 864 3654 Syronis
875 3578 954 3642 villa,
970 3593 1099 3651 tanquam
1115 3583 1143 3633 in
1159 3595 1220 3634 tuto

391 3623 441 3676 Μ’
711 3661 792 3726 loco,
808 3674 854 3713 aut
867 3661 1007 3732 perfugio,
1022 3661 1167 3716 collocasse
1179 3665 1219 3715 vi·

202 3739 270 3792 Vide
283 3739 473 3812 Anthologiam
484 3741 605 3794 laetinam
617 3742 665 3796 lile.
711 3741 797 3794 detur.
805 3741 940 3813 suspicari
952 3741 1045 3812 utique
1054 3740 1133 3807 licet,
1144 3741 1217 3815 qnod

166 3819 218 3884 ΠΙ,
230 3819 386 3872 ocnvnt.
395 3819 485 3872 Edidit
494 3823 596 3892 primns
606 3824 667 3876 Sca·
711 3823 829 3896 Sealiger
843 3823 927 3890 facit,
943 3824 1072 3894 scriptum
1089 3841 1215 3888 carmen,

167 3897 242 3970 liger.
713 3921 795 3976 qaum
807 3923 839 3956 ex
848 3921 913 3976 agro
923 3903 1071 3956 Mantuano
1082 3905 1217 3974 assignato

203 3997 227 4031 a.
242 3991 321 4050 patus
334 3982 375 4034 vel
387 3999 483 4053 putus,
497 4001 547 4055 pro
564 4001 665 4054 puero,
710 3983 840 4036 militibus
850 3985 961 4036 Romam
972 3982 1129 4036 diseederet.
1138 3985 1216 4033 Extat

167 4057 238 4110 trade
251 4059 345 4130 pusio5
357 4063 445 4133 prima
456 4061 559 4135 syllaba
569 4064 665 4139 longa
712 4083 820 4138 quaque
838 4067 867 4118 in
882 4063 990 4118 Autltol.
1008 4066 1151 4118 Burmann.
1167 4064 1213 4116 lib·
