2918 4682
259 263 326 348 '424
594 262 972 328 conunnrlnm
1004 285 1005 290 κ

262 390 399 464 Glauco,
408 390 578 470 Panopen,
589 389 756 449 Melicertae
766 387 833 449 fillo
843 391 931 450 Inus:
942 391 976 448 in
987 409 1109 450 summe
1121 391 1186 466 ait,
1201 409 1226 449 a
1244 391 1355 450 Luna

263 481 397 538 obscura
408 479 525 560 signari
537 479 680 552 imbrem,
688 501 706 538 a
715 480 846 540 rubente
855 494 978 556 ventos,
986 501 1091 562 epure
1102 482 1353 540 serenitatem.

302 567 370 640 438.
385 568 408 626 Α
421 569 580 650 prestigiis
594 569 690 628 Lunae
702 571 839 628 excurrit
853 569 891 628 ad
904 572 1055 651 praesagia
1067 569 1166 644 Solis:
1183 569 1269 631 haec
1285 569 1353 628 du-

260 653 358 736 plicia
376 659 463 733 ἐιιηῑ,1
483 673 537 718 aut
556 657 727 733 naturalia,
747 672 801 718 aut
814 657 1014 740 prodigiose:
1034 659 1193 720 naturalis
1211 661 1259 719 in
1276 657 1351 718 hoc

261 759 364 805 tractu
385 749 596 829 persequitur,
616 744 795 830 prodigiose
816 761 939 828 postea,
961 769 1104 808 sermone
1125 763 1272 830 arrepto
1300 746 1348 805 de

263 849 365 894 morte
375 838 391 895 J
395 835 449 896 ulii
462 837 597 898 Caesnris.
609 838 774 896 Praemittit
783 857 889 896 versus
899 849 960 896 tres
970 836 1084 919 quibus
1092 838 1152 911 nit,
1162 835 1346 918 capienda

198 995 200 1006 Ι
265 943 330 984 esse
342 929 489 1006 praesagis
504 947 521 986 a
535 925 746 1000 suboriente,
764 926 924 987 abeodem
938 926 1116 1002 occidente3
1134 941 1165 986 et
1182 941 1345 1006 utraque
1419 943 1420 946 ’

263 1030 326 1070 esse
337 1014 522 1087 certissimo,
536 1027 601 1074 tam
616 1035 685 1096 quae
697 1014 762 1074 edit
771 1016 875 1074 oriens
886 1035 1010 1078 summo
1020 1035 1125 1090 mane,
1136 1035 1244 1096 quam
1259 1031 1343 1094 qnae

265 1099 427 1174 occidens,
442 1103 531 1160 nstris
547 1103 781 1183 apparentibus.

304 1183 374 1262 44ι.
386 1190 472 1249 Dixit
488 1191 637 1250 sumenda
656 1211 719 1250 esse
736 1192 885 1272 presagia
910 1212 928 1250 e
950 1189 1016 1251 sole
1033 1193 1169 1266 oriente,
1190 1203 1224 1249 et
1245 1189 1340 1248 occi·

205 1283 208 1288 '
266 1270 374 1350 dente:
389 1278 452 1358 agit
461 1275 528 1358 jam
540 1281 644 1359 primo
657 1277 727 1339 loco
739 1277 778 1339 de
788 1277 852 1354 his,
864 1299 934 1360 quae
946 1277 1092 1339 accidunt
1105 1277 1161 1336 illo
1177 1277 1334 1336 oriente:

263 1357 332 1422 haec
343 1365 402 1424 tria
417 1381 506 1440 sunt3
524 1368 663 1449 primum
680 1367 870 1448 proesngium
887 1366 1042 1447 significat
1058 1363 1191 1424 imbrem
1210 1363 1334 1444 copio-

265 1449 439 1527 sissimum:
452 1455 515 1514 duo
529 1453 649 1535 reliqua
662 1453 839 1516 horrentem
853 1454 1055 1536 grandinem
1069 1475 1144 1536 ergo
1157 1457 1218 1515 nit:
1233 1457 1265 1514 si
1280 1452 1333 1512 sol

267 1537 371 1598 oriens
384 1540 478 1602 latent
489 1542 546 1602 sub
559 1541 659 1619 nube,
677 1558 709 1603 et
721 1545 823 1603 varias
835 1542 986 1624 quasdam
999 1542 1138 1603 macules
1151 1541 1332 1604 contrahat

266 1646 302 1684 ex
315 1627 468 1691 densitate
480 1653 651 1713 vaporum,
663 1635 718 1714 qui
734 1633 884 1692 exsistunt
897 1634 977 1692 circa
991 1631 1205 1710 horizontem,
1222 1653 1263 1692 ac
1279 1631 1331 1690 di·

265 1715 364 1798 midia
376 1733 498 1780 tentum
510 1722 559 1780 sui
572 1735 661 1802 parte
674 1735 838 1802 apparent,
849 1719 909 1781 hoc
921 1734 968 1781 est
980 1723 1080 1796 enim,
1092 1720 1201 1801 fugere
1212 1719 1326 1780 medin

267 1805 357 1878 orbe3
374 1807 487 1867 imbres
498 1809 587 1881 timc3
599 1821 674 1868 tunc
687 1810 772 1868 enim
784 1810 881 1868 Notus
892 1809 1017 1868 sinister
1028 1829 1064 1868 ac
1075 1811 1188 1869 noxius
1200 1807 1328 1868 arbori·

266 1889 341 1964 hus,
359 1895 446 1968 satis,
461 1896 639 1975 pecoribus,
657 1897 771 1956 imbres
788 1910 878 1977 urget
890 1895 1086 1980 impellitque
1098 1897 1137 1955 ab
1154 1895 1221 1955 elto
1238 1915 1325 1954 aere.

266 1978 374 2058 Pergit
387 1979 425 2040 ad
435 1981 637 2062 grandinem:
650 1985 675 2042 si
688 1985 745 2044 sub
756 1983 871 2060 lucem,
882 1982 943 2044 hoc
954 1999 1015 2059 est,
1027 1983 1202 2066 paulopost
1213 1995 1324 2043 ortum

270 2062 353 2124 diem
378 2084 410 2129 et
432 2070 544 2146 solem,
570 2071 668 2132 latens
693 2071 753 2133 sub
772 2072 882 2132 nubilo
899 2075 932 2132 in
950 2073 1085 2133 diverses
1100 2087 1200 2156 partes
1213 2070 1323 2131 radios

270 2151 429 2218 demittat:
443 2175 497 2221 aut
507 2163 531 2220 si
545 2162 665 2222 Aurora
677 2177 748 2223 ante
760 2165 911 2222 orientem
922 2161 1020 2222 solem
1030 2161 1149 2244 pallide
1159 2163 1213 2236 sit,
1229 2181 1324 2242 gran·
1419 2179 1420 2184 ¹

271 2241 377 2305 dinem
391 2250 485 2308 time:
499 2249 577 2333 quid
588 2253 673 2311 enim
686 2251 805 2312 accidet
816 2252 884 2311 uvis
896 2250 1043 2325 maturis,
1053 2263 1108 2310 aut
1119 2268 1258 2330 quanam
1270 2267 1322 2305 ra·
1413 2232 1419 2263 ¹

270 2472 351 2512 certe.
365 2468 772 2532 spon.-llieversuseGrreco
820 2469 869 2519 «in
898 2467 981 2518 maria
1008 2465 1111 2530 solem,
1138 2463 1318 2532 obrutumque
1419 2467 1420 2478 ¹

270 2539 420 2606 Parthemi3
434 2563 512 2614 quem
524 2546 586 2598 ride
599 2548 652 2598 vol.
665 2550 693 2614 l,
709 2569 771 2620 pag.
820 2547 919 2616 «aquis
931 2547 1036 2618 ignem,
1049 2555 1097 2595 etc.
1109 2567 1120 2590 ι
1132 2543 1217 2593 Emn.
1401 2600 1405 2610 ,

270 2617 349 2683 320„
362 2621 424 2672 Ver.
439 2623 511 2674 Leet.
523 2638 550 2675 et
558 2626 621 2676 Not.
763 2625 766 2630 '
853 2624 913 2694 439.
921 2625 1003 2697 Siqua
1011 2624 1090 2675 dabit.
1101 2618 1317 2683 Pluviammaet

307 2698 368 2765 438.
385 2699 432 2752 Sol
446 2720 548 2774 quoque
560 2714 586 2753 et
603 2705 731 2769 exoriens,
749 2716 775 2756 et
818 2705 978 2756 serenitatis.
988 2733 1023 2744 —-
1035 2702 1176 2754 Certissima
1184 2700 1263 2772 sipon.
1276 2697 1317 2748 De

272 2794 353 2849 quum
364 2797 389 2830 se
402 2779 491 2834 condit
503 2781 622 2833 inundes.
633 2783 670 2833 Er
682 2797 774 2854 poete·
819 2783 916 2853 quihus
937 2784 1037 2836 nemini
1059 2785 1093 2834 eit
1112 2797 1221 2834 necesse
1241 2776 1316 2829 dubi

270 2875 331 2908 rum
342 2858 454 2924 fabulis,
462 2857 527 2911 nibil
537 2859 590 2912 hae
598 2863 725 2934 opinione
735 2877 775 2914 est
818 2874 884 2914 tare.
895 2863 964 2915 Serv.

270 2941 377 3006 notius,
391 2939 475 2992 solem
488 2941 649 2994 exorientem
665 2940 774 3012 prodire
853 2942 914 3009 442.
930 2941 1090 2994 condituris:
1106 2941 1208 2992 ηιώηη.
1220 2935 1250 2989 ld
1261 2947 1315 3001 est,

271 3037 303 3071 en
323 3021 415 3090 aquis,
433 3033 458 3072 nt
473 3037 488 3070 a
506 3022 582 3072 terris
604 3021 773 3075 recedentem
817 3022 924 3075 siurbis
941 3023 999 3092 ejus
1017 3023 1094 3093 quasi
1108 3035 1241 3072 concavus
1256 3018 1315 3067 lue-

271 3098 350 3152 undis
363 3100 451 3152 condi.
465 3099 542 3153 Unde
554 3103 639 3154 Tneit.
654 3102 687 3156 de
702 3105 770 3155 Mor.
817 3104 868 3165 rit;
889 3102 962 3175 qnod
986 3105 1043 3174 ipse
1064 3102 1187 3173 exprimit
1207 3097 1312 3150 dinem:

270 3177 358 3231 Germ.
368 3200 391 3234 c.
403 3180 435 3248 45
446 3202 451 3230 :
463 3179 687 3235 u'lrnneSnionas
698 3182 771 3236 alind
816 3182 956 3256 Mediaque
967 3183 1093 3256 refuyerit
1103 3181 1168 3232 orbe.
1180 3178 1249 3230 Serv.

274 3279 369 3314 «mare
386 3263 508 3332 pigrum,
526 3280 557 3313 nc
573 3281 658 3334 prope
678 3265 773 3314 immo·
851 3262 912 3329 446.
928 3263 1027 3314 Diversi
1044 3269 1166 3331 rumpent
1181 3258 1251 3309 radii.
1262 3255 1311 3306 Ab·
1359 3319 1365 3332 ¹

274 3362 286 3385 a
296 3352 366 3406 tum,
380 3359 432 3411 qun
451 3341 522 3412 cingi
537 3341 680 3414 claudique
690 3355 772 3394 terra-
816 3339 939 3394 scondito
949 3340 1010 3394 Sole
1023 3354 1049 3392 et
1060 3351 1156 3411 operto
1167 3337 1261 3389 diversi
1271 3354 1311 3386 rn-

275 3441 286 3464 α
297 3419 469 3482 rumorbem,
482 3419 546 3472 hinc
555 3419 635 3484 fides;
647 3421 719 3492 quod
730 3441 772 3475 ex·
817 3419 855 3472 dii
866 3441 916 3493 per
927 3421 1024 3473 nubem
1041 3431 1191 3490 erumpent.
1204 3419 1269 3470 Serv.

243 3513 247 3524 ·
275 3520 286 3542 ι
297 3511 395 3550 tremus
408 3498 527 3549 cedentis
537 3501 593 3567 jam
608 3501 673 3553 solie
684 3502 773 3574 fulgor
853 3499 913 3568 447·
936 3499 1049 3551 Tithoni.
1062 3517 1178 3550 cmceum
1201 3496 1310 3569 linquens

274 3578 323 3628 «iu
336 3589 409 3628 ortus
422 3577 532 3643 edurat,
546 3578 614 3630 eden
627 3581 731 3646 clerus,
744 3597 773 3634 ut
816 3577 917 3630 Aurora
924 3578 1015 3630 cubile.
1024 3577 1156 3630 Tithonus
1163 3577 1244 3628 freter
1250 3575 1308 3627 hao-

274 3655 384 3706 «sidere
403 3654 518 3707 hebetet.
543 3659 642 3710 Senum
664 3661 774 3732 insuper
816 3656 949 3710 medentis
970 3661 1052 3732 regis,
1069 3656 1211 3710 admetus
1227 3668 1262 3708 est
1276 3655 1305 3707 ab

274 3737 455 3808 «emergentis
468 3735 571 3801 audiri,
586 3753 658 3790 ete·
677 3740 717 3793 De
729 3761 772 3796 cn·
816 3739 940 3790 Aurora:
958 3755 1094 3810 quumque
1114 3748 1233 3807 optasset
1250 3753 1307 3806 pro·

272 3811 769 3887 dente‚rideanrurSrrabo‚inlib.lll;
816 3817 935 3870 lixiorem
951 3818 1052 3883 vitem,
1072 3833 1216 3868 conversus
1232 3827 1265 3868 est
1281 3817 1305 3866 in

272 3912 299 3952 et
315 3901 372 3970 ipse
388 3897 459 3950 Flor.
473 3899 512 3965 11,
532 3915 572 3970 ¹7·
593 3900 676 3952 «Non
696 3904 771 3974 prius
815 3895 1306 3968 ciendam.Serv.-llepetitnrhicrer·

274 3981 370 4055 nsignn
381 3981 528 4049 convertit,
540 3998 622 4054 quem
631 3983 771 4040 cadentem
816 3995 860 4032 tus
870 3979 928 4032 AEn.
937 3979 974 4032 Ν
980 4017 990 4046 ‚
1002 3977 1069 4042 585;
1082 3992 1108 4032 et
1118 3979 1177 4030 AEn.
1189 3975 1304 4043 1Χ,4ὅο.
