3000 4674
484 338 535 402 lu
556 337 807 406 ECLOGAM
829 339 878 406 11.
1128 341 1199 410 »sis

166 457 284 542 capella
294 459 474 534 lasciviens5
487 458 634 542 Corydon
643 445 724 523 totus
733 479 830 522 amor.
837 459 1049 543 snunioipsa
1056 479 1204 524 nrsuum

156 531 227 608 ¹lroe
239 547 321 608 idem
335 546 460 608 indicat.
476 547 597 610 Primus
609 549 692 610 euim
705 569 807 612 versus
817 547 952 612 ferocior
965 565 1026 624 est,
1036 549 1158 624 leaenae,
1172 566 1205 612 at

156 631 233 716 'lupi
248 648 464 718 repraesentata
479 637 615 696 saevitie:
635 636 712 698 alter
719 635 785 717 jam
799 635 938 712 mollior,
955 637 1144 708 lascivientis
1155 659 1206 698 ca·

165 720 271 802 pellae,
292 738 322 783 et
340 723 477 784 florentis
495 724 583 805 cytisi
602 726 785 784 mentione:
804 725 912 784 tertius
932 736 1016 784 totus
1034 722 1151 794 diffluit
1170 725 1205 784 in

167 830 297 872 amores.
318 811 354 874 In
371 813 480 895 primis
494 813 634 874 versibus
652 827 726 874 nota
742 814 853 874 miram
870 814 991 894 poesin.
1010 815 1099 874 Prius
1114 813 1208 874 femi-

165 920 238 960 nam
250 901 383 994 isquam
392 903 568 980 constituit,
580 922 650 985 quae
661 903 855 984 persequitur
863 921 981 964 marem
990 900 1116 983 lupum:
1131 921 1205 962 most

164 1005 354 1066 commutat,
373 1007 403 1054 et
421 1013 538 1052 marem
556 991 684 1073 lupum,
705 989 780 1052 lacit
799 989 1207 1072 persequentemcapellarn

166 1073 325 1140 feminam.

204 1165 252 1226 66.
274 1167 348 1228 Post
368 1164 508 1252 querelas
530 1167 642 1228 frustra
658 1163 790 1248 jactatas
808 1164 898 1247 lingit
916 1164 1063 1248 praeclare
1082 1176 1204 1226 nonem
1235 1152 1245 1193 ¹⁵

165 1249 326 1328 advenire,
339 1258 428 1336 quasi
441 1253 521 1316 nihil
535 1255 619 1316 aliud
633 1256 784 1338 potuisset
796 1271 954 1337 pastorem
967 1251 1007 1338 ab
1021 1274 1059 1314 eo
1074 1252 1142 1314 loco
1157 1251 1205 1311 di·

157 1339 286 1424 ¹vellere.
308 1343 391 1424 Ergo
406 1345 444 1404 ab
462 1343 643 1412 adveniente
658 1359 750 1406 nocte
765 1345 875 1406 erroris
891 1346 939 1404 sui
957 1341 1155 1415 admonetur,
1176 1352 1207 1400 et

156 1429 254 1514 sidet,
260 1430 376 1494 frustra
388 1436 559 1496 insumturu
572 1433 664 1497 diem.
685 1435 792 1516 Aspice
806 1447 895 1504 notas
908 1431 986 1499 duas
1003 1433 1104 1492 noctis
1116 1428 1206 1490 adve-

164 1518 289 1578 nientis.
299 1521 389 1582 Prior
399 1535 456 1582 est:
468 1523 549 1584 tauri
558 1523 715 1584 conversis
726 1523 848 1595 aratris,
858 1522 1074 1602 suspensisque
1084 1537 1118 1578 es
1127 1516 1206 1598 jugo

166 1603 297 1670 domum
309 1607 448 1670 redeunt.
468 1611 645 1673 Posterior:
660 1609 712 1672 Sol
733 1609 874 1694 duplicat
890 1610 1017 1671 umbras
1034 1609 1205 1681 montium,

158 1714 262 1778 'quum
272 1694 400 1756 recedit:
414 1711 448 1757 tu
457 1711 561 1762 tamen
570 1701 662 1762 miser
670 1719 776 1760 amore
785 1694 1097 1779 uraris,quaaidicat:
1107 1705 1206 1754 cessat

165 1780 256 1844 labor
267 1783 378 1862 boum,
397 1803 493 1850 cessat
505 1788 599 1850 ardor
610 1788 705 1854 Solis:
725 1803 758 1850 at
770 1809 834 1850 nou
846 1801 919 1848 tuus
933 1785 1036 1859 labor,
1056 1805 1120 1846 non
1133 1799 1206 1843 tuus

167 1869 270 1932 ardor.
289 1873 345 1934 Sed
359 1895 392 1934 se
404 1895 548 1937 excusans
561 1877 667 1938 addit:
686 1880 756 1960 quis
771 1879 855 1938 enim
870 1874 982 1936 modus
997 1874 1076 1933 adsit
1090 1871 1208 1932 amori?

163 1955 224 2036 liae
246 1966 396 2026 sententia
412 1986 419 2024 r
436 1964 527 2028 labor
545 1967 642 2028 boum
660 1969 828 2034 terminum
847 1963 956 2040 habet,
975 1962 1027 2024 Sol
1044 1979 1204 2031 occasumt
1318 2023 1327 2044 ,

164 2066 247 2126 uuus
259 2069 348 2114 amor
357 2066 438 2112 caret
453 2053 564 2128 modo,
576 2068 668 2136 atque
680 2054 759 2117 adeo
773 2051 854 2116 nihil
868 2055 998 2126 mirum,
1011 2050 1036 2109 si
1048 2048 1163 2122 bobus,
1176 2059 1206 2106 et

163 2135 234 2198 Sole
248 2159 266 2200 a
279 2138 386 2202 labore
398 2145 602 2220 cessantibus,
614 2165 672 2226 ego
685 2163 847 2226 nunquam
859 2143 899 2202 ab
912 2138 1048 2202 amando
1060 2156 1184 2198 cessem.

164 2285 235 2354 laone
254 2295 411 2352 seutentiam
429 2293 534 2348 dederit
550 2298 663 2362 rustizo,
704 2297 745 2350 ait
761 2313 859 2366 supra,
873 2294 1040 2367 Majosesque
1054 2289 1154 2342 cadunt
1165 2285 1205 2338 al·

165 2371 663 2448 suprabucolicicarminislepern,aut
708 2375 742 2428 tis
755 2377 786 2428 de
808 2374 938 2426 montibus
956 2371 1060 2423 umbrat.
1079 2367 1204 2440 Duplieat

166 2449 379 2520 possibilitatem.
395 2454 466 2505 Serv.
484 2483 519 2494 -
534 2455 605 2524 Quot
618 2453 663 2506 lto·
706 2467 812 2518 sutem,
825 2463 919 2524 augetr
933 2449 1088 2514 Sallustius,
1100 2447 1136 2498 Et
1145 2446 1204 2498 Mo·

165 2527 259 2592 mines,
270 2530 365 2582 utTer.
375 2533 404 2582 in
411 2529 515 2586 Phoros.
526 2533 607 2600 11‚t,
619 2533 659 2600 14.
706 2533 761 2588 rius
772 2532 855 2586 victus
865 2529 1047 2604 duplicaverat
1056 2525 1163 2580 bellum.
1177 2527 1202 2576 S.

163 2617 202 2674 ¹sot
212 2609 352 2662 sententia.
366 2611 486 2682 Quisque
501 2611 530 2667 id
545 2613 661 2684 expetit,
740 2614 784 2667 ut.
798 2613 844 2664 Me
856 2623 942 2664 samm
955 2609 1009 2662 siit
1020 2625 1103 2660 assor.
1114 2607 1204 2674 Quum

165 2685 246 2760 idque
253 2688 360 2762 probat,
369 2708 421 2761 quo
430 2693 486 2761 ejus
496 2693 663 2764 potissimum
703 2696 760 2764 jam
767 2693 842 2746 calor
852 2691 960 2744 sitSolis
971 2688 1123 2742 exhaustus.
1131 2687 1201 2740 Sero.

165 2769 267 2824 auinrus
281 2769 438 2824 oblectatur.
455 2773 516 2827 Alis
529 2772 588 2826 aliis
605 2771 664 2845 pla·
707 2803 742 2814 —
765 2772 884 2843 Reliquis
910 2767 1068 2822 mortalibus
1096 2769 1203 2838 corpori

165 2863 233 2902 cent.
243 2851 313 2902 Pers.
322 2863 371 2904 sat.
380 2853 401 2918 1,
410 2850 458 2904 52:
472 2853 566 2908 eMille
577 2853 662 2906 honri·
706 2856 823 2926 quietern
838 2851 982 2916 dantibus,
999 2863 1026 2902 et
1042 2867 1136 2903 somno
1155 2867 1204 2899 ne.-

165 2947 229 2992 nuus
248 2933 367 3000 species,
388 2945 414 2984 et
435 2951 522 2985 rerum
544 2932 661 2988 discolor
705 2936 820 2988 cessario
832 2931 1042 2988 instaurantibus
1054 2931 1153 2980 fractas
1168 2931 1203 2978 ri-

166 3025 246 3073 usus,
260 3010 335 3062 Velle
346 3027 423 3062 suurn
435 3013 530 3081 cuique
541 3026 595 3078 est,
611 3031 660 3068 neo
705 3031 756 3078 res,
765 3012 1001 3086 ingenuissiqilare
1009 3010 1206 3082 coguntur,qui

167 3098 229 3148 soto
237 3087 333 3138 vivitur
342 3106 420 3140 uno.»
433 3092 582 3146 Horat-Sat.
591 3094 623 3157 11,
637 3108 660 3158 r,
705 3104 813 3145 amant:
831 3103 860 3142 ut
872 3089 991 3142 Phaedria
1006 3088 1051 3142 ille
1066 3087 1206 3138 Terentia-

170 3166 440 3237 27:1Quotcapitum
451 3170 660 3226 sirunttutidasu
705 3189 764 3223 uus.
787 3201 822 3212 -
845 3169 909 3240 Quis
931 3168 1002 3220 enim
1026 3167 1117 3218 modest
1139 3165 1208 3216 adsit

168 3243 316 3306 studiorum
326 3244 440 3300 Miltia..
453 3245 526 3298 idem
533 3248 615 3318 Epist.
628 3250 660 3313 ll,
705 3250 798 3302 umori.
820 3250 939 3300 Noverat
959 3246 1011 3298 hoc
1029 3245 1207 3298 Terentianus

169 3344 199 3390 τι,
217 3325 266 3380 58:
285 3347 296 3370 ι
310 3325 431 3396 Denique
444 3343 498 3376 non
516 3343 607 3380 onruea
619 3345 662 3380 ea·
706 3330 846 3392 Parmeno,
855 3325 964 3376 domino
974 3322 1093 3376 Pliadrie
1104 3326 1208 3396 sapien·

166 3404 227 3464 dem
235 3405 366 3456 mirantur
377 3416 529 3475 amantque.
539 3405 626 3458 ΕΜ.
707 3408 773 3469 tior,
787 3407 815 3457 ia
827 3407 894 3458 Eun.
906 3405 931 3468 l,
948 3421 976 3466 t,
991 3419 1018 3454 sa
1032 3423 1037 3452 ι
1051 3403 1135 3468 Herc,
1147 3421 1207 3476 qne

201 3483 244 3536 66.
268 3481 365 3537 Aratra
377 3484 446 3554 juqo
469 3481 587 3553 referunt
608 3502 663 3538 sus·
708 3503 746 3538 res
763 3485 791 3538 in
807 3503 833 3538 se
850 3501 935 3556 neque
950 3481 1105 3545 consilium,
1123 3501 1208 3556 neque

163 3582 245 3636 pensa
256 3561 376 3634 juvenci.
400 3563 547 3614 Horatius:
569 3562 596 3616 V
596 3563 665 3616 idere
707 3563 815 3616 modurn
831 3563 916 3615 Habet
932 3560 1106 3624 allamma·
1122 3563 1207 3612 consi-

46 3642 51 3654 '
160 3643 379 3713 fessosoomeoem
389 3640 664 3706 venenisuenenis
709 3639 1209 3716 liorepsoenoapotss.1namorelroec

167 3719 295 3772 trahentes
308 3717 483 3791 lanquido.1lt
494 3719 546 3774 hoc
558 3719 664 3772 vultdi-
708 3723 798 3776 onsais
810 3723 901 3772 instant
910 3719 993 3784 vitis,
1009 3733 1059 3771 eto.
1078 3721 1133 3770 lmo
1146 3733 1207 3792 post

167 3817 243 3866 cere,
255 3801 368 3865 Omnia,
384 3810 494 3870 excepto
507 3817 616 3867 amore,
632 3799 663 3855 st·
707 3802 845 3873 querelas,
857 3803 941 3872 saepis
953 3817 1044 3852 amore
1060 3797 1153 3851 ardere
1170 3803 1209 3852 ri·

167 3881 366 3946 alamundaro.
705 3881 818 3944 deutur,
842 3883 889 3952 qui
912 3891 1011 3932 amant.
1040 3879 1110 3931 Dido
1134 3877 1206 3948 apud

201 3963 244 4032 67.
268 3961 304 4014 Et
324 3959 363 4016 sol
383 3963 517 4019 emeratis
540 3961 663 4018 decedens
705 3960 783 4016 Osid.
798 3959 906 4014 lleroid.
923 3978 966 4030 ep.
979 3960 1042 4020 Vll,
1056 3975 1106 4026 ²9³
1121 3981 1131 4004 ι
1144 3961 1205 4010 Non

168 4039 286 4112 duplicat
305 4042 416 4096 umbras.
435 4043 576 4098 Variarit:
599 4060 662 4096 narn
705 4051 794 4096 tamen
806 4043 924 4106 fineen,
938 4040 1057 4110 quamvis
1073 4037 1141 4108 runlq
1156 4053 1204 4088 co·
