2986 4694
269 337 330 382 112
515 309 551 372 P.
575 306 1064 376 VIRGlLllMdRONIS

264 445 306 508 Et
318 436 442 505 validas
454 432 569 500 docuit
580 434 666 500 vires
679 455 910 500 mansuescere
922 437 1030 524 tigrim

263 549 324 613 llle
338 546 437 611 etiam
448 541 557 621 divos,
571 539 741 620 hominem
753 540 813 606 sed
825 539 936 607 dicero
949 565 1105 632 magnum
1118 557 1182 624 ott3

265 654 360 720 ldem
373 668 444 715 tum
456 648 564 712 tristes
576 646 716 712 acuebat
728 648 884 735 parvulus
897 648 961 714 iras

263 758 406 826 lunonis
419 777 545 842 magnae
557 777 564 818 :
578 754 689 844 [cujus
702 753 846 843 perjuria
858 753 944 820 divte

264 864 353 931 Olim
365 885 400 927 se
412 860 601 925 meminisse
614 859 672 923 diu
685 849 817 949 perjuri
829 859 950 949 puellm

264 975 340 1036 Non
353 968 412 1032 ulli
424 967 520 1032 liceat
532 965 749 1052 :Jviolaverat
761 966 862 1030 inscia
874 964 1004 1046 sedem,

265 1081 355 1144 Dum
367 1075 465 1142 sacris
478 1089 613 1161 operata
626 1069 697 1136 deae
709 1060 850 1154 luscivit,
864 1090 897 1137 et
910 1083 1000 1138 extra

264 1181 417 1252 Procedit
429 1181 528 1269 longe
541 1195 684 1243 matrum
697 1180 924 1270 comitumque
937 1197 1116 1261 catervam,

300 1353 351 1401 136.
358 1355 417 1398 vires
424 1365 454 1395 m.
464 1353 539 1414 tiqris3
548 1347 652 1410 Scaliger
659 1347 776 1394 molulter
783 1357 838 1395 vett.
848 1349 902 1396 edd.
911 1353 981 1395 uictas
988 1363 1017 1394 m.
1027 1352 1101 1414 tyren,
1111 1349 1176 1414 quod
1184 1363 1207 1397 et
1214 1353 1239 1398 iu
1246 1351 1318 1402 nant.

265 1428 312 1476 Sed
320 1427 405 1472 durum
412 1422 438 1468 id
445 1435 497 1484 post
507 1419 603 1464 validas.
616 1419 662 1464 Etsi
673 1418 718 1464 hoc
725 1417 812 1465 ualidus
819 1423 856 1466 vir
864 1421 939 1484 ipsum
948 1435 1028 1467 sanum
1038 1433 1083 1478 est,
1095 1421 1167 1468 latere
1177 1426 1240 1471 enim
1251 1427 1320 1472 vide·

266 1517 304 1548 tur
315 1497 422 1546 sollenne
437 1496 530 1559 tigrium
543 1491 677 1553 epitheton,
692 1489 790 1536 rabidas.
804 1493 912 1538 Heinsius
927 1495 951 1539 in
965 1495 1027 1539 notis
1039 1494 1135 1542 ineditis
1146 1513 1183 1558 ap.
1197 1499 1274 1544 Burni.
1287 1499 1320 1545 ad

266 1569 362 1619 Anthol.
369 1570 396 1613 T.
405 1567 424 1620 l,
431 1581 455 1627 p.
469 1579 496 1624 ¹9
504 1562 657 1609 emendabat:
668 1561 790 1608 Etrulridoe
799 1564 876 1609 docuit
883 1568 942 1610 vires
951 1569 1065 1610 mitescere
1076 1570 1146 1630 thrid
1155 1571 1183 1615 Et
1196 1570 1244 1633 137.
1254 1571 1320 1619 diuos

266 1647 378 1695 homines,
392 1649 418 1682 ut
430 1636 468 1680 hio
479 1635 665 1696 interpnnflitttr‚
681 1633 737 1680 deor
754 1647 777 1681 et
792 1635 900 1682 homines
913 1651 1075 1685 mansuescere
1090 1639 1170 1686 docuit
1180 1645 1257 1688 Amor.
1271 1643 1319 1691 ttltt

264 1717 365 1782 junctim
373 1711 434 1756 diuos
442 1705 540 1752 domines
547 1704 670 1761 exhibent,
678 1704 702 1752 h.
711 1723 732 1752 e.
741 1707 839 1753 deoru·
848 1707 920 1762 lilim,
927 1707 1018 1756 heroes.
1028 1710 1074 1756 Sed
1081 1727 1134 1757 curn
1142 1716 1220 1775 priore
1228 1717 1321 1762 ratione

266 1784 351 1833 melius
361 1778 471 1825 convenit
480 1775 545 1838 quod
552 1778 673 1838 sequitur:
685 1777 726 1822 sed
734 1777 807 1822 dicere
817 1792 921 1840 maynum
931 1787 965 1824 est
969 1798 978 1834 ,·
988 1793 1013 1826 ut
1022 1782 1087 1843 quasi
1098 1783 1221 1843 praelitcini
1231 1784 1322 1830 dietum

268 1872 319 1904 este
330 1851 403 1900 velit:
417 1864 448 1894 ne
460 1849 608 1894 temerarium
620 1848 678 1910 quid
693 1861 715 1893 et
729 1849 793 1912 quod
806 1850 909 1896 Nemetis
921 1851 1058 1908 ulciscatur,
1073 1851 1157 1900 dirime
1169 1855 1277 1902 videntur
1287 1855 1319 1902 ef.

266 1925 346 1974 Barth.
360 1921 455 1967 Advers.
468 1919 553 1976 xxttt,
564 1935 587 1980 9.
600 1915 641 1964 tile
652 1923 720 1965 etium
731 1923 793 1966 ‹rivos
804 1937 880 1968 omnes
892 1926 953 1986 conj.
965 1924 1073 1970 Heinsius
1085 1925 1149 1988 apud
1163 1928 1288 1974 Burmann.
1302 1927 1319 1974 l.

269 2015 305 2055 ις
315 2009 340 2043 ut
350 2005 430 2058 postea
440 2007 520 2038 versus
530 1989 658 2054 exciderit:
671 1995 709 2037 cui
720 1991 874 2054 subjungatur
885 2011 890 2040 :
902 1996 943 2040 sed
953 1995 1026 2041 dirrre
1038 2013 1067 2042 m.
1080 2007 1120 2043 est.
1133 1998 1180 2044 Sed
1191 1996 1321 2047 totus'ver·

268 2085 308 2116 tus
319 2063 496 2116 scholasticum,
509 2063 549 2126 qui
560 2077 619 2107 nova
632 2061 738 2125 exempla
752 2063 883 2111 adscribere
895 2065 979 2120 votuit.
992 2066 1091 2114 redolet.
1099 2094 1129 2103 -
1142 2068 1191 2114 138.
1202 2071 1322 2117 Distinxe·

268 2153 318 2186 ram
327 2135 398 2198 plene
408 2130 438 2178 sd
447 2132 517 2177 linem
528 2147 607 2178 versus
617 2149 623 2178 ι
635 2145 660 2178 ut
671 2133 759 2178 diceret
769 2135 870 2196 primum
881 2135 910 2181 de
920 2139 1010 2198 ruperit
1021 2139 1128 2184 universe
1134 2143 1145 2194 ‚¹
1150 2137 1216 2202 quod
1227 2155 1281 2184 mox
1291 2139 1321 2186 de

267 2207 318 2256 sola
330 2197 424 2251 Juuone
439 2201 516 2248 lorum
533 2201 603 2248 lubet
614 2219 620 2247 ι
635 2215 659 2250 et
672 2219 725 2249 mox
734 2205 879 2266 jtmgebam:
896 2207 992 2252 Iunonis
1007 2223 1094 2271 muqme
1105 2207 1228 2254 violaverat
1237 2209 1320 2254 sedem.

268 2279 298 2324 At
314 2289 377 2323 nunc
391 2273 486 2319 mutavi.
505 2276 550 2318 itm
565 2275 662 2320 Junom's
673 2276 735 2320 acuit
753 2276 830 2320 Amor.
847 2277 920 2322 Porro
936 2274 1066 2339 legebatur.
1087 2276 1150 2322 lilem
1163 2287 1209 2323 tum
1225 2281 1321 2342 superis.

268 2350 350 2397 lleins.
363 2347 426 2408 conj.
444 2361 513 2408 super
524 2343 570 2400 lu's,
588 2349 611 2390 ist
627 2349 726 2409 superis,
743 2361 755 2391 e
771 2350 865 2408 superis.
882 2348 945 2393 Idem
958 2365 1011 2393 rum
1025 2351 1113 2412 superis
1129 2349 1183 2394 edd.
1197 2361 1266 2404 retr..
1283 2348 1323 2396 vel

269 2435 349 2486 quum.
364 2419 392 2462 rlt
405 2415 506 2460 Aldina:
518 2415 581 2461 Idem
594 2425 641 2461 tum
653 2419 727 2462 trdus
738 2434 760 2462 a.
773 2433 797 2480 p.
816 2420 862 2464 irus
877 2419 973 2466 Iunonis
986 2435 1016 2464 m.
1032 2421 1117 2483 Sitque
1130 2433 1171 2466 ms.
1185 2418 1282 2466 llelmst.
1300 2429 1323 2465 et

268 2490 317 2538 Jul.
332 2489 431 2535 Sabinus
442 2486 539 2548 legerat.
556 2485 584 2533 Et
598 2487 705 2535 horeste
719 2491 797 2535 verius
807 2490 914 2536 nrltitror.
932 2515 964 2526 -
983 2490 1061 2552 ¹39‹···
1075 2491 1126 2547 tdt.
1145 2494 1210 2554 eujus
1221 2494 1323 2554 perfurit

269 2564 363 2608 dium...
378 2562 431 2604 Nmt
447 2555 489 2602 ulli
503 2555 574 2602 liciat.
586 2561 684 2606 Sensum
698 2560 810 2606 idoneum
824 2577 894 2608 nemo
909 2561 977 2608 lacile
987 2577 1015 2608 ex
1026 2561 1063 2608 his
1073 2563 1178 2608 versibus
1192 2561 1322 2610 extundat:

270 2646 305 2688 et,
322 2634 341 2676 si
353 2643 415 2675 reete
426 2627 522 2690 judiuo,
540 2641 628 2674 nsstttus
643 2643 676 2675 ert
689 2646 779 2691 prunus
797 2648 825 2678 ex
840 2635 984 2694 grammatici
1004 2635 1145 2694 experientis
1161 2635 1221 2678 viret
1233 2632 1323 2692 ingenii

269 2705 295 2749 in
306 2697 477 2763 compingenda
488 2715 555 2745 versu
570 2703 637 2761 nugis
646 2703 672 2746 in
683 2704 787 2765 margine
798 2703 928 2766 adscriptio.
946 2702 1050 2764 Scaliger
1066 2706 1149 2750 misere
1158 2719 1184 2749 se
1200 2705 1278 2759 torsit,
1296 2714 1322 2748 ut

270 2773 327 2819 hinc
339 2769 455 2834 proferret
464 2768 528 2816 hune
539 2786 631 2816 sensum
643 2787 648 2818 :
661 2777 728 2836 eujus
739 2774 824 2836 puella¹
837 2777 954 2840 perjuria,
966 2791 981 2820 o
996 2775 1080 2830 Musae,
1093 2777 1181 2821 nemini
1194 2775 1227 2820 fas
1240 2775 1324 2820 menti-

270 2847 341 2890 nisse.
354 2841 399 2888 Sed
409 2843 437 2886 iis
451 2843 553 2891 rescissis
561 2845 676 2888 sententia
685 2847 719 2890 tic
728 2861 778 2892 sese
789 2845 883 2908 expedit
895 2862 900 2891 :
913 2845 975 2891 Idem
988 2851 1035 2891 tum
1048 2849 1121 2891 tristes
1132 2844 1228 2891 ucuelat
1236 2860 1324 2907 purvu-

272 2915 308 2960 lus
325 2917 370 2960 iras
388 2913 602 2977 Iunouismapnoe:
619 2913 743 2961 vtonuemt
756 2919 825 2962 inscia
844 2917 927 2962 sedem.
939 2937 970 2951 ···
986 2915 1036 2976 ¹39·
1056 2931 1098 2978 per
1110 2919 1166 2979 jura
1184 2915 1266 2961 Diurtoe
1282 2911 1321 2958 ed.

269 2986 362 3032 Fabric.
373 2984 452 3030 lleins.
464 2995 537 3030 tentat
548 2988 628 3048 :cujus
636 3001 677 3048 per
687 2987 774 3034 diddrrn
783 2988 855 3033 diuoe:
866 2985 902 3032 rel
908 2986 963 3048 feru
972 2989 1055 3051 juryt'rr·
1065 3011 1095 3021 -
1108 2985 1158 3041 rdo.
1171 2999 1195 3030 re
1205 2986 1323 3030 meminere

271 3057 318 3104 edd
337 3067 407 3110 vett,
420 3058 488 3104 etiam
498 3054 550 3102 Ald.
561 3073 613 3103 cum
626 3059 679 3105 cod.
690 3059 773 3115 Basil,
784 3071 807 3106 et
815 3073 858 3120 per
861 3061 951 3122 jum...
963 3071 1011 3104 tum
1021 3056 1132 3105 numelli.
1143 3059 1222 3103 lleins.
1234 3064 1322 3102 tentet:

271 3131 293 3178 0
305 3127 373 3176 nolim
384 3131 509 3174 meminisse
519 3143 527 3172 ι
538 3143 565 3174 ut
574 3129 642 3177 Orid.
656 3133 713 3178 Fest.
729 3129 767 3176 At
778 3129 848 3176 nolim
861 3133 932 3174 vietus
944 3129 984 3176 ltoc
998 3133 1123 3176 meminisse
1134 3129 1203 3174 drus:
1219 3124 1258 3174 vel
1273 3125 1322 3170 Hor
1411 3163 1416 3184 ,

271 3201 340 3250 nolim
352 3219 396 3258 ιιι,
414 3200 451 3249 vel
467 3199 544 3248 Nolim
562 3212 582 3249 te
593 3206 719 3250 meminisse
733 3205 779 3258 tui,·
798 3217 820 3249 et
834 3217 905 3264 porro
912 3205 992 3265 jurare
1006 3201 1044 3248 rel
1061 3211 1167 3246 rrurerurr
1178 3196 1259 3262 puello
1270 3197 1324 3242 Νοιι

271 3271 314 3318 ulli
328 3271 401 3318 lt'crat.
419 3272 518 3318 Poenitet
530 3275 643 3320 acuminis
656 3276 680 3319 in
693 3287 739 3320 tom
750 3275 828 3336 pravis
840 3272 952 3319 versibus.
969 3275 1024 3318 Nun
1035 3269 1094 3317 nulli
1107 3282 1163 3316 vett.
1180 3268 1234 3315 edd.
1252 3265 1324 3312 lutam

270 3361 311 3391 ms.
322 3343 403 3400 narrt..
414 3343 477 3389 unde
488 3343 567 3391 Heius.
579 3347 642 3406 conj.
655 3343 786 3392 licitum-
797 3345 847 3404 143.
857 3353 948 3391 caterua
960 3343 1015 3390 edd.
1025 3355 1081 3390 vett.
1095 3354 1119 3388 et
1129 3340 1199 3386 Aldd.
1209 3347 1322 3386 catervam

273 3476 374 3530 traditu
389 3479 491 3538 fueram
512 3477 585 3530 unde
604 3497 676 3531 nune
692 3479 775 3531 lusus.
822 3479 1018 3549 emissa3qunm
1026 3491 1107 3548 quum
1116 3472 1323 3548 repetitumiris-

274 3553 417 3625 iungenda
435 3567 543 3605 autemt
561 3556 613 3607 Sed
627 3556 714 3608 maltis
731 3557 777 3609 ille
821 3571 875 3624 set,
888 3560 915 3610 in
926 3557 1018 3629 templi
1028 3555 1167 3629 penetrale
1179 3557 1320 3625 irruperat.

273 3653 396 3707 puer,....
409 3633 482 3682 ldem
497 3643 552 3684 tum
562 3651 600 3684 rs.
617 3635 673 3689 138.
821 3636 856 3688 Ut
864 3637 981 3710 puellam
991 3641 1113 3710 puniret,
1123 3637 1240 3689 infausto
1251 3650 1322 3686 amo-

315 3713 372 3762 138.
387 3711 527 3762 [demtum
541 3712 629 3764 tristes.
638 3715 776 3780 Quantum
821 3733 850 3770 re
863 3733 922 3770 eam
935 3735 951 3770 a
962 3717 1096 3790 Cupidine
1106 3715 1265 3770 inflammari
1277 3729 1322 3766 cu·

274 3811 308 3848 ex
327 3793 387 3844 loeo
408 3789 545 3842 salebroso
565 3796 670 3864 assequi
689 3794 776 3861 licet,
821 3799 889 3849 ravit
903 3800 982 3850 Juno.

275 3871 367 3948 puella
384 3869 539 3942 religionem
554 3872 647 3944 templi
663 3873 776 3927 lunonis
860 3879 917 3945 141.
933 3875 1040 3930 Violntn
1054 3872 1107 3928 loci
1122 3877 1250 3930 sanctitas
1265 3891 1321 3927 esse

274 3954 437 4016 violaverat,
458 3951 527 4002 inter
547 3950 695 4004 ludendum
716 3971 777 4008 curn
821 3951 1324 4028 rideturinteripsntnernfaeta,puel-

275 4032 423 4106 equalibus
432 4029 486 4102 pilu
494 4033 521 4085 in
527 4035 672 4086 sacrarium
678 4047 777 4090 temere
821 4037 848 4089 le
860 4048 1035 4108 procurrente
1046 4048 1106 4090 onte
1117 4047 1215 4090 cottum
1223 4045 1323 4087 metro·
