3000 4674
501 321 554 388 IN
577 321 826 388 ECLOGAM
850 323 924 390 lll.
1171 325 1235 398 263

229 443 277 504 62.
292 443 512 528 Praeoccupato
524 445 617 521 Jove,
633 444 671 506 ad
685 466 778 528 quern
791 446 973 528 confugeret
986 446 1157 526 Menalcas,
1171 452 1235 510 nisi

194 528 232 588 ad
244 531 347 591 Deum
362 535 540 616 Principem
553 531 720 594 carminis?
734 533 779 592 Ab
794 531 855 594 hoc
873 535 975 615 inquit
989 555 1021 594 se
1035 537 1153 596 amari:
1168 537 1238 597 red·

193 617 240 678 dit
254 623 421 682 rationem:
437 625 510 706 quia
527 637 600 684 sunt
611 623 695 706 apud
712 645 743 684 se
761 643 885 706 semper
900 621 963 684 duo
978 645 1122 702 munera,
1139 623 1237 702 lauri,

193 705 255 766 eth
278 708 437 786 acinthus,
452 732 521 793 quae
535 711 600 772 duo
611 732 696 772 sacra
712 726 786 773 sunt
799 710 927 772 Phoebo.

230 730 279 870 el.
299 795 372 857 Post
381 797 535 877 jactatum
548 800 761 881 patrocinium
774 799 963 876 Numinum,
977 799 1153 880 gloriantur
1168 821 1238 882 pas·

192 893 279 942 tores·
288 905 320 944 se
335 907 463 969 quoque
478 909 568 948 caros
581 909 647 950 esse
661 886 813 972 pulchris,
827 902 860 948 et
870 886 1028 948 formosis.
1040 890 1094 950 Ait
1106 891 1236 970 primm:

192 967 264 1031 ferit
283 993 333 1033 me
356 975 441 1038 malo
460 975 591 1038 Galatea
609 999 682 1039 cum
705 976 792 1038 mille
809 979 894 1038 notis
910 977 1060 1054 lascivire,
1079 999 1152 1038 nam
1169 989 1240 1060 post

192 1058 288 1119 ictum
304 1060 384 1145 fugit
400 1065 440 1125 ad
458 1065 578 1142 salices,
600 1068 644 1127 ita
663 1083 766 1128 tamen
784 1083 820 1128 ut
834 1087 865 1128 se
883 1069 915 1126 in
933 1065 1007 1148 fuga
1025 1066 1147 1148 prodat.
1167 1069 1238 1126 Non

190 1142 243 1206 hic
258 1150 401 1212 omittam
413 1154 507 1214 verba
526 1154 689 1234 scaligeri:
712 1158 863 1237 Expressit
881 1153 1043 1230 lasciuiam,
1065 1175 1155 1237 quum
1168 1157 1240 1238 petit

192 1235 295 1297 malr's:
306 1243 463 1324 vigilum,-
471 1245 665 1328 quumfuqit:
678 1243 816 1306 muliebre
827 1247 975 1328 ingenium
982 1287 993 1316 ,
1008 1265 1099 1326 quum
1108 1241 1172 1305 vult
1182 1265 1237 1304 tes-

191 1325 246 1385 ciri
254 1327 379 1408 sactum.

231 1413 280 1475 66.
301 1421 355 1478 Ait
370 1417 465 1481 ulter:
480 1423 504 1482 si
525 1435 627 1482 tecum
646 1422 769 1484 lascivit
789 1422 935 1500 Galatea,
950 1424 1042 1483 vinco
1058 1435 1103 1496 te,
1117 1432 1239 1504 pastor3

191 1521 265 1562 nam
280 1507 428 1588 Amyntas
443 1509 521 1571 milri
537 1527 598 1588 est,
617 1514 672 1595 qui
687 1533 751 1574 uon
767 1513 890 1574 lascivit
905 1511 1050 1586 ridicule,
1065 1510 1118 1570 sed
1130 1513 1173 1570 ita
1188 1531 1239 1572 me

192 1606 289 1670 amat,
311 1611 346 1656 ut
365 1597 470 1678 ignem
489 1599 588 1677 dicas,
607 1615 637 1661 et
657 1604 761 1684 ignem
784 1623 905 1678 meum,
927 1623 992 1662 uon
1011 1599 1148 1660 alterius.
1168 1600 1238 1660 Non

189 1677 288 1758 fugit,
300 1699 336 1744 ut
348 1687 476 1750 Galatea
489 1711 560 1773 quae
573 1691 724 1772 gaudium
737 1693 855 1774 prabet
868 1695 1077 1774 interruptum
1085 1733 1099 1766 ,
1107 1689 1162 1750 sed
1174 1707 1239 1748 sese

192 1765 270 1826 mihi
292 1771 373 1834 ultro
393 1776 496 1839 offert.
519 1779 597 1840 Mihi
618 1782 661 1842 ita
682 1798 833 1864 perpetuo
846 1795 893 1842 est
905 1800 1056 1863 praesens,
1071 1792 1108 1840 ut
1121 1778 1239 1852 Diana,

192 1872 304 1932 praeses
317 1865 501 1926 venantium
515 1868 596 1942 Dea,
609 1870 715 1929 notior
726 1891 792 1930 non
803 1871 843 1930 sit
854 1869 932 1928 meis
945 1867 1083 1928 canibus.

232 1941 280 2002 68.
303 1947 376 2008 Post
385 1950 534 2030 jactatam
547 1957 652 2038 primo
669 1957 802 2016 tutelam
813 1959 971 2032 Deorum,
984 1956 1059 2016 dein
1074 1953 1196 2028 amicae,
1208 1963 1240 2014 et

191 2029 285 2089 amici
297 2054 435 2099 amorem
446 2062 518 2124 erga
528 2063 575 2119 se,
588 2044 764 2126 gloriantur
771 2043 838 2127 jam
848 2060 992 2128 pastores
1003 2041 1157 2124 dadonis,
1169 2061 1239 2123 quae

191 2133 255 2175 suae
268 2122 414 2206 quisque,
428 2145 484 2190 aut
497 2151 554 2192 suo
570 2133 676 2194 mittit.
690 2136 744 2196 Ait
755 2136 875 2216 primus.
888 2136 915 2194 Ο
930 2147 1055 2216 pastor,
1071 2145 1161 2212 parta
1174 2130 1239 2210 jam

191 2221 265 2266 sunt
281 2208 374 2290 milri,
395 2230 425 2277 et
443 2239 624 2301 comparata
643 2243 789 2300 munera,
812 2243 883 2305 quae
904 2219 976 2281 dem
990 2240 1068 2282 meae
1087 2216 1241 2295 Galatea,

191 2347 288 2401 mirum
299 2355 321 2404 si
333 2359 447 2411 raetiam
458 2364 570 2434 sumpsit
581 2364 615 2416 ab
624 2365 690 2418 Jove
735 2367 804 2417 irato
814 2365 900 2417 Borea
911 2361 1006 2416 eodem
1014 2360 1089 2414 disco
1105 2373 1144 2413 est
1156 2361 1239 2412 inter-

190 2429 353 2500 principium
372 2457 378 2486 ι
399 2455 479 2507 quem
498 2459 587 2494 amare
607 2455 690 2495 terras
735 2458 854 2516 emptus,
874 2457 902 2496 et
916 2455 1034 2494 mutatus
1048 2443 1074 2493 in
1087 2440 1179 2494 florem
1192 2457 1241 2492 no·

192 2521 311 2577 constat,
328 2527 355 2567 et
369 2515 469 2571 habere
482 2523 630 2574 carminum
642 2539 691 2574 cu·
735 2526 815 2576 minis
829 2527 879 2578 sui.
892 2523 964 2576 Serv.

192 2605 258 2642 '⁸¹¹¹-
271 2591 342 2648 Sm·
771 2605 815 2658 65.
829 2605 866 2658 Et
873 2602 952 2676 fugit
961 2603 998 2654 ad
1006 2599 1112 2666 salices,
1125 2611 1185 2654 etse
1194 2619 1239 2654 eu·

226 2671 269 2723 62.
280 2674 367 2728 Etme
376 2677 489 2734 Phoebus
498 2692 579 2734 amat.
593 2681 646 2736 Aut
656 2685 692 2735 ai·
733 2685 775 2753 pit
786 2694 848 2737 ante
861 2682 951 2735 videri.
972 2681 1086 2754 attingit
1101 2683 1184 2733 Poeta
1200 2681 1241 2733 in-

190 2750 253 2803 mile
270 2767 309 2806 est
326 2758 400 2828 quod
413 2757 493 2828 (licit,
512 2765 693 2833 quia'uuicui-
736 2765 1027 2837 geniurufeminerum,
1044 2776 1071 2814 et
1082 2761 1238 2814 amentium.

192 2846 243 2898 que
260 2830 326 2886 deus
342 2837 365 2889 is
383 2856 462 2909 quem
479 2838 558 2908 colit,
575 2859 692 2894 summus
737 2840 1241 2918 Itaillaefugiunt,utveliutviderizita

190 2907 313 2965 videtur:
327 2927 371 2981 ut,
382 2917 491 2970 Summe
503 2918 597 2986 deum,
609 2921 694 2974 saneti
737 2937 872 2998 pugnant,
886 2935 915 2975 ut
928 2923 1009 2978 velint
1022 2923 1110 2974 vinci:
1126 2922 1164 2974 ita
1177 2920 1241 2974 odia

193 2999 275 3042 eustos
286 2993 399 3048 Soractis
415 2995 532 3068 Apollo:
548 3014 576 3050 ut
589 2999 693 3071 Apolli-¹
738 3018 874 3068 exercent,
891 3017 921 3055 ut
938 3015 1001 3055 tune
1016 3014 1106 3054 ament
1118 3002 1239 3052 maxime.

192 3085 252 3117 uem
269 3076 444 3142 exaequaverit
459 3076 528 3127 lovi.
548 3081 602 3130 Aut
621 3091 692 3132 certe
737 3082 816 3134 ovid.
829 3085 886 3134 Art.
899 3083 927 3133 l:
947 3078 1115 3153 -l’ugnando
1127 3081 1198 3130 vinci
1211 3097 1239 3130 se

193 3145 260 3196 ordo
268 3149 302 3198 sit
310 3149 382 3216 talis,
393 3153 436 3204 Me
447 3166 473 3204 et
482 3153 595 3206 Phoebus
604 3171 691 3209 amat:
738 3174 828 3214 tamen
836 3159 970 3212 illavolet.
983 3183 993 3206 ι
1006 3160 1148 3210 Horatius:
1160 3157 1240 3209 Nunc

193 3237 223 3276 ut
235 3237 261 3276 et
273 3227 334 3298 plus
343 3227 428 3297 dieat,
439 3251 488 3284 nec
499 3234 560 3285 lovi
572 3233 693 3286 videatur
739 3251 763 3290 et
780 3237 885 3291 luterem
898 3237 1017 3310 proditor
1032 3235 1126 3288 intimo
1146 3235 1240 3288 Gratus

194 3304 345 3377 Apollinem
353 3329 518 3381 comparare.
527 3342 562 3350 -
571 3312 625 3365 Sua
634 3315 695 3366 Mu·
736 3314 834 3390 puelle
847 3317 911 3369 risus
925 3317 958 3368 ab
970 3313 1078 3388 anyulo·

194 3387 435 3462 ueralpsigrata:
448 3389 541 3458 idest,
558 3392 649 3445 laurus
667 3407 694 3446 et
774 3398 817 3467 67.
841 3393 919 3447 Delia
942 3393 1042 3447 nostris.
1066 3391 1171 3444 Deliam
1195 3391 1241 3444 alii

193 3465 361 3540 hyacinthus.
375 3469 442 3520 Num
453 3471 550 3522 scimus
560 3469 693 3544 Daphnen
739 3475 852 3527 amicam
864 3475 981 3546 priorem
994 3470 1104 3523 volunt:
1119 3470 1164 3524 alii
1177 3471 1242 3523 Dia·

193 3546 310 3599 Ladonis
327 3545 441 3600 fluminis
460 3549 580 3602 Arcadiae
598 3551 693 3619 liliam,
739 3572 815 3620 nam,
826 3571 884 3624 qua
897 3566 935 3605 est
948 3572 964 3604 a
976 3551 1042 3603 Delo
1055 3572 1060 3600 ι
1075 3563 1100 3604 et
1114 3563 1153 3602 est
1165 3551 1240 3602 carri·
1275 3575 1282 3594 ι

194 3627 319 3680 dilectam
342 3627 376 3680 ab
400 3629 537 3700 Apolline,
559 3644 585 3684 et
604 3632 694 3684 Terrae
738 3633 789 3685 ltus
798 3647 872 3698 nota,
881 3650 930 3702 per
939 3649 1006 3703 quos
1018 3647 1155 3696 venamur,
1164 3629 1241 3700 quasi

195 3709 363 3760 miseratione
371 3707 509 3761 iulaurum
519 3727 691 3764 conversam:
739 3711 790 3764 dea
803 3711 961 3764 venationis.
972 3709 1040 3762 Nam
1052 3711 1074 3760 si
1084 3707 1240 3761 adamicata

195 3803 221 3841 et
242 3789 420 3861 Hyacinthum
445 3802 580 3858 amatum,
602 3803 656 3843 tam
678 3809 694 3842 a
739 3787 918 3855 referas,lroc
932 3787 1013 3841 elicit:
1029 3788 1072 3841 Sic
1084 3789 1240 3858 frequenter

195 3869 293 3935 Borea,
315 3888 396 3941 quam
417 3869 451 3924 alr
477 3871 621 3944 Apolline:
648 3874 695 3943 qui
740 3870 775 3924 sd
789 3890 831 3924 me
842 3872 969 3943 Amyntas
982 3871 1067 3936 venit,
1084 3881 1113 3919 ut
1128 3868 1240 3920 canibus

196 3968 277 4021 quum
291 3953 511 4024 magistlpellinis
520 3971 610 4006 amore
620 3951 695 4004 lieta-
740 3953 805 4004 meis
822 3953 911 4003 notior
924 3951 970 4017 sit,
988 3969 1067 4023 quarn
1084 3947 1168 4001 amira
1181 3965 1240 4000 mea

195 4045 281 4102 ratur,
298 4031 361 4086 duta
375 4047 541 4090 exerceretur
553 4033 643 4102 diseo,
661 4032 695 4087 ab
740 4031 825 4086 Delia.
839 4031 910 4085 Seru.
