3000 4674
287 391 350 481 27⁶
614 387 998 454 conunn'ranrl

323 517 372 592 do.
385 511 515 572 Vacabit
526 511 616 572 tellus
628 534 646 572 a
657 515 776 588 rastris,
798 515 852 594 qui
868 513 1055 574 circumduci
1072 515 1174 576 solent
1188 517 1225 576 ad
1243 517 1337 579 fran-

285 604 399 687 gendas
410 599 530 682 glebas:
545 599 698 660 vacabunt
706 603 813 685 yineta
823 623 840 660 a
850 603 976 663 vulnere
985 601 1128 676 falcium,
1139 625 1213 665 nam
1220 609 1336 666 omnia

283 689 363 768 haec,
384 705 512 771 cogente
524 691 663 764 nemine,
678 689 836 771 proferent
848 689 1005 751 fructum:
1024 692 1179 753 vacabunt
1196 693 1295 754 boves
1314 717 1335 754 a

283 780 405 854 labore3
418 777 531 839 horum
544 779 627 838 enim
641 799 713 838 usus
727 799 793 838 non
805 781 993 843 necessarius
1008 781 1042 840 in
1056 794 1227 861 spontanea
1241 793 1336 842 terrae

284 869 454 932 fertilitate.

323 956 373 1034 [μ.
386 956 436 1017 Illi
452 976 575 1036 quoque
586 956 639 1036 qui
652 956 753 1016 varios
762 957 881 1018 colores
890 955 971 1018 lanis
981 969 1012 1016 et
1022 955 1187 1017 velleribus
1198 957 1337 1033 indunt,

284 1067 351 1106 non
372 1058 463 1105 erunt
482 1045 659 1118 necessarii,
680 1057 861 1126 suppetente
881 1043 962 1106 lranc
980 1042 1222 1126 pulcherrimam
1243 1047 1334 1106 colo-

283 1155 353 1196 rum
366 1134 546 1194 varietatem
559 1149 672 1194 natura
683 1134 749 1214 ipsa
760 1157 767 1190 ι
780 1155 854 1215 crgo
866 1133 940 1194 lana
953 1133 1077 1195 nullum
1092 1134 1229 1194 colorem
1245 1157 1336 1195 men·

282 1226 391 1298 tietur,
406 1243 481 1282 nam
496 1243 603 1282 omncs
619 1235 711 1282 erunt
726 1224 899 1283 naturales:
917 1222 1029 1284 dilatat
1043 1221 1102 1284 lr'oc
1119 1225 1152 1284 in
1167 1225 1336 1299 arietibus,

284 1327 315 1372 et
329 1313 416 1393 agnis
428 1334 434 1368 :
448 1309 495 1371 illi
509 1313 542 1370 in
554 1312 629 1392 ipsis
640 1312 761 1392 pascuis
772 1309 940 1372 mutabunt
951 1310 1038 1372 lanas
1050 1312 1099 1371 vel
1110 1332 1181 1372 cum
1191 1333 1337 1394 purpura

284 1400 463 1459 suavissime
476 1397 615 1472 rubenti,
633 1396 680 1458 vel
695 1419 768 1457 cum
782 1398 866 1460 luteo
882 1421 1004 1472 croceo,
1020 1398 1052 1459 id
1067 1411 1126 1472 est,
1140 1419 1210 1458 curn
1225 1399 1335 1459 colore

285 1507 392 1548 aureo:
402 1487 451 1544 isti
460 1498 644 1567 perpastum
652 1485 735 1546 ultro
745 1485 1051 1548 colorabunturfuco
1059 1483 1164 1546 hcrbae
1172 1486 1335 1569 Sandycis.

323 1573 373 1650 46.
395 1575 485 1634 Hanc
506 1585 626 1632 tantam
646 1572 829 1634 felicitatem
853 1597 918 1635 non
942 1575 1189 1636 interturbamnt
1212 1576 1334 1650 Parcae;

284 1665 362 1745 quin
378 1663 547 1722 concordes
568 1659 671 1721 stabili
688 1661 827 1724 latorum
841 1666 971 1725 numine
992 1665 1137 1724 dixerunt
1152 1666 1214 1724 suis
1232 1663 1334 1726 fusis:

284 1752 397 1812 currite
414 1771 470 1831 per
488 1749 577 1822 talia,
600 1761 727 1832 tamque
745 1750 848 1813 felicia
865 1751 985 1827 secula,
1005 1753 1038 1813 id
1059 1767 1118 1826 est,
1136 1772 1176 1811 ne
1194 1754 1335 1835 rumpite

283 1851 350 1902 tam
361 1837 462 1898 fausta
474 1838 587 1899 secula.
1223 1861 1225 1868 ¹

326 1923 375 2000 48.
395 1925 502 2001 Quum
515 1926 579 2006 jam
592 1941 684 2009 poeta
698 1925 810 2010 lingat,
824 1927 947 1990 Octavii
960 1929 1061 1990 filium
1079 1951 1142 1990 esse
1153 1931 1337 2010 proximum

286 2013 371 2072 virili
390 2015 488 2090 aetati,
508 2027 614 2097 aptum
627 2030 715 2097 putat
727 2016 868 2096 gerendis
880 2020 1001 2100 magnis
1012 2016 1202 2092 honoribus,
1220 2018 1338 2096 magis-

285 2101 417 2162 tratibus
427 2125 435 2175 3
446 2105 598 2185 petitque,
610 2118 645 2165 ut
655 2106 865 2187 aggrediatur,
878 2107 911 2167 id
922 2123 980 2183 est,
991 2108 1173 2168 candidatus
1184 2109 1223 2166 sit
1231 2105 1337 2167 lrono·

286 2209 372 2265 rum,
385 2210 478 2272 seque
493 2189 640 2253 omnibus
654 2197 856 2276 conspicuum
868 2195 1020 2278 praebeat,
1034 2209 1198 2278 appetente
1209 2193 1276 2276 jam
1290 2197 1338 2255 vi·

286 2278 339 2338 rili
360 2290 470 2338 aetate:
491 2293 521 2340 et
542 2301 599 2340 cur
620 2302 687 2342 non
709 2281 844 2344 honores
864 2299 1117 2365 magnosrgerat,
1142 2284 1196 2363 qui
1219 2303 1337 2363 magna

287 2367 389 2448 Deum
403 2365 541 2446 soboles,
554 2371 608 2452 qui
621 2370 662 2430 ab
672 2373 750 2432 Jove
763 2373 901 2434 nutritus
912 2389 945 2433 et
957 2369 1103 2434 educatus
1116 2371 1296 2432 increverit?

331 2458 380 2518 50.
391 2457 530 2537 Exultat,
546 2459 631 2543 quod
647 2482 771 2544 maqnus
784 2462 836 2523 ille
849 2465 936 2524 Jovis
950 2464 1111 2538 alumnus,
1128 2475 1158 2522 et
1171 2482 1241 2522 cara
1255 2464 1339 2524 Deo-

289 2565 360 2604 rum
372 2548 538 2626 progenies
551 2569 673 2630 mapnos
685 2549 836 2626 honores,
847 2555 1096 2633 tergeminosque
1105 2552 1213 2611 Romu
1225 2553 1339 2632 magis·

288 2644 386 2690 tratus
399 2646 502 2720 gerat:
516 2635 670 2714 siquidem
684 2638 802 2717 Regina
815 2641 926 2710 mundi
938 2641 1006 2720 jam
1016 2654 1045 2699 te
1057 2630 1229 2698 Dominum
1243 2659 1339 2720 agno·

289 2720 353 2793 vit,
368 2721 484 2800 aspice,
498 2735 533 2779 ut
544 2723 707 2783 universus
718 2739 871 2786 terrarum
886 2729 970 2788 orbis
987 2728 1184 2788 concutiatur
1200 2742 1229 2788 et
1246 2740 1338 2788 nutet

291 2804 332 2866 ob
343 2804 511 2867 adventum
521 2822 628 2885 tuum,
643 2813 696 2892 qui
712 2827 838 2874 uenture
847 2815 1131 2895 felicitatissignum
1140 2813 1338 2876 fortunatum

290 2891 446 2955 habetur:
469 2896 589 2979 aspice,
607 2913 642 2959 ut
658 2913 763 2978 terrae,
784 2906 900 2981 maria,
917 2905 1045 2980 caelum,
1066 2903 1099 2963 id
1118 2917 1178 2978 est,
1200 2904 1339 2965 mundus

291 2987 395 3047 omnis
410 2987 464 3068 qui
479 2999 509 3047 te
523 2985 666 3049 futurum
682 2992 796 3073 Regem
814 3010 969 3076 expectat,
984 3016 1015 3055 se
1030 2993 1088 3053 tibi
1103 2993 1288 3054 submissum
1305 3008 1341 3062 et¹

290 3075 475 3136 adorantem
490 3077 629 3138 inclinet.

334 3165 381 3225 53.
400 3164 622 3248 comprecatur
641 3167 700 3228 sibi
717 3183 808 3253 poeta
827 3186 975 3256 optatque
994 3183 1059 3233 tam
1077 3172 1205 3254 longam
1223 3173 1339 3250 vitam,

291 3263 477 3335 tantumque
488 3258 646 3339 spiritum,
661 3275 796 3340 quantus
808 3267 994 3325 necessarius
1008 3263 1102 3324 estad
1116 3261 1246 3322 dicenda
1257 3261 1339 3322 lacta

231 3388 234 3394 ,
294 3341 380 3401 illius
391 3345 494 3423 pueri;
506 3359 536 3404 ct
547 3345 672 3406 adverte
681 3349 799 3429 signate
811 3354 912 3432 optari
924 3352 1003 3428 duo,
1014 3350 1158 3412 videlicet
1169 3363 1338 3424 senectam,

293 3471 423 3533 cesserim
436 3474 610 3544 siquidem-
624 3479 717 3532 Omnis
722 3480 794 3551 feret
836 3499 961 3558 prestat,
978 3487 1053 3555 cnjus
1074 3483 1178 3555 liquore
1198 3482 1337 3552 tinguntur

293 3549 386 3600 omnia
406 3548 490 3604 tellus.
511 3555 652 3628 Navigatio
671 3561 741 3611 enim
762 3579 794 3612 ex
837 3565 937 3618 vallera
953 3577 979 3617 et
996 3578 1092 3616 vestes.
1111 3560 1226 3613 Martial.
1245 3561 1336 3631 Epigr.

293 3627 460 3681 mercimonii
472 3633 575 3686 ratione
587 3635 734 3692 descendit.
747 3638 795 3692 Sa·
837 3647 914 3711 Xlll,
932 3663 985 3717 77:
1005 3645 1177 3716 ssnnssulnes
1194 3639 1228 3694 de
1244 3653 1338 3693 ΜΝ

294 3723 328 3780 ne
348 3719 456 3799 vector,
480 3722 534 3761 tam
553 3713 576 3763 is
600 3715 646 3783 qui
666 3716 793 3786 vehitur,
838 3729 951 3792 tinctas,
967 3729 1083 3797 ingrate,
1097 3721 1335 3788 lacernaslnduis,

294 3803 375 3856 quam
399 3804 445 3856 qur
465 3787 554 3854 vehit,
574 3791 686 3857 dicitur;
706 3808 746 3848 est
763 3809 791 3850 et
834 3805 1333 3872 er,nonestlrocsatis,escasumus.=

293 3876 375 3917 nauta
386 3876 412 3916 et
424 3880 564 3920 mercator.
576 3871 647 3923 Seru.
871 3886 913 3940 50,
928 3885 1075 3937 Nutantem
1091 3899 1208 3935 convexo
1220 3882 1336 3954 pondere

330 3944 372 4010 44.
382 3943 493 3998 Murice.
502 3946 619 4003 Cochlea
627 3950 719 4006 similis
726 3973 790 4009 con·
834 3956 974 4010 mundum.
986 3956 1165 4019 Gestientem,
1178 3971 1232 4024 pre
1244 3953 1338 4004 laetitia

289 4023 791 4104 ulriliis,undetingiturpurpnradlu-
836 4047 1047 4090 commoventem
1070 4051 1118 4097 se,
1138 4032 1216 4084 bonis
1239 4033 1337 4085 futuris

293 4121 340 4180 rex
350 4104 493 4176 pisciculus
506 4121 561 4176 est,
579 4112 626 4184 qui
640 4112 694 4168 cibi
706 4115 793 4170 vicem
835 4113 998 4189 gaudentem
1010 4125 1037 4168 et
1052 4114 1130 4186 quasi
1143 4124 1337 4168 renascentem·
