3000 4674
490 383 541 448 ιιι
564 382 811 450 rctoosu
833 385 882 448 ιι.
1141 391 1204 479 239·

211 507 255 584 td.
270 506 358 570 vidit
370 517 475 590 pastor
488 527 576 566 suam
588 505 671 566 lianc
686 507 852 580 insaniem,
868 520 898 568 et
912 506 951 566 ed
966 527 999 568 se
1012 507 1134 572 rediens
1147 515 1208 588 ait,

168 597 278 658 melius
297 599 404 680 utique
421 597 517 656 fuisse
535 597 594 656 sibi
613 598 678 678 pati
699 597 896 678 tyrannidem
914 598 1128 681 Amaryllidis,
1152 619 1206 663 eut

168 686 336 748 Menalcae:
352 687 494 769 quemvis
508 684 561 745 illa
577 683 726 746 iracunda
740 699 832 760 esset,
846 685 991 766 superbe,
1006 687 1206 751 fastidiorum

168 777 276 860 plena;
289 777 341 837 ille
354 777 521 857 nigricanti
535 774 629 836 faeie:
643 777 730 857 quasi
741 773 837 849 dicat3
855 777 943 856 nigra
953 775 1207 840 faciesllenalcte

169 887 219 926 me
234 869 267 926 in
281 887 386 926 amore
401 864 599 938 incendebet3
615 863 667 924 sed
682 862 800 924 candor
815 877 885 923 tuus
891 907 900 936 ,
916 884 935 923 o
948 863 1050 941 Alexi,
1065 869 1097 926 in
1108 867 1211 928 furies

168 957 251 1036 agit:
270 954 348 1017 illud
365 976 439 1036 ergo
455 954 574 1016 malum
589 952 699 1013 levius.
727 950 784 1012 Vel
800 954 856 1025 sic·,
877 951 943 1029 ille,
964 956 1018 1034 qui
1036 956 1124 1036 nigra
1141 971 1208 1016 erut

168 1043 263 1118 facie,
280 1046 374 1104 etiem
389 1046 416 1104 si
431 1042 588 1104 interdum
602 1041 797 1118 fastidiosus,
813 1039 865 1102 scd
881 1041 1089 1123 respondebat
1104 1059 1208 1106 tamen

168 1132 401 1216 aliquantulum
420 1135 569 1194 amatori:
589 1145 623 1192 tu
642 1129 723 1192 nihil
743 1152 793 1190 me
810 1150 911 1206 curas,
934 1151 1056 1192 aversus
1071 1153 1116 1208 es,
1136 1133 1210 1193 elie·

168 1243 227 1284 nus
239 1244 279 1285 es.

213 1334 256 1394 ¹7·
271 1312 430 1374 Sententia
444 1309 567 1393 duplex.
582 1311 691 1368 Prior:
707 1329 746 1369 ne
759 1306 821 1368 fide
834 1309 917 1369 retati
933 1323 1008 1383 tuoe,
1026 1324 1058 1370 et
1069 1307 1209 1392 pulchri·

167 1398 285 1475 tudini,
302 1420 402 1480 neque
418 1398 466 1458 his
483 1398 609 1458 dotibus
623 1397 700 1458 velis
714 1394 875 1479 superbire
889 1419 896 1456 ε
911 1399 1088 1458 memineris
1105 1398 1209 1457 lieres·

169 1499 290 1548 centem
308 1486 407 1564 hunc,
424 1501 456 1546 et
472 1506 598 1546 roseum
618 1485 768 1560 colorem,
789 1505 852 1566 quo
871 1499 1034 1566 tantopere
1052 1484 1211 1566 gloriaris,

168 1575 295 1636 tandem
307 1575 500 1656 periturum:
516 1572 601 1656 quod
614 1587 648 1633 ut
662 1571 779 1648 credat,
794 1575 944 1655 proponit
958 1572 1005 1632 illi
1019 1573 1053 1632 in
1067 1573 1211 1656 sequenti

170 1683 260 1724 versu
277 1663 478 1745 fragilitatem
494 1683 651 1739 rosarum,
668 1663 753 1745 quod
767 1663 867 1724 facere
880 1661 980 1723 solent
995 1678 1134 1722 ementes
1147 1663 1211 1722 suis

170 1749 410 1833 despectoribus.
423 1753 596 1814 Posterior:
610 1773 649 1812 ne
659 1751 749 1812 crede
761 1750 872 1826 colori,
889 1749 921 1810 id
935 1765 993 1826 est,
1008 1770 1048 1810 ne
1059 1749 1148 1810 crede
1161 1771 1212 1811 co·

171 1839 270 1902 lorern
290 1841 374 1902 hunc
391 1841 446 1903 diu
464 1861 717 1926 permansurum,
738 1855 830 1922 atque
848 1841 926 1902 udeo
945 1861 985 1902 ne
1003 1843 1069 1902 sine
1088 1855 1211 1901 etatem

171 1927 235 1991 labi
250 1929 370 2014 absque
383 1930 557 2015 voluptate3
573 1949 645 1992 uam
661 1945 734 1992 retas
748 1933 898 1992 citissime
911 1929 1028 2005 avolat,
1042 1931 1215 1990 marcescit·

172 2017 343 2100 que'instar
356 2019 468 2080 florum
481 2045 487 2080 ι
501 2041 574 2102 ergo
587 2034 676 2080 aetate
688 2035 741 2081 tua
756 2018 865 2080 fruere.
881 2019 955 2080 Hec
966 2019 1116 2078 sententia
1129 2037 1214 2078 com·

172 2105 1213 2191 modiorudmentemCorydonis‚quilracambageretatisperiturae
1251 2096 1254 2106 ¹

172 2193 210 2254 ud
226 2212 371 2256 mutuum
390 2217 529 2257 umorem
543 2217 676 2279 puerum
693 2199 815 2257 invitat.
833 2195 981 2257 Prteclare
996 2213 1070 2254 vero
1087 2192 1180 2269 illud,
1196 2215 1213 2252 o

164 2283 308 2363 formose,
329 2285 401 2365 quia
421 2305 492 2344 cum
510 2301 652 2366 respectu
671 2283 709 2344 ud
728 2285 851 2344 initium
870 2281 1006 2364 Eclogae,
1026 2283 1115 2365 quasi
1132 2301 1213 2362 saepe

172 2373 355 2432 recurrutad
363 2374 488 2434 eosdem
496 2371 1067 2457 scopulos‚impingatqueineumdem
1075 2367 1212 2452 lapidem

173 2583 207 2635 At
221 2601 291 2638 nune
308 2585 457 2642 meridiuno
474 2601 593 2662 tempore
605 2591 669 2643 solis
714 2603 772 2657 est,
792 2589 938 2643 simultates
958 2587 1068 2640 acerbes
1088 2584 1202 2638 tolerare

172 2669 618 2742 raporeomniatorrentur,quod
628 2689 671 2723 ur·
714 2665 1213 2730 Nonrnrosiearnantiumdiscordie,
1259 2735 1262 2742 .

173 2741 251 2796 busta
267 2744 367 2798 cicadis
384 2751 537 2802 resonantia
550 2750 672 2802 demons-
716 2752 788 2824 apud
804 2753 921 2807 Latinos.
940 2751 1033 2802 Horat.
1050 2747 1101 2802 od.
1122 2751 1150 2814 Ι,
1172 2747 1213 2800 16.

174 2837 252 2876 trent.
265 2828 314 2878 Per
328 2839 419 2880 ustum
432 2831 501 2881 enirn
515 2830 614 2883 cicade
625 2849 671 2883 re·
718 2833 838 2884 «Tristes
853 2845 885 2883 ut
900 2833 960 2882 irre:
979 2847 1044 2902 ques
1058 2846 1144 2900 neque
1159 2829 1215 2879 No-

173 2903 322 2959 llementius
334 2922 441 2962 cunnnt.
454 2909 502 2963 Ge.
517 2909 553 2962 lll
564 2935 569 2962 :
585 2911 671 2964 ulnde
716 2913 787 2963 ricus
794 2913 915 2964 Deterret
925 2912 1003 2963 ensis.
1014 2933 1024 2956 ι
1035 2908 1095 2960 Ter.
1103 2909 1153 2958 An.
1164 2907 1213 2972 ΠΙ,

174 2985 220 3034 ubi
242 2998 337 3055 quartu
359 2989 430 3040 sitim
453 2988 510 3040 eseli
533 2989 672 3062 collegerit
717 2992 964 3058 3‚20..1resunt
980 2991 1049 3041 inter
1063 2987 1215 3059 Glycerium

174 3060 257 3126 hora,
273 3065 306 3114 Et
322 3078 402 3116 cautu
416 3065 532 3137 querulo
548 3081 672 3139 rumpent
717 3083 742 3123 et
754 3083 872 3142 gnatum.
884 3093 894 3116 ι
907 3069 972 3136 Qun
985 3069 1007 3118 ri
1017 3066 1129 3118 leviores
1140 3076 1215 3130 sunt,

174 3141 284 3194 ⁸rb¹¹⁸¹8
295 3143 402 3194 eleth·
414 3167 425 3192 ¹
718 3150 1039 3203 nmorisinstaurationem
1044 3145 1202 3218 promittunt
1212 3183 1217 3192 .

213 3223 253 3288 td.
269 3223 359 3274 Tristis
366 3221 540 3295 Amaryllidis
552 3227 608 3279 irus.
623 3230 672 3280 Be·
714 3232 790 3305 J'urtu
801 3227 868 3279 illud
878 3227 1084 3277 Terentianum:
1098 3223 1217 3275 admun-

175 3323 209 3357 ne
221 3303 296 3356 uddit
309 3307 403 3365 trittesr
416 3305 573 3376 plerumque
585 3298 672 3374 euim,
718 3310 783 3360 tium
791 3309 845 3370 irre,
852 3305 1096 3374 amorisintegratio
1102 3315 1149 3354 est.
1161 3327 1171 3350 ι
1182 3303 1214 3356 E.

174 3397 204 3437 ut
221 3383 259 3436 uit
274 3384 431 3448 Terentius,
445 3383 593 3436 ornantium
611 3386 672 3451 ire,
757 3385 796 3437 15.
809 3385 905 3436 Nonne
921 3381 1082 3434 Menalcam.
1097 3382 1161 3433 Tres
1174 3381 1216 3433 di·
1261 3437 1263 3442 ,

175 3463 272 3516 umoris
284 3461 468 3536 ndinteprutio
479 3474 531 3516 ert:
544 3477 573 3515 ut
582 3481 674 3516 rerem
718 3467 787 3517 citur
810 3477 912 3517 amasse
934 3461 1080 3535 Virgilius,
1101 3463 1216 3515 Alexan-

176 3546 242 3606 iram
255 3541 422 3608 ostenderet,
435 3556 461 3595 et
472 3561 528 3594 non
539 3544 626 3597 fletum
639 3545 674 3596 il·
718 3545 812 3612 drum,
824 3559 901 3616 quero
917 3543 1027 3596 donarit
1039 3546 1063 3595 ei
1075 3542 1176 3594 Pollio:
1191 3557 1217 3596 et

175 3623 245 3688 lam,
265 3639 324 3692 quur
342 3620 445 3692 aliquid
460 3610 550 3695 pristin
572 3623 673 3676 lrnltere
718 3624 977 3694 Cebetempuerum,
988 3641 1047 3675 eum
1057 3621 1133 3675 Leria
1144 3623 1219 3695 puel·

176 3703 322 3756 consuevit.
344 3699 421 3753 Unde
444 3703 587 3768 llos-etius,
614 3703 677 3756 Urs't
717 3705 757 3770 lu,
771 3701 1218 3776 quosolleooenutedicituracce-
1303 3705 1306 3712 “

173 3793 249 3856 pratu
257 3781 419 3854 protervitas.
433 3782 602 3834 Seru-lm
612 3795 674 3834 tunt
718 3788 797 3857 pisse.
821 3784 898 3836 Unde
920 3779 1014 3834 uolunt
1037 3781 1146 3854 quidam
1169 3803 1219 3854 per

175 3863 300 3927 offensu,
310 3879 501 3933 qureexcuusu
513 3875 672 3914 naseunturt
718 3861 894 3935 Amaryllida,
911 3865 1016 3916 Lorium
1030 3885 1036 3914 :
1053 3881 1102 3933 per
1118 3863 1219 3916 Menul-

177 3941 316 3994 imcundiu
338 3955 432 3994 contro
456 3955 614 4013 perpetuum
635 3955 676 3996 est
721 3941 1065 4012 etm‚Cebetemintelligi.
1078 3941 1147 3994 Serv.

176 4024 269 4074 sitium
279 4043 286 4072 ι
298 4033 328 4074 ut
340 4025 455 4075 incertus
465 4023 566 4074 Auctor
578 4021 612 4074 de
625 4021 678 4076 ttit-
760 4037 799 4092 tp.
812 4023 836 4074 0
846 4021 963 4092 formose
978 4039 1051 4092 puer.
1067 4022 1136 4073 Bene
1153 4021 1219 4072 dicit

177 4103 295 4157 fcrentiis
315 4119 410 4156 vocum
427 4125 433 4155 r
457 4101 535 4157 tristes
556 4101 624 4172 iras,
649 4101 676 4156 id
721 4103 842 4156 Donatus
855 4099 1070 4173 suspendendum
1083 4101 1121 4165 Ο,
1138 4112 1163 4152 et
1180 4100 1219 4154 sic
