2918 4682
253 351 317 433 432
399 325 401 328 ’
582 345 962 414 continuatam

254 485 358 536 menta
374 469 524 546 auferrem
538 483 568 530 et
580 486 793 532 armentorum
808 469 943 532 stabula.
962 466 1079 532 Proluit
1089 483 1310 553 contumacem,

252 577 311 634 est,
323 559 456 644 proluit,
471 573 501 620 et
513 562 681 635 contorsit,
695 561 726 620 id
741 576 801 637 est,
819 562 887 642 egit
897 563 929 620 in
944 581 1056 641 gyrum
1070 557 1235 620 convulsas
1252 581 1311 620 ar·

251 645 357 722 bores,
375 670 451 731 quas
467 649 636 731 prolueret.
656 654 875 732 Apparuerunt
891 650 925 709 in
937 651 1013 708 extis
1025 647 1111 709 fibrae
1123 648 1309 709 admodum

251 741 409 798 minaces:
429 741 569 800 manavit
589 759 683 800 cruor
703 759 719 799 e
738 741 857 821 puteis;
876 751 1021 799 errarunt
1038 758 1094 819 per
1114 736 1207 797 urbes
1228 737 1308 818 lupi

251 828 406 890 ululantes
419 852 424 887 :
439 828 751 909 cecideruntfulgura
761 829 897 911 plurima
910 848 926 888 e
938 827 1137 908 caelo‚quum
1147 825 1207 886 hoc
1217 839 1307 886 esset

252 936 411 976 serenum:
425 937 527 978 arsere
541 918 654 998 passim
667 917 877 978 cometae'diri.
946 981 952 993 ,

291 1002 359 1084 489.
371 1005 516 1067 Ostendit
524 1005 589 1088 jam
603 1005 680 1088 quid
693 1005 900 1067 indicaverint
911 1005 1132 1087 praecedentia,
1146 1005 1305 1064 nimirum

254 1089 373 1152 bellum
387 1091 480 1153 civile
492 1109 601 1154 contra
615 1097 746 1156 Brutum
760 1109 789 1154 et
803 1095 944 1156 Cassium
959 1108 1080 1175 gestum
1093 1092 1132 1153 ab
1145 1095 1305 1174 Augusto,

289 1277 350 1345 484.
374 1278 495 1334 Tristibus
513 1283 583 1340 extis.
600 1283 754 1337 Visceribus
802 1283 901 1354 apulsa
914 1295 1008 1334 tonare
1018 1303 1046 1344 η
1065 1293 1091 1332 et
1102 1280 1154 1330 IX:
1170 1276 1305 1344 «Audiit,

253 1375 398 1428 pecorum,
422 1361 506 1412 tristia
532 1361 755 1432 portendentibus
802 1375 852 1414 aet
871 1361 928 1416 oaeli
944 1362 1049 1434 genitor
1063 1359 1096 1412 de
1110 1371 1187 1430 parte
1205 1375 1304 1409 serena

255 1435 349 1488 alludit
358 1438 436 1490 Ovid.
444 1441 644 1512 Met.XV,79tl:
656 1443 758 1495 «Victi-
803 1465 814 1488 ι
825 1443 944 1495 lutouuit
952 1441 1056 1494 lterum.
1066 1464 1077 1486 ι
1087 1439 1194 1490 Horat:
1205 1459 1217 1494 a
1227 1437 1305 1488 lile!-

258 1514 400 1568 umauulla
409 1516 480 1580 litat;
491 1539 652 1593 magnosque
663 1523 757 1575 instare
803 1522 895 1592 «piter
914 1540 963 1592 per
982 1537 1079 1591 purum
1098 1529 1219 1568 tonanter
1240 1515 1304 1586 Egit

258 1595 408 1647 atumultus
425 1597 500 1648 Fibra
517 1614 624 1666 monet,
645 1618 756 1653 caesum·
804 1599 1253 1670 tequosaolucromque'currum.a
1269 1594 1304 1644 Et

258 1699 269 1722 α
281 1689 362 1748 caput
374 1680 506 1748 reperitur
517 1681 545 1730 in
560 1682 635 1732 extis.
649 1705 660 1728 n
678 1681 757 1734 Exto—
800 1681 906 1736 Lucret.
915 1680 961 1733 lib.
971 1681 1005 1731 Vl
1015 1702 1020 1730 :
1032 1679 1172 1748 «Denique
1180 1691 1305 1728 cornuu-

255 1773 314 1806 rum
331 1756 358 1806 in
374 1757 539 1829 aruspicina,
557 1773 586 1809 ut
599 1758 709 1813 Salmas.
729 1763 756 1813 iu
805 1779 906 1830 uquam
926 1759 991 1810 carlo
1008 1759 1076 1828 jacit
1092 1756 1214 1826 undique
1232 1771 1304 1825 puro

256 1834 367 1887 Plinian.
380 1837 484 1888 exercit.
498 1857 525 1909 p.
542 1853 603 1906 ¹295
619 1841 757 1910 «primum
805 1840 930 1910 -Jupiter
946 1841 983 1904 in¹
993 1851 1076 1891 terras
1093 1837 1213 1901 fulmen,
1231 1836 1305 1886 soni-

258 1913 496 1984 «praecipuumque
512 1905 604 1986 jecur,
626 1918 675 1968 etsi
696 1918 758 1988 pul·-
804 1935 921 1990 aruaque
934 1917 1112 1991 profundit?-

259 2017 270 2040 ι
281 2010 386 2044 monem
399 2011 507 2066 quoque
519 2007 545 2046 et
558 2015 605 2046 cor
615 2009 757 2070 ceteraque
837 2001 898 2068 488.
906 2001 965 2052 Diri
971 2011 1083 2052 cometoe.
1095 1997 1199 2063 Criniti,
1209 2010 1235 2049 et
1242 2013 1306 2067 pes-

258 2095 270 2117 «
281 2073 442 2142 inspicerent
460 2093 466 2122 ε
485 2075 549 2144 quin
571 2076 624 2126 imo
641 2087 757 2130 extorum
801 2082 878 2132 simi:
896 2082 959 2152 quia
972 2092 1035 2130 aunt
1051 2091 1077 2131 et
1093 2079 1174 2144 boui,
1191 2077 1255 2128 facti
1272 2094 1306 2128 ex

260 2151 387 2202 momine
401 2150 559 2224 plerumque
572 2155 649 2222 jecur
661 2155 759 2209 iutelli-
801 2163 884 2226 Jove,
896 2159 939 2212 vel
950 2161 1069 2220 Venere;
1083 2177 1162 2230 quam
1177 2174 1232 2209 rem
1244 2155 1306 2228 plc-

260 2229 389 2302 «gebaut.
402 2231 482 2283 libroe
491 2233 586 2302 jecoris
599 2246 660 2285 sunt
672 2249 758 2288 extre·
802 2242 909 2294 nimime
917 2241 1032 2292 Avienus
1038 2241 1185 2310 exequitur.
1192 2239 1261 2290 Serv.
1270 2263 1307 2276 -

261 2311 401 2378 amitates,
414 2309 474 2362 aaut
485 2333 527 2362 aaa
538 2308 635 2390 irrorat.
646 2337 657 2361 ι
802 2319 867 2372 Diri.
874 2319 948 2385 ldeo,
955 2321 1018 2390 quia
1026 2333 1135 2371 auctore
1141 2317 1309 2370 Suetoullc·

293 2387 354 2456 486-
367 2389 453 2460 lupis·
467 2391 506 2442 De
518 2390 570 2443 hoc
582 2391 707 2465 prodigio
718 2413 759 2446 er-
802 2419 861 2454 ron.
876 2421 899 2454 e.
913 2402 963 2454 36:
978 2401 1081 2454 -stella
1091 2399 1306 2452 crinitasummis

259 2469 374 2522 rontium
394 2489 443 2540 per
463 2469 543 2522 urbes
565 2469 706 2544 luporum,
728 2485 758 2524 ut
808 2506 818 2529 ι
829 2481 1010 2554 potestatibus
1022 2483 1131 2534 exitium
1144 2477 1306 2552 portendere

258 2549 347 2600 Livius
359 2547 406 2600 lib.
419 2549 525 2600 XXXII.
543 2551 653 2604 «Romae
666 2571 720 2604 non
732 2553 760 2604 iu
808 2562 909 2634 evulgo
922 2573 1060 2633 putatur..
1075 2561 1160 2612 Tacit.
1175 2560 1244 2610 Ano.
1257 2557 1305 2610 lib.

262 2628 377 2678 turbem
387 2626 487 2694 solum,
500 2628 547 2680 sed
559 2630 587 2680 iu
599 2626 761 2702 Capitolium
805 2643 880 2694 ΚΝ,
898 2665 910 2689 .
924 2641 1046 2695 comete,
1064 2640 1182 2706 effulsit,
1199 2637 1233 2692 de
1251 2657 1306 2710 quo

262 2727 273 2752 1
285 2719 470 2776 penetraverat
483 2705 563 2778 lupus
574 2729 585 2752 ι
602 2728 609 2758 s
626 2709 698 2761 ldem
713 2711 760 2762 lib.
809 2723 902 2794 uulgi
913 2724 1005 2794 opinio
1015 2733 1068 2787 est,
1083 2735 1210 2792 tanqum
1222 2732 1309 2771 muta.

258 2786 384 2851 Xlfflll,
397 2799 422 2837 111
431 2785 497 2837 ΧῙᾸ·
507 2818 542 2827 -
551 2787 619 2859 Lupi
633 2808 713 2861 quum
727 2791 762 2842 ad
809 2805 931 2854 «tionem
944 2803 1023 2874 Regis
1037 2799 1224 2874 portendebat.
1236 2824 1247 2848 ι
1261 2801 1307 2850 Ti-

259 2865 339 2918 urbes
357 2865 505 2936 accedunt,
519 2881 548 2919 ut
564 2888 657 2921 eorum
675 2869 761 2924 ulula·
806 2879 1211 2953 autt.11,52tetttmatasi9m
1222 2891 1308 2931 come·

259 2959 301 2998 tus
312 2945 431 3000 exaudiri
440 2949 538 3019 possit,
551 2949 760 3022 supplicationes
806 2971 867 3012 tem.
885 2960 930 3012 Sil,
947 2961 994 3013 lib.
1013 2963 1024 3011 1
1038 2983 1044 3012 ι
1065 2970 1140 3012 term
1153 2961 1214 3032 fera
1230 2977 1308 3032 mgna

259 3030 442 3081 instituuntur.
456 3028 540 3095 Altoe,
551 3049 636 3101 usquc
648 3033 676 3084 in
686 3031 760 3085 urbis
806 3051 928 3101 comete„
937 3040 1017 3092 alth,
1028 3041 1078 3091 [vg
1089 3041 1234 3111 &qnorum
1241 3055 1308 3090 ever.

260 3109 414 3161 interiorem
433 3123 552 3180 partemt
573 3108 647 3182 (AEn.
667 3113 695 3180 l,
713 3113 761 3181 26;
806 3138 848 3173 sor
862 3120 948 3171 mtutt
964 3117 1059 3172 tetttate
1073 3129 1189 3172 comeus.
1207 3119 1305 3170 Lucan.

260 3189 315 3241 atta
337 3191 446 3256 mente.)
469 3187 573 3241 Servius
595 3189 763 3262 languidiore
808 3198 855 3252 lib.
866 3200 893 3251 lt
910 3200 1085 3270 «crinemque
1099 3196 1220 3248 mutandi
1234 3195 1307 3249 Side-

261 3271 480 3342 interpretatione
498 3271 610 3324 verbum
632 3271 692 3324 altoe
712 3291 763 3344 pro
811 3280 918 3344 κώμη
929 3279 1004 3330 terris
1014 3289 1163 3330 mutantem
1171 3295 1253 3348 regua
1262 3293 1307 3327 co·

260 3369 362 3424 mapaoe
377 3354 465 3404 sumit.
484 3352 514 3403 V.
533 3354 564 3403 G.
578 3383 613 3392 -
625 3351 698 3417 Alte,
714 3353 763 3406 ad·
811 3381 823 3405 ι
834 3371 938 3412 metem.
950 3380 961 3404 ι
974 3385 1007 3398 --
1017 3359 1135 3409 Contetoe.
1145 3354 1188 3406 Ad
1197 3357 1305 3427 Etpmou

260 3430 334 3484 verb.
351 3430 488 3482 meliorem
505 3449 611 3483 sensum
627 3444 652 3486 et
668 3435 765 3486 terrori
809 3440 872 3490 satis
886 3437 958 3490 clare
972 3435 1063 3488 Mauil.
1081 3436 1129 3490 lib.
1146 3439 1157 3487 1
1171 3435 1306 3488 :Flamma

261 3509 396 3582 pingendo
414 3512 497 3581 magis
513 3525 605 3581 aptum
618 3511 763 3566 exhiberet.
809 3535 895 3570 comae
911 3517 1013 3568 inuitato
1030 3514 1102 3568 volat
1116 3526 1309 3588 mutesqueco·

298 3589 357 3656 487.
376 3589 436 3640 Non
457 3589 522 3640 olias
542 3589 604 3641 coelo
621 3591 767 3648 ceciderunt
808 3593 894 3667 pillos.
908 3620 928 3634 «ι
956 3643 957 3650 ,
979 3643 981 3648 ,

259 3667 448 3741 plurascreuo.
467 3668 553 3719 Omcn
571 3681 609 3720 est
629 3671 656 3720 in
672 3688 721 3736 eo,
738 3683 765 3724 ct
815 3719 818 3724 .
849 3673 911 3744 489.
934 3675 1042 3728 Parthus
1069 3691 1217 3726 roncum
1244 3671 1305 3724 telis.

262 3749 325 3820 quia
342 3762 435 3799 screno
458 3747 522 3798 calo
539 3749 619 3799 missa
637 3763 700 3800 suut
712 3749 765 3801 lul·
809 3755 880 3821 Quia
891 3756 919 3809 iu
930 3754 1001 3807 civili
1010 3752 1082 3808 bello
1092 3753 1205 3805 Romani
1215 3763 1307 3804 contm

262 3846 345 3901 gum,
362 3839 388 3878 et
406 3825 479 3897 quod
497 3827 576 3898 plura
593 3829 673 3881 missa
691 3845 761 3884 sunt.
807 3833 958 3901 Romanos,
973 3833 1074 3888 eisdem
1085 3847 1113 3886 et
1127 3832 1258 3886 similibus
1268 3845 1308 3883 te-

262 3905 649 3978 Seru.-Virg.AEneid.Vlll=
663 3911 763 3967 uArma
807 3911 848 3966 lis.
859 3917 993 3986 armisque
1011 3917 1205 3986 pugnaverunt.
1223 3911 1308 3962 Laea-

264 3987 278 4034 n'
286 3987 354 4040 inter
366 3982 465 4037 nubem
476 3985 532 4037 caeli
547 3989 655 4062 regione
668 4007 763 4044 serena
806 4011 872 4058 nus:
884 3995 961 4046 Pam
974 3991 1091 4065 aquilas,
1102 4003 1128 4047 et
1136 3991 1194 4064 pita
1202 3989 1306 4044 minan-

263 4069 334 4122 uPer
354 4065 451 4122 sudum
472 4066 582 4124 rutilare
601 4065 710 4140 rideat,
734 4083 760 4126 et
807 4074 843 4125 tia
853 4072 922 4146 pilis.
936 4072 1008 4126 Serv.
