2918 4682
293 382 355 450 502
618 375 996 440 COMMENTARIA

292 503 415 574 definit,
428 499 498 581 quis
511 499 550 556 sit
564 499 702 578 sapiens3
717 496 883 573 nimirum,
894 500 948 579 qui
961 501 1123 578 cognoscit
1132 521 1239 562 rerum
1256 521 1366 562 caus·

291 616 352 668 ses,
365 592 449 652 hunc
462 592 505 652 eit
515 588 608 666 pleno
623 607 677 647 ore
691 607 753 648 esse
767 585 903 648 felicem.
924 590 1028 666 Quare
1039 592 1165 671 sapiens
1179 605 1227 652 est
1243 591 1366 652 felix?

291 683 364 764 quin
380 678 458 740 nihil
475 679 578 751 timet,
596 697 659 736 non
673 675 787 750 fatum,
806 677 938 736 etiamsi
953 677 1158 752 inexorabile;
1176 699 1245 738 non
1264 695 1363 738 stre-

289 771 391 850 pitum
403 765 600 839 Acherontis,
610 765 704 824 etism
715 765 740 822 si
752 783 877 839 eratus,
887 777 918 822 et
928 783 1031 846 rapax.
1041 765 1130 826 Nihil
1142 769 1254 842 timet,
1267 769 1362 849 quia

292 869 424 914 mortem
446 873 509 914 non
533 853 636 925 timet,
658 870 728 932 quoe
749 850 963 926 inexorabilis3
983 873 1083 934 neque
1106 853 1358 928 Acherontem,

292 961 384 1024 quem
396 944 454 1004 scit
466 961 532 1002 esse
542 960 686 1014 ararum,
695 960 731 998 sc
741 941 859 1000 nemini
869 960 1010 1022 parcere,
1021 944 1097 1023 quin
1108 961 1220 1003 omnes
1228 941 1358 1024 deglu-

291 1033 363 1100 tiat,
375 1029 620 1110 thesaurumque
630 1049 721 1090 suum
733 1028 911 1090 avidissime
924 1029 1069 1092 conficiat
1080 1051 1116 1092 ex
1127 1035 1240 1115 rapine
1254 1051 1356 1090 mor-

304 1119 417 1194 alium,
430 1139 509 1200 quos
520 1119 553 1178 in
566 1131 715 1187 aeternum
728 1117 865 1199 sepultos
877 1135 1005 1180 coercet.

330 1207 399 1289 493.
419 1211 521 1284 Dixit,
538 1209 714 1288 Sapientem
732 1229 799 1268 esse
815 1207 954 1284 felicem,
975 1211 1030 1292 qui
1045 1207 1125 1270 nihil
1144 1211 1276 1284 timest;
1302 1212 1354 1268 ait

293 1301 331 1360 de
344 1301 476 1373 rustico,
494 1319 558 1360 esse
569 1297 709 1374 felicem,
723 1313 852 1381 propter
863 1297 963 1377 hona,
974 1300 1090 1382 quibus
1100 1299 1226 1360 fruitur.
1236 1299 1352 1375 Quasi

292 1387 393 1448 dicat:
409 1389 533 1470 sapiens
547 1400 593 1448 est
605 1385 694 1462 felix,
713 1389 787 1469 quia
803 1403 889 1449 caret
903 1402 1004 1464 metu3
1019 1392 1166 1466 rusticus,
1185 1391 1265 1470 quia
1283 1387 1352 1447 ha-

292 1475 346 1538 het
355 1477 468 1558 gaudia
481 1501 488 1538 ε
499 1497 600 1560 neque
609 1475 713 1538 solum
724 1476 829 1554 habet,
840 1480 893 1539 sed
905 1495 936 1540 et
946 1481 1047 1539 noscit
1057 1501 1089 1540 se
1098 1477 1230 1552 bebere,
1240 1479 1349 1538 sicuti

291 1564 344 1626 ille
355 1567 450 1628 etiam
460 1579 602 1640 noverat,
616 1565 696 1626 nihil
709 1563 769 1626 sibi
780 1567 965 1628 timendum:
977 1568 1033 1628 Sed
1045 1587 1115 1649 quae
1123 1566 1191 1628 hee
1201 1563 1351 1647 gaudia?

291 1653 343 1712 Dii
365 1667 516 1734 agrestes,
537 1655 617 1729 Pan,
638 1655 806 1736 sylvanus,
832 1654 986 1739 Nympha
1007 1675 1079 1716 cum
1103 1653 1220 1737 quihus
1244 1654 1344 1711 vivit.

291 1740 386 1816 Vide,
404 1755 519 1803 utnon
538 1741 660 1804 dederit
676 1745 753 1804 alias
770 1743 945 1828 voluptates
962 1747 1093 1806 reducas
1106 1758 1259 1818 strenas,
1284 1741 1343 1802 sed

292 1833 483 1892 consortium
495 1833 643 1892 Deorum.
655 1835 727 1895 Fuit
736 1837 820 1895 enim
830 1851 930 1918 poetas
940 1833 1107 1918 quaerenda
1119 1832 1226 1896 efficax
1240 1833 1344 1904 ratio,

293 1938 389 1999 quarn
404 1935 576 2002 opponeret
584 1923 699 1981 rationi
710 1924 882 2006 Sapientis,
895 1929 1008 2000 inimo,
1022 1945 1084 2006 qus
1095 1926 1243 1984 vinceret.
1255 1923 1341 1980 Nem

292 2007 319 2066 si
339 2007 391 2066 ille
406 2007 496 2084 felix,
515 2009 600 2092 quod
617 2025 701 2070 metu
717 2029 818 2089 caret,
836 2014 889 2074 hic
903 2012 1040 2088 felicior,
1059 2011 1145 2094 quod
1160 2010 1247 2091 degit
1262 2029 1338 2070 curn

291 2093 377 2152 Diis:
397 2093 535 2156 cumbis
553 2099 636 2157 enirn
653 2097 816 2180 degentem
835 2121 962 2164 necesse
979 2117 1026 2162 est
1042 2116 1145 2162 tutum
1161 2096 1338 2160 admodum

293 2199 373 2252 esse,
386 2203 422 2243 oc
436 2182 566 2265 perinde
580 2188 648 2248 sine
660 2187 726 2248 ullo
741 2192 864 2250 timoris
876 2205 906 2251 et
918 2211 1064 2252 curarum
1075 2209 1178 2250 sensu.

331 2265 400 2350 495.
413 2271 562 2356 Adjungit
570 2272 637 2355 jam
649 2275 778 2338 effectus
790 2280 863 2340 vitas
875 2277 984 2360 hujus,
997 2297 1067 2361 que
1079 2276 1255 2336 traducitur
1263 2295 1337 2335 cum

292 2358 360 2419 Diis
370 2365 553 2440 agrestibus.
567 2366 658 2428 Caret
669 2366 840 2449 cupiditate
849 2367 1024 2444 honorum,
1036 2383 1152 2428 terrore
1161 2363 1335 2436 malorum,

292 2445 512 2512 affectionibus
523 2456 636 2514 enimi:
648 2458 835 2538 cupiditate3
849 2459 922 2538 quia
933 2454 1013 2516 nihil
1023 2467 1113 2516 curat
1121 2454 1334 2534 magistratus,

293 2537 346 2614 qui
359 2542 475 2598 suntin
491 2538 622 2602 arbitrio
635 2541 760 2623 populi;
774 2543 854 2604 nihil
866 2565 1055 2626 purpuram,
1065 2562 1135 2625 quse
1144 2543 1261 2622 Regum
1275 2555 1334 2611 est;

291 2618 372 2681 nihil
391 2621 527 2686 honores
545 2642 689 2704 ceteros,
709 2633 764 2712 qui
784 2635 879 2694 etiam
894 2631 1066 2694 fraternum
1079 2631 1183 2693 solent
1195 2649 1332 2689 amorem

327 2804 386 2872 490·
397 2805 471 2856 Felix
481 2809 528 2879 qui
536 2812 624 2880 potuit
635 2831 718 2865 rernm
730 2834 791 2890 cop·
833 2819 926 2870 mortis
943 2831 1041 2871 metum
1058 2827 1084 2870 et
1099 2815 1215 2878 inferos,
1236 2811 1330 2884 quihus

291 2901 391 2936 noscere
401 2903 506 2940 mussas.
517 2891 648 2962 Repetitio
660 2908 700 2946 est
710 2913 788 2968 supe·
832 2897 956 2969 voluptas
964 2897 1082 2950 humens
1089 2895 1282 2966 inquinaretur,
1287 2891 1331 2943 do·

291 2966 368 3016 rioris
388 2967 500 3030 eoloris;
518 2987 580 3021 nem
595 2971 647 3024 hoe
664 2973 745 3038 dicit;
763 2989 789 3030 et
833 2979 902 3029 meri
916 2991 942 3030 et
953 2975 1012 3029 tolli
1027 2973 1180 3029 credebant.
1193 2971 1255 3024 Vid.
1268 2973 1327 3024 Not.

291 3047 382 3098 rustici
391 3048 481 3100 felices
489 3062 598 3112 sunt3et
610 3053 657 3122 qui
667 3055 789 3107 tribuunt
833 3059 900 3126 490,
913 3057 965 3109 rol.
978 3058 1006 3120 Ι,
1018 3073 1079 3128 pag.
1094 3055 1155 3122 4¹4·

292 3143 400 3198 opernm
411 3128 595 3200 Philosophia.
605 3133 675 3184 Seru.
868 3137 928 3206 494.
936 3135 1131 3208 'Nymphasque
1147 3149 1247 3186 sorores.
1268 3133 1325 3182 Non

326 3210 386 3279 491.
399 3211 501 3261 Fatum.
519 3211 556 3262 Ex
572 3213 629 3264 fato
645 3215 787 3270 venientia.
833 3216 911 3268 Panis
922 3216 964 3268 vel
978 3215 1099 3287 Sylrnni;
1113 3211 1159 3264 sed
1171 3213 1240 3264 inter
1251 3227 1278 3263 te
1289 3229 1326 3263 so·

290 3315 325 3330 -—-
345 3289 505 3341 Inexorabr'le
525 3292 625 3362 fatum.
650 3295 738 3366 Lysias
761 3297 788 3347 in
834 3291 1326 3364 rores:ut,AEtnoeesfmtm;interse

289 3370 409 3421 orntione
423 3369 530 3420 funebri
545 3369 616 3424 liene
632 3377 789 3426 sententiam
834 3377 943 3429 scilicet.
954 3377 1023 3429 Seru.

289 3450 327 3501 ite
353 3450 425 3519 prius
445 3446 575 3520 protulit:
594 3449 606 3501 i
620 3437 788 3518 sanareris
868 3456 928 3525 495.
942 3453 1041 3528 Populi
1050 3455 1141 3526 fasces
1151 3453 1269 3504 Honores
1282 3452 1324 3522 qui

266 3595 269 3600 Ι
290 3524 398 3592 ipseipse
409 3529 491 3594 μοῖμν
502 3527 596 3594 sirapti:
612 3533 785 3602 dnepelrmrr:
833 3536 959 3610 apopnlo
976 3547 1151 3607 prestantur:
1166 3533 1273 3604 propris
1285 3550 1326 3582 su·

287 3606 393 3678 penius,
406 3606 452 3674 qui
463 3617 576 3657 nottmm
583 3611 674 3679 fatum
686 3614 787 3666 sortitus
832 3628 883 3666 tem
896 3615 1000 3666 locutus
1013 3625 1066 3682 est,
1085 3625 1114 3664 nt
1125 3613 1211 3664 fasces
1223 3609 1324 3680 populi,

289 3695 339 3748 est,
352 3683 446 3733 evitare
457 3686 554 3756 nequit.
569 3689 676 3740 Homer.
689 3691 785 3764 Odyss.
834 3711 925 3767 regum
937 3711 1085 3766 purpuram
1097 3693 1204 3745 diceret.
1215 3691 1282 3741 Serv.

289 3762 397 3814 ultimo:
406 3761 472 3830 Μοῖρ’
486 3763 553 3830 itai,
566 3765 606 3820 ris
617 3768 690 3836 οὔτις,
701 3769 787 3824 sitrie-
866 3767 1323 3848 496Jnfidosaqitansdiseordt'ofm-

288 3861 344 3903 ost,
358 3835 381 3896 ir
397 3859 420 3890 st
431 3837 525 3907 pinum
539 3863 545 3893 =
560 3846 651 3896 Fanum
662 3851 789 3920 pernicio·
832 3863 887 3904 tres.
900 3849 1068 3904 Discordiam
1079 3851 1170 3924 posuit
1180 3865 1230 3919 pro
1243 3849 1323 3900 ereti-

288 3939 360 3985 sttnt,
374 3919 444 3992 quod
457 3939 532 3972 tremo
542 3923 618 3996 fupt't
628 3929 786 3982 monalium.
833 3933 877 3983 tia.
888 3929 968 3999 Quod
981 3929 1127 3983 dissideent
1138 3927 1246 3990 fratres,
1257 3945 1322 3998 sepe

324 4001 384 4071 492.
405 4001 515 4073 Sulp'ecit
527 4005 639 4074 pedibus.
658 4006 786 4062 Calcavit.
831 4011 858 4061 in
878 4011 958 4082 culpo
975 4023 1015 4063 est
1032 4007 1149 4061 habendi
1168 4025 1256 4072 antor,
1270 4023 1321 4056 non

288 4083 358 4148 Quia
382 4082 558 4157 Philosophiae
587 4090 736 4160 cognitione
761 4105 787 4143 et
832 4107 892 4140 raro
911 4102 999 4142 tamen
1018 4087 1127 4142 ambitio
1143 4084 1321 4141 exitiosedis·
