2970 4714
609 340 792 406 CULEX.
1185 340 1225 412 55

178 466 309 534 desidet
319 465 381 534 hac
389 465 654 558 juvenie‚eociat
666 487 766 554 quem
778 463 1020 553 gloria‚iortie,
1180 480 1227 530 tuo

178 577 277 654 Acer,
290 574 495 654 inexcuaeus,
509 571 656 638 referent
668 594 687 636 a
699 569 839 636 navibus
851 571 944 660 ignea

177 680 337 770 Argolicis
349 677 508 770 Phrygios
521 695 613 744 torva
625 677 755 742 feritate
768 676 929 766 repulsos.

178 787 295 878 Oquie
307 809 375 852 non
387 787 509 852 referat
521 783 592 850 talis
605 783 746 850 divortia
757 783 852 864 belli,

177 893 259 976 Quae
271 893 379 984 Trojae
391 891 505 959 videre
518 891 593 971 viri,
607 890 789 980 videreque
801 888 907 955 Graii!

178 995 320 1064 Teucria
332 1021 437 1090 quum
448 1019 569 1087 magno
581 1013 729 1062 manaret
741 996 900 1084 sanguine
912 993 1024 1078 tellus,
1182 1011 1227 1062 305
1287 982 1290 999 ⁴

176 1105 219 1172 Et
230 1103 362 1186 Simois,
375 1103 566 1194 Xanthique
579 1103 705 1194 liquor,
718 1103 879 1192 Sigeaque
891 1117 1014 1191 praeter

112 1263 116 1273 ’
178 1283 225 1338 que
232 1289 303 1337 qmm
310 1272 478 1336 amplectamur
486 1288 492 1317 ε
501 1271 586 1335 quidni
597 1274 659 1319 enim
667 1271 768 1318 llcsione
776 1269 840 1317 hello
847 1281 914 1335 eapts
923 1269 1000 1316 minus
1011 1284 1076 1318 serua
1087 1271 1134 1318 dici
1143 1275 1229 1335 potuit,

178 1359 248 1408 qusm
255 1347 376 1392 Tecmesss
386 1343 478 1406 Ajaeisi
488 1355 512 1388 et
524 1343 584 1390 hene
595 1345 708 1406 opposita
719 1356 774 1389 sunt
784 1343 864 1388 Nereis
876 1353 899 1388 et
913 1357 993 1388 servu
1005 1341 1095 1390 diversa
1107 1357 1133 1390 ut
1143 1345 1172 1390 sit
1180 1345 1230 1390 Te·

178 1415 277 1463 latronis
288 1427 312 1464 et
323 1416 387 1462 Pelei
402 1415 503 1462 fortuna.
516 1414 601 1462 Maluit
612 1427 690 1462 tamen
702 1413 804 1476 Scaliger
815 1411 934 1460 retrahere
946 1415 1085 1477 pristinum:
1098 1416 1129 1461 tt.
1142 1432 1162 1462 r.
1169 1415 1230 1478 feri·

177 1495 226 1543 tas,
237 1499 262 1532 ιιι
271 1489 300 1534 sit
311 1489 399 1544 virtus,
409 1481 479 1548 impis
493 1487 623 1533 Homerica.
632 1488 664 1531 tt.
673 1503 692 1531 r.
698 1485 791 1549 finum
801 1500 843 1531 ms.
857 1483 953 1531 llelmst.
966 1485 1045 1532 Peter.
1059 1498 1082 1534 et
1091 1486 1227 1550 Voss-serit.

177 1565 220 1602 ιιι.
229 1557 297 1601 Hunc
305 1559 364 1620 repit
371 1557 468 1603 Heriem
475 1555 596 1602 substituit
604 1557 684 1602 lleins.
693 1558 745 1602 Pari
751 1558 805 1617 jure
815 1555 956 1601 substituas:
970 1555 1038 1600 Hosne
1047 1559 1105 1619 cepit
1111 1555 1213 1604 aarum
1219 1575 1229 1614 ,·

177 1625 243 1672 illum
255 1629 301 1683 Ν.,·
318 1639 342 1675 et
354 1627 400 1674 hoc
413 1627 534 1674 substituit
549 1642 646 1691 quoque
660 1628 697 1673 Jo.
710 1624 832 1672 Schrader.
845 1624 976 1672 Emendate.
989 1641 1013 1690 p.
1030 1625 1059 1682 sd
1071 1627 1139 1674 Hunc
1155 1631 1231 1692 mput't

177 1697 293 1755 Μυκη
310 1712 392 1764 estque
410 1697 470 1746 illud
489 1701 587 1762 propius
602 1697 632 1744 sd
651 1697 771 1745 literarum
790 1697 887 1744 ductum
901 1699 926 1743 in
943 1697 1013 1744 codd.
1025 1697 1119 1746 -Ilom
1135 1701 1231 1762 Ajacem

176 1761 302 1818 memori-i
311 1771 459 1819 manifestum
472 1781 513 1816 est.
526 1767 630 1817 Achilles
640 1784 687 1816 non
700 1771 806 1833 sequitur
815 1771 860 1815 nisi
871 1787 893 1816 v.
910 1767 963 1816 320.
975 1770 1006 1815 A.
1018 1785 1045 1816 ec
1056 1774 1075 1834 1'·
1089 1781 1145 1820 vett.
1158 1771 1230 1830 edd,

176 1841 262 1889 Aldina
278 1859 386 1908 quoque,
403 1858 426 1890 et
442 1845 512 1889 corut
529 1851 550 1888 to
566 1841 639 1908 plores
650 1847 728 1898 soru's,
744 1854 767 1888 et
784 1843 877 1888 Ascens.
888 1855 917 1885 ac
925 1843 945 1902 j.
962 1843 1052 1887 soclutoe
1060 1840 1133 1908 qlort'o
1148 1847 1230 1898 sonu,-

177 1913 242 1978 quod
254 1907 356 1976 Scaligei
365 1915 485 1979 probavit,
497 1926 521 1960 ut
533 1927 609 1961 esset:
622 1913 715 1960 desiliet
724 1913 765 1959 lmc
769 1915 873 1978 juvenis,
883 1915 973 1958 sociate
980 1911 1052 1978 qloria
1063 1917 1142 1972 sortis,
1155 1913 1230 1972 Alter,

176 1997 204 2032 ιιι
216 1987 258 2043 sit,
270 2000 344 2049 puto,
357 2003 407 2034 sors
417 1990 517 2043 secieto,
530 2000 651 2034 consessus
662 1983 760 2033 heroum
773 1988 798 2031 iu
807 1984 890 2049 Elysiis
901 1983 973 2044 modo
984 1999 1133 2032 memoratus.
1144 1987 1178 2034 lta
1194 1998 1230 2033 ts-

176 2070 231 2102 men
244 2054 328 2104 melius
337 2057 476 2120 procederet
487 2059 615 2112 sententia,
625 2057 645 2102 si
656 2055 789 2119 legeretur:
799 2055 894 2100 Assidct
903 2052 937 2100 his
941 2057 1052 2118 juvenum
1061 2059 1150 2102 rocthtoe
1158 2055 1230 2122 pieria

174 2131 258 2174 sortis:
272 2126 351 2184 Alter,
362 2143 394 2176 sc.
413 2130 482 2191 Ajas,
495 2127 518 2174 h.
533 2127 619 2175 assidet
630 2143 673 2192 per
680 2129 795 2191 juvenum
807 2125 890 2190 aquali
902 2125 976 2182 lemn
988 2139 1014 2171 ut
1029 2129 1073 2174 sit:
1083 2126 1155 2194 phiris
1161 2132 1229 2192 juve·

175 2213 246 2254 num,
259 2194 359 2262 juvenes
374 2197 483 2260 glorioti,
499 2197 572 2262 gloria
590 2195 711 2244 cumulati.
724 2197 832 2244 Berthius
849 2197 913 2252 Xlll,
927 2210 956 2242 ao
969 2193 1069 2242 malebat
1080 2213 1086 2242 ι
1099 2198 1191 2245 Assidet
1205 2207 1231 2248 at

171 2270 278 2333 juvent's,
289 2271 361 2316 recht
372 2283 440 2333 quem
449 2267 523 2334 qlors‘a
532 2272 595 2314 torti.
605 2272 676 2316 societ
686 2283 754 2334 quem
765 2270 844 2314 Peter.
859 2281 967 2332 quoque,
984 2279 1007 2312 et
1023 2269 1090 2314 sortis
1103 2269 1165 2316 idem
1177 2283 1232 2316 cum

176 2337 268 2386 ‘lhurn
279 2341 358 2386 lleins.
369 2339 464 2386 emend.
475 2340 569 2386 deridet
578 2339 734 2406 ltustcjuveus'r
742 2341 833 2386 societte
842 2337 916 2404 qlort'tt
924 2339 999 2384 sortis.
1012 2339 1046 2384 lta
1059 2351 1135 2385 temen
1147 2343 1232 2386 socthttt

177 2425 227 2456 sors
235 2426 288 2458 cum
299 2409 371 2458 Peleo
381 2423 404 2458 et
410 2411 537 2458 Telamone
548 2414 586 2458 vis
594 2427 643 2460 ecce
653 2424 737 2476 petest.
747 2437 779 2447 —
788 2411 841 2458 301.
854 2409 908 2456 302.
921 2412 1053 2458 hoexcusrus
1062 2413 1131 2458 etiam
1142 2428 1154 2458 e
1165 2413 1231 2458 Beru-

177 2479 235 2526 hine
246 2480 342 2536 cedice;
356 2483 459 2544 accipio,
474 2495 500 2528 ιιι
509 2484 539 2529 sit
548 2485 732 2546 imperterritus,
747 2484 789 2546 qui
801 2483 885 2528 mentis
897 2493 958 2528 statu
970 2497 1018 2528 non
1031 2483 1153 2528 excutitur.
1166 2484 1230 2530 Vett.

177 2549 232 2598 edd.
245 2551 475 2599 Alterinereessum.
487 2553 571 2602 Aldina
582 2572 588 2602 :
601 2559 624 2601 in
635 2553 763 2612 excelsum,
774 2567 798 2602 et
808 2551 920 2616 scaligeri
932 2552 985 2599 duae
996 2553 1150 2600 memhrsnsr:
1163 2551 1230 2600 Alter

177 2626 202 2668 s'st
212 2627 324 2671 excissum
333 2627 341 2684 (
349 2624 395 2672 hec
403 2627 472 2672 etism
480 2628 505 2672 in
514 2628 592 2674 Peter.
605 2639 628 2675 et
639 2629 705 2674 Voss.
715 2629 723 2686 l
734 2640 757 2673 et
767 2629 790 2672 in
798 2626 923 2682 excidium,
933 2623 999 2688 quod
1008 2638 1031 2672 et
1043 2626 1067 2670 in
1077 2639 1119 2672 ms.
1132 2625 1228 2672 llelmst.

177 2708 239 2743 erat:
252 2696 315 2744 unde
325 2695 365 2744 ille
375 2697 431 2744 lecit
440 2714 446 2744 :
456 2700 479 2744 in
488 2713 586 2746 excursu
596 2717 615 2746 r.
629 2699 708 2746 lleins.
719 2701 781 2762 conj.
792 2699 901 2744 inexusu's
910 2695 1011 2744 northus.
1021 2696 1120 2760 referens
1128 2695 1231 2762 repulsos

177 2777 262 2828 estpro
271 2763 390 2829 repellens
399 2767 645 2834 incendias'lrojsnis
658 2767 722 2816 illata
735 2767 810 2815 classi.
821 2766 889 2814 llied.
903 2783 925 2827 μ
936 2782 987 2830 sqq.
998 2765 1140 2832 Firmium...
1153 2765 1231 2830 repul·

176 2849 217 2881 sus
231 2835 285 2882 edd.
307 2837 396 2884 llshric.
414 2837 441 2883 P.
457 2838 522 2886 turba
530 2839 665 2902 frenumnte
678 2857 697 2885 r.
712 2854 756 2886 ms.
772 2837 881 2894 llcl'tnst.,
895 2836 1043 2899 interpolate.
1062 2835 1128 2882 turha
1135 2836 1230 2900 feritate

178 2905 274 2970 rescisos
286 2909 364 2957 Petsv.
378 2921 402 2955 ct
413 2909 480 2957 Voss.
490 2935 521 2948 -
531 2911 585 2959 303.
597 2913 618 2958 0
629 2913 735 2976 quismm
746 2926 788 2958 ms.
801 2907 898 2956 llelmst.
912 2907 954 2954 tati·
963 2909 1064 2956 devortier
1075 2906 1138 2954 heils's
1150 2909 1228 2955 Peter.

177 2989 201 3023 et
213 2979 278 3026 Voss.
291 3004 322 3015 —
334 2979 387 3036 dod.
408 2983 482 3046 ijo
497 2986 556 3028 oiri:
575 2982 658 3031 saltem
679 2986 761 3040 Troes,
775 2995 815 3028 aut
829 2983 921 3045 potius:
938 2980 994 3040 Quoe
1008 2981 1077 3026 Trou
1088 2979 1174 3035 uidere,
1188 2983 1232 3025 viri

176 3047 295 3114 videreque
306 3051 378 3096 Graii.
392 3053 430 3098 Sic
442 3053 507 3100 Gmit'
517 3057 561 3100 uti-i
571 3055 634 3116 spud
644 3054 764 3102 Ovidium.
777 3054 857 3100 licius.
871 3051 995 3116 Troesscn'
1005 3049 1042 3098 vel
1057 3052 1131 3113 ijo·
1142 3049 1230 3096 subiere

178 3121 228 3164 vt'n'·
239 3145 269 3155 -
278 3121 331 3170 305.
342 3137 459 3186 seeptro...-
468 3139 495 3170 se
525 3128 590 3180 utite3
599 3141 647 3172 uon
657 3125 740 3172 dubito
750 3125 832 3179 luisse.
845 3121 924 3169 multo.
936 3123 975 3168 Est
984 3123 1046 3168 enim
1057 3119 1106 3165 haec
1116 3132 1231 3182 perpetue

179 3193 278 3236 mutatio
290 3195 408 3252 exprimis
419 3141 594 3242 suumXihulh
605 3196 711 3244 versihus
720 3209 782 3243 nota.
795 3195 861 3240 Vidit
868 3208 963 3256 quoquc
970 3193 1007 3238 lo.
1017 3189 1140 3237 Schrader.
1152 3202 1174 3237 et
1183 3189 1230 3237 lete

178 3257 279 3308 illustrat
291 3262 422 3309 Emendstt.
437 3279 490 3328 ptfl·
512 3278 550 3312 st.
562 3267 657 3313 -306.
677 3269 754 3333 Siqeu,
771 3281 820 3312 non
838 3266 918 3330 St'qoee.
935 3265 974 3310 Est
984 3259 1011 3309 ci
1027 3257 1124 3334 Elysias.
1138 3270 1231 3324 prepter

213 3397 274 3452 303.
288 3399 400 3454 diuortia
417 3401 501 3466 helli,·
519 3404 592 3475 quod
612 3407 681 3459 inter
726 3419 771 3458 ta.-
784 3405 836 3456 uisi
852 3414 910 3456 tota
927 3401 983 3454 herc
999 3399 1173 3452 latiniacum
1189 3411 1229 3451 tot

177 3477 297 3534 diversos
307 3481 362 3536 duo
372 3485 488 3556 populos
498 3487 607 3558 geritur,
618 3504 682 3558 que·
726 3485 784 3538 aliis
805 3493 895 3536 astuta
911 3493 950 3535 est
968 3480 1003 3532 ab
1022 3477 1083 3530 alio.
1104 3477 1231 3550 Cogitan-

177 3565 200 3616 si
216 3563 251 3616 ad
270 3565 324 3618 duo
344 3565 505 3622 divertitur:
522 3581 552 3620 ut
568 3568 681 3620 divortia
726 3562 789 3615 dum
803 3575 891 3615 autern
903 3561 936 3614 de
951 3557 1099 3626 τιιχιμιχίᾳ
1110 3557 1187 3611 Iliad.
1199 3569 1228 3610 Ν.

177 3643 299 3705 viarum,
326 3665 481 3718 aquarum
502 3662 528 3700 et
550 3667 582 3701 ex
598 3648 681 3700 altera
726 3647 754 3695 in
767 3662 821 3715 qua
839 3643 904 3712 Ajas
922 3639 1094 3694 Telamonius
1111 3640 1199 3711 ignem
1214 3658 1230 3690 a

177 3737 254 3794 parte
270 3727 408 3794 similiter,
426 3729 516 3800 jurpia
535 3727 613 3794 belli,
631 3729 682 3780 dir·
726 3726 811 3777 claese
831 3722 999 3796 propulsavit
1021 3735 1067 3790 107
1086 3737 1141 3790 seq.
1161 3715 1231 3771 Turn

177 3804 267 3854 cordia
276 3823 384 3879 peyne,
396 3805 449 3859 dici
460 3808 555 3860 solent.
567 3808 681 3880 Elegnns
727 3805 794 3858 alter
805 3803 927 3856 AEecidee
936 3839 944 3869 ,
953 3819 1022 3854 vers.
1037 3801 1088 3853 dna
1098 3797 1230 3863 Achilles,

178 3883 328 3951 translatio,
336 3905 415 3958 quam
424 3890 515 3941 nescio
525 3907 588 3941 num
598 3889 682 3941 aliun·
728 3889 870 3940 Hectorem
883 3885 1025 3937 interemit.

176 3963 211 4016 de
222 3969 356 4038 acceperit
368 3981 456 4039 poeta.
474 3969 537 4020 Mox
549 3969 601 4038 304
613 3971 679 4022 lacit
758 3967 818 4022 ³06.
832 3966 963 4040 Siqeaqut
971 3973 1082 4036 preter,
1103 3971 1180 4022 ³⁰¹0,
1198 3955 1230 4010 1¹¹·

177 4045 273 4096 iterum
292 4047 320 4097 in
339 4045 503 4119 digressione
522 4068 619 4101 novam
639 4047 680 4100 di·
725 4059 780 4100 tora
792 4065 873 4120 quum
887 4045 974 4096 videre
984 4041 1118 4112 supplcest
1128 4057 1165 4089 vs.
1177 4035 1230 4104 304

177 4126 339 4193 gressionem
352 4125 384 4178 de
398 4125 470 4178 hello
486 4129 603 4198 Trojano
615 4145 681 4200 poe·
727 4127 805 4179 Troes
818 4125 881 4197 (pro
890 4121 988 4192 Trojtr)
1004 4120 1090 4172 viriet
1104 4117 1188 4172 Graii.
