2998 4670
361 403 412 470 ΙΝ
435 395 821 467 GEORGIGORUM
844 397 937 462 Llss.
961 399 1034 464 Ill.
1151 401 1214 484 543

176 533 278 592 simus
285 548 357 610 erga
367 529 537 588 Heronem.
548 524 607 583 llic
617 533 712 582 noctu
722 517 960 602 Hellespontum
970 523 1217 603 transmittebat,

181 641 244 702 quo
257 617 411 678 frueretur
422 617 486 675 suis
499 611 633 684 deliciis3
646 629 746 688 neque
761 605 977 668 retardabatur
988 625 1115 674 tonante
1127 613 1218 692 casio,

179 707 423 781 marisfreruitu,
434 702 767 784 lacrymispareutum‚
778 709 877 756 morte
888 697 1030 774 licronis,
1041 723 1217 785 qirampro-

179 795 231 856 cul
242 795 340 854 dubio
350 795 466 854 sciebat
476 792 674 862 morituram,
686 789 712 846 si
724 787 800 867 quid
810 783 870 846 sibi
881 785 1000 847 adversi
1014 789 1173 852 accidisset
1184 795 1217 853 in

181 895 245 942 tam
260 880 330 942 diro
342 882 435 941 freto.

220 966 286 1043 264.
300 969 469 1050 Conjungit
483 968 517 1026 ia
529 985 628 1025 unum
643 965 775 1043 Lynces,
791 960 899 1043 lupos,
913 981 1018 1038 canes,
1030 983 1150 1044 cervos,
1164 971 1219 1052 qui

93 1131 96 1136 Ι
179 1077 304 1131 omnes,
319 1077 415 1138 quum
432 1067 553 1129 amant,
565 1053 676 1112 furiosi
688 1064 770 1111 sunt.

221 1143 288 1205 266.
301 1144 477 1226 ¹Reliquum
499 1159 689 1216 sermonem,
711 1141 766 1221 qui
787 1141 859 1200 satis
880 1138 1009 1220 longus,
1034 1141 1165 1202 insumit
1184 1145 1218 1205 in

180 1255 331 1315 equarum
342 1253 465 1308 amore,
478 1234 579 1290 verius
594 1229 696 1304 dicas,
711 1227 816 1288 furore
830 1227 1015 1290 enarrando.
1029 1231 1157 1291 Initium
1167 1229 1219 1292 fu-

173 1325 251 1384 riosi
262 1323 379 1382 amoris
389 1321 428 1380 ud
441 1319 581 1380 fabulam
592 1318 718 1399 conjicit
729 1342 736 1377 :
748 1319 864 1400 sprevit
876 1318 1013 1380 Glaucus
1026 1339 1112 1381 socru
1121 1321 1220 1382 Vene-

178 1412 237 1482 ris3
253 1411 330 1469 irata
346 1413 409 1470 Dea
424 1429 519 1490 equas
536 1410 707 1471 concitavit
723 1410 757 1467 in
776 1406 946 1483 Glaucum,
971 1407 1084 1486 quibus
1105 1409 1220 1489 ipsein

121 1490 132 1502 ⁸
179 1515 272 1555 curru
290 1496 450 1568 utebatur;
470 1494 531 1556 illae
550 1497 656 1576 itaque
670 1495 758 1574 juxto
776 1494 884 1555 urbem
901 1497 1047 1554 Potniam
1066 1494 1220 1557 Glaucum

179 1581 334 1642 morsibus
349 1583 555 1644 laniaverunt.
569 1585 651 1643 Hinc
664 1603 752 1664 equae
764 1584 957 1644 contendunt
971 1583 1009 1643 ud
1024 1604 1123 1666 equos
1135 1600 1220 1646 trans

178 1668 331 1750 Gargara3
352 1668 422 1730 ideo
439 1673 496 1748 ait,
515 1685 653 1753 superant
671 1686 798 1731 montes:
820 1670 1015 1732 contendunt
1032 1671 1115 1733 ultra
1130 1679 1221 1734 Asca·

179 1867 208 1918 in
221 1885 310 1921 amore
320 1873 429 1923 moveri.
439 1871 542 1926 Fabula
551 1873 611 1925 talis
621 1886 676 1926 cst:
721 1873 797 1941 vm,
812 1872 854 1926 50.
870 1875 941 1926 Loco
955 1873 1070 1948 vulgaris
1083 1892 1154 1947 qum,
1169 1874 1220 1928 lec·

178 1946 300 2000 leander
309 1949 452 2022 Abydenus
464 1967 490 2006 et
500 1955 571 2007 llero
581 1955 678 2008 Sestias
723 1954 822 2006 tionem
829 1953 938 2026 quique,
948 1965 978 2006 ut
985 1953 1173 2026 elegantiorem
1181 1973 1221 2008 re·

179 2026 288 2078 fuerunt
305 2030 418 2085 invicem
437 2050 465 2086 se
482 2046 609 2090 amantes.
627 2032 679 2089 Sed
722 2034 791 2103 cepi.
804 2032 836 2087 V.
849 2033 881 2085 G.

179 2103 301 2166 Leflndex
317 2108 352 2162 ed
372 2111 505 2164 Heronem
527 2125 620 2166 natatu
641 2114 679 2164 irs
759 2111 819 2164 266.
830 2113 913 2164 Furor
924 2111 1038 2184 insinuit.
1052 2111 1185 2167 Notabilis
1197 2127 1223 2166 et

179 2201 375 2253 consueverat3
393 2211 442 2262 per
460 2194 558 2244 fretum
577 2193 679 2246 llelles-
725 2192 882 2260 precipuus.
903 2191 973 2242 Serv.
989 2191 1124 2242 *Furor
1143 2211 1223 2264 equa-

118 2309 122 2314 ,
179 2269 333 2338 ponticum
346 2271 419 2340 quod
428 2271 522 2324 Seston
532 2285 558 2322 et
567 2271 680 2342 Abydon
725 2287 791 2320 mm.
808 2270 885 2320 Hunc
904 2269 1022 2320 furorem
1041 2268 1220 2324 adverterem

178 2346 300 2398 civitates
309 2347 443 2402 interfluit.
456 2349 544 2416 Quum
555 2351 680 2420 igitnnjn-
725 2349 753 2398 in
771 2349 845 2416 equis
859 2346 944 2398 Greeoi
960 2346 1052 2411 dicunt
1066 2341 1219 2411 irrepentis:

177 2423 252 2474 renis
265 2428 387 2495 oppressi
396 2439 553 2498 tempestate
564 2427 679 2480 cadaver
723 2425 874 2476 inconibus
893 2424 979 2491 essct·
995 2445 1000 2474 :
1018 2425 1045 2474 in
1064 2423 1156 2476 suibus
1174 2447 1221 2476 sn-

180 2500 216 2551 sd
231 2501 348 2572 puellam
367 2504 485 2558 delatum
504 2505 614 2570 fuisset,
632 2505 678 2556 ille
722 2505 791 2573 ηιᾷι
802 2525 807 2554 :
818 2504 850 2554 iu¹
860 2504 943 2556 tauris
954 2500 1051 2570 ’τιυμᾷι
1063 2523 1068 2552 :
1082 2503 1110 2553 in
1122 2501 1179 2569 his,
1195 2517 1221 2556 et

179 2585 405 2654 seuprarcipituvit
427 2605 442 2637 e
461 2586 536 2638 turri.
558 2585 627 2641 Serv.
643 2612 679 2622 -
723 2583 831 2654 reliquis
843 2581 922 2651 ἆῃᾷν.

87 2721 93 2734 ἢ
183 2661 679 2738 Vemtinotsibusiqnem.Catul.19nis
760 2662 1220 2735 267.EtmentemVenusipsadedit.

180 2739 301 2804 mollibus
311 2743 383 2796 ernist
394 2743 421 2796 in
432 2744 561 2806 medullis.
723 2745 838 2796 Mentem
851 2743 926 2808 dare,
945 2743 1061 2816 injicere,
1076 2743 1165 2798 Gracc
1181 2746 1223 2810 ἱμ-

218 2821 276 2876 263.
288 2823 489 2896 Cnsdslifunere
499 2825 628 2897 virgulta
637 2823 680 2877 hie
724 2822 824 2885 (meir,
836 2823 935 2889 memb
947 2823 1009 2886 mir,
1022 2821 1118 2887 biems,
1131 2838 1171 2880 est
1179 2843 1223 2877 ex-

181 2900 269 2972 viryo,
282 2903 506 2972 quemadmodum
517 2903 554 2956 ibi
565 2903 597 2958 de
610 2905 682 2956 Pasi-
724 2905 802 2956 citare
816 2905 968 2957 desiderium
985 2904 1013 2955 in
1027 2917 1128 2976 pectem
1142 2905 1223 2958 alicu-

180 2978 319 3049 pbae:Ab
333 2983 404 3054 uis-90
413 2981 515 3054 infelix.
525 2981 682 3054 Philarffi—
718 2989 765 3058 jus
776 3007 785 3046 ,·
804 2983 837 3038 dc
859 2985 911 3036 huo
934 2985 1069 3038 locutione
1092 2984 1222 3038 ridendus

179 3060 310 3110 Meritum
326 3079 408 3131 nepes.
427 3063 461 3112 Ut
476 3061 542 3114 vidit
559 3063 585 3116 in
603 3064 681 3116 litore
725 3065 794 3116 Petr.
808 3065 908 3116 Victor.
922 3065 950 3114 in
962 3065 1024 3116 tar.
1041 3063 1101 3120 leot.
1114 3064 1178 3126 vll,
1197 3064 1222 3118 5.

181 3139 338 3190 exstinctum
348 3138 498 3194 Leandrum
507 3158 586 3192 suum
597 3143 680 3206 Hero,
726 3145 814 3194 Emm.
824 3171 860 3182 -
871 3141 972 3194 Glauci.
987 3140 1103 3195 Glaucus
1119 3140 1224 3213 Sisyphi

181 3231 226 3284 ut,
243 3219 316 3270 canit
334 3220 448 3282 Musaeus
465 3221 492 3270 in
510 3219 561 3272 fine
579 3219 680 3273 libelli:
727 3220 805 3284 filius,
816 3237 898 3290 quum
906 3219 940 3272 ad
948 3220 1081 3270 mimicum
1090 3231 1224 3274 certamen

181 3293 224 3350 ἀπ’
237 3293 349 3357 inemo
363 3295 420 3350 niet
434 3293 525 3364 πύργον
547 3297 621 3348 satr'
639 3297 684 3367 ipsi
728 3298 883 3372 quadrigam
901 3297 1025 3363 duceret,
1044 3297 1173 3368 adplicuit
1189 3301 1224 3354 ad

180 3372 270 3430 nidmu
283 3399 322 3430 sm
334 3375 449 3446 insanire
463 3377 605 3446 ‘repentina
621 3379 680 3432 Em.
726 3379 814 3429 vicum
825 3377 946 3442 Boeotiae,
956 3387 983 3428 et
994 3394 1076 3448 equas
1086 3390 1179 3447 potum
1189 3379 1224 3432 ad

215 3457 278 3516 265.
291 3457 410 3511 Inbelles.
424 3459 496 3510 Licet
506 3456 629 3522 inbelles,
643 3469 682 3508 ta·
727 3457 828 3507 iontem
851 3471 956 3508 ssorum
977 3473 1025 3525 per
1042 3455 1225 3528 ¹ignoruntium

182 3555 244 3596 men
258 3551 398 3594 moventur
413 3540 440 3593 ia
454 3557 580 3612 pugnam.
596 3539 682 3590 Natu·
727 3534 818 3600 duxit,
834 3533 966 3605 undequi
982 3533 1125 3606 bibissent,
1140 3539 1167 3590 in
1186 3540 1227 3592 fu-

183 3635 241 3673 ram
263 3618 320 3691 ejus
350 3635 463 3687 pronam
490 3617 523 3670 ad
546 3616 683 3670 libidinem
727 3633 816 3667 rorem
833 3615 875 3686 agi
891 3614 1021 3668 solebant.
1041 3616 1134 3687 ltaque
1153 3617 1228 3673 illum

168 3697 356 3774 ‚operitlrist
368 3698 434 3748 llist.
445 3695 531 3748 sinim.
544 3697 565 3763 l,
576 3713 617 3766 29,
627 3715 685 3748 cer·
729 3713 804 3766 equse
812 3695 904 3748 furore
914 3696 1063 3767 exagitante
1070 3697 1096 3748 in
1105 3699 1163 3769 ipso
1172 3718 1227 3752 cer·

184 3795 247 3830 vum
261 3793 377 3841 nocens,
391 3775 489 3828 animai
506 3773 573 3842 φύσει
585 3773 683 3842 stenar,
730 3776 828 3828 tamine
841 3793 921 3828 curru
934 3776 1078 3840 effudisse,
1092 3797 1123 3830 ae
1133 3781 1227 3832 morsi-

185 3868 282 3910 παίωνι
301 3857 473 3920 libidinosum.
493 3885 529 3898 --
548 3855 625 3910 Cerri
650 3856 685 3910 ad
729 3853 1178 3928 buslaniassediouuturffllsilasy.

185 3939 374 4007 aequinoctium
389 3955 500 3990 veroum
515 3949 627 4000 coeunt;
646 3939 684 3989 fe·
766 3934 825 4004 269.
836 3936 918 3987 Trans
929 3937 1052 4008 Geryone,
1063 3947 1181 4008 transque
1190 3955 1227 3990 so·

186 4017 263 4068 minoe
278 4017 639 4089 marsuposteaiugiuntzat
652 4015 681 4068 hi
728 4023 835 4065 nentem
861 4013 1010 4066 Ascanium.
1035 4016 1150 4086 Garqara
1175 4035 1224 4085 pro

188 4110 242 4164 praa
252 4093 362 4152 libidine
374 4110 471 4152 terram
482 4095 602 4162 fodiunt,
614 4095 681 4148 Plin.
729 4092 892 4167 quibuslibet
903 4093 1051 4162 montibus,
1067 4095 1135 4146 sicut
1147 4093 1225 4148 Asce-
