3000 4674
514 405 565 470 ru
589 403 839 471 renouant
862 405 925 470 vr.
1179 407 1242 498 295

237 523 284 584 23.
296 525 373 592 Risit
385 525 509 603 dolum,
531 549 595 610 quo
610 543 718 610 captus
732 537 777 588 est
792 528 823 587 in
839 547 969 588 somno:
985 541 1017 588 et
1031 529 1092 590 ait:
1114 549 1177 612 quo
1192 551 1242 592 me

196 611 334 676 nectitis:
356 615 479 691 solvite3
498 619 574 678 satis
593 615 644 690 ht,
662 637 726 691 me,
748 619 802 698 qui
821 617 907 678 Deus
926 638 1011 694 sum,
1032 639 1051 678 a
1069 620 1159 681 vohis
1177 641 1243 682 esse

189 698 300 764 -visurn
312 725 319 760 :
333 725 398 767 non
410 726 468 767 nos
481 704 625 780 latuisse,
645 719 681 764 ut
693 703 798 764 solco:
814 707 881 766 scio
894 705 971 787 quid
986 705 1095 783 vultis,
1109 708 1244 768 audietis

197 790 353 867 carmina,
371 813 427 852 vos
441 795 548 875 pueri:
568 813 642 854 nam
658 790 732 854 huic
749 791 835 853 aliud
848 793 906 876 erit
923 793 1087 870 mercedis,
1103 797 1245 858 insinuat

197 873 275 952 quid
297 877 492 960 impudicum
514 879 553 942 ad
576 883 674 942 visam
686 879 817 964 AEglen:
840 882 889 942 vix
904 878 1124 959 herodianas,
1145 905 1244 966 quum

198 967 304 1025 statim
320 968 441 1052 incipit.

238 1071 286 1136 ²7·
307 1056 473 1121 Ludehant
498 1057 719 1144 saltabantque
741 1057 781 1120 ad
800 1079 967 1123 numerum
985 1059 1101 1138 Fauni,
1119 1082 1155 1128 ac
1173 1061 1246 1124 ieros

0 1117 3 1126 ,
104 1139 107 1144 ’
197 1139 288 1222 ipsae3
300 1166 433 1228 quercus
444 1149 609 1210 motabant
621 1151 743 1231 apicem
753 1163 817 1210 tarn
829 1147 945 1210 blanda
956 1149 1112 1210 cantilena
1122 1149 1246 1226 illectae,

197 1230 314 1310 gaudio
327 1239 433 1296 omnia
447 1237 581 1298 ubertim
593 1235 834 1298 redundabant:
847 1257 911 1298 non
925 1237 967 1300 ita
981 1251 1114 1300 canente
1126 1237 1246 1300 Phoeho

198 1315 370 1386 Parnassus
385 1323 584 1386 letabundus
600 1324 752 1388 exsultat:
769 1346 835 1402 non
849 1326 892 1386 ita
906 1338 1069 1388 canentem
1083 1324 1247 1408 Orpheum

199 1408 247 1465 sui
267 1425 389 1474 montes
407 1411 561 1497 Rhodope
578 1428 610 1476 et
627 1416 762 1476 Ismarus
780 1413 991 1492 demirantur,
1008 1429 1161 1498 quonum
1180 1419 1247 1497 agri

197 1491 261 1570 illi,
274 1515 410 1577 montes,
422 1502 516 1585 sylvae
528 1503 682 1585 gaudent,
694 1519 821 1588 stupent
834 1503 874 1566 ad
888 1518 1016 1568 cantum
1031 1503 1138 1566 Sileni.

238 1580 286 1644 δι.
299 1585 383 1662 Quid
392 1609 457 1650 non
465 1592 531 1672 agri
542 1590 729 1672 gauderent,
740 1591 816 1675 qrtid
825 1613 890 1654 non
903 1591 1111 1676 stupereutad
1120 1603 1247 1652 cautum

198 1665 312 1734 Sileni?
322 1689 460 1740 ceterum
472 1679 512 1742 ad
524 1677 766 1764 explicationem
780 1696 920 1765 quatuor
930 1701 1079 1744 versuum
1090 1683 1247 1764 praemitto

235 1876 698 1962 dulcamenonapua
743 1907 822 1962 quaa
847 1891 884 1944 aa
904 1889 1066 1943 tuocum:
1087 1885 1129 1940 ra
1150 1883 1247 1952 saon,

199 1969 293 2010 versut
312 1977 373 2023 eunt
393 1983 493 2020 carons
512 1967 590 2041 ligari
608 1987 697 2040 posse.
744 1981 811 2022 ten-a
821 2007 831 2035 ‚
850 1981 931 2043 atque
946 1968 1038 2023 anm
1059 1975 1204 2023 mantnt
1222 1975 1248 2018 et

199 2063 234 2076 ·-
244 2037 313 2094 Satis
321 2053 358 2098 est
365 2045 480 2116 potuim
489 2047 579 2100 videri.
594 2048 699 2116 Sufficit
744 2049 809 2122 iqui.
823 2049 947 2120 Epicurei
957 2065 1035 2114 vere,
1048 2062 1116 2116 quos
1128 2049 1200 2098 nuuc
1210 2055 1249 2096 aa·

198 2117 282 2184 mim,
294 2119 357 2190 quia
367 2127 444 2194 potui
455 2127 570 2193 euobis,
580 2131 627 2200 qui
636 2131 699 2184 estis
747 2131 854 2202 quitur,
865 2129 932 2182 nihil
944 2127 1040 2182 horum
1053 2124 1246 2198 comprohaats

198 2191 337 2266 homines,
352 2202 444 2256 videri.
457 2205 539 2274 Quod
551 2206 613 2260 ideo
625 2207 701 2275 dicit,
745 2208 793 2264 sed
805 2208 900 2262 dicunt
912 2206 966 2262 duo
977 2225 1036 2260 esse
1048 2223 1135 2260 rerum
1148 2204 1249 2276 princi·

200 2277 265 2346 quia
276 2275 362 2345 tntu}
370 2320 380 2348 ,
393 2302 476 2355 quum
490 2285 583 2354 volunt
597 2299 700 2340 tantum
744 2291 805 2362 pia,
818 2291 916 2361 eorpud
929 2301 961 2340 et·
971 2289 1060 2338 inane.
1079 2284 1165 2337 Otnne
1177 2285 1248 2335 enim

199 2354 338 2424 videntum
351 2374 380 2414 ut
391 2363 492 2430 Fauni,
504 2365 649 2440 Nymphas,
662 2367 701 2420 ti·
745 2367 819 2440 quod
831 2379 887 2433 est,
900 2379 946 2418 aut
958 2366 1093 2430 continet,
1106 2373 1152 2414 out
1164 2363 1249 2414 conti·

200 2431 284 2489 lenus.
294 2441 416 2494 Potestet
425 2443 501 2496 aliter
509 2443 700 2518 intellipi‚Sol·
745 2460 840 2510 netur;
858 2459 885 2501 et
895 2462 994 2517 corpus
1010 2435 1105 2496 solunt
1118 2458 1176 2494 esse
1193 2453 1248 2493 ato·

201 2513 253 2566 site
267 2535 325 2570 me:
341 2519 444 2574 Sufficit
460 2526 531 2576 enim
548 2525 622 2596 quod
638 2525 698 2578 talia
744 2545 818 2596 mos,
836 2526 863 2580 id
882 2539 939 2594 est,
956 2523 1087 2598 quasdem
1105 2521 1251 2574 lttinutissi-

201 2592 277 2646 rohis
295 2599 366 2652 mus
385 2617 460 2670 sun,
479 2615 509 2656 ut
524 2605 605 2658 etiam
621 2604 699 2678 ligari
743 2625 801 2661 mss
817 2621 908 2680 partes
929 2623 987 2677 qun
1000 2599 1085 2670 madi,
1103 2601 1249 2660 tectionem

200 2677 311 2748 possim.
324 2681 398 2735 Serv.
745 2706 799 2756 non
813 2687 955 2760 recipiunt.
969 2681 1046 2736 Unde
1059 2693 1085 2734 et
1098 2681 1181 2734 atomi
1193 2677 1248 2732 dic·

235 2755 278 2810 30.
291 2757 416 2833 Rhodope
426 2771 453 2814 et
460 2761 582 2827 ismarus.
594 2761 699 2818 Montes
745 2781 777 2822 ta·
794 2780 872 2833 sunt,
890 2783 957 2839 quas
971 2763 1108 2816 laucretius
1126 2761 1251 2812 minutio·

201 2835 338 2908 Thracia,
350 2841 378 2893 in
391 2843 488 2914 quibus
500 2843 624 2916 Orpheus
637 2865 700 2898 con·
745 2866 787 2904 res
800 2847 864 2902 dicit
874 2865 930 2908 esse
940 2843 992 2898 illis
1002 2834 1178 2916 corpusculis,
1190 2858 1248 2911 que

202 2931 324 2972 meteret
334 2939 437 2974 mucre.
454 2922 545 2976 Ethoc
554 2925 632 2988 dirit;
646 2943 700 2976 non
745 2927 772 2982 in
785 2928 879 2980 infusis
891 2943 940 2998 per
951 2925 1096 2976 fenestram
1107 2917 1191 2972 radiis
1203 2917 1250 2971 So-

202 3006 305 3050 tanturn
323 2999 366 3052 isti
383 3015 485 3054 montes
501 3003 619 3075 gaudent
638 3025 701 3058 can·
745 3008 778 3060 lis
790 3003 911 3060 ridemus
927 3025 933 3054 s
949 3002 1013 3062 dicit
1033 3001 1103 3054 enirn
1122 2996 1181 3050 illas
1200 3017 1250 3050 nec

202 3085 275 3128 tante
286 3077 410 3150 Apolline
426 3081 468 3133 rel
479 3081 603 3153 Orpheo,
617 3102 702 3154 quon·
748 3089 832 3140 risum
848 3101 927 3156 posse
945 3082 1072 3153 recipere.
1091 3077 1172 3133 inane
1185 3095 1249 3128 vero

202 3163 259 3206 turn
277 3169 402 3210 cantante
423 3160 512 3214 Sileno
535 3161 638 3215 laetatus
660 3175 700 3214 est
745 3157 1250 3236 dicuntspatitun,iuquosuntatomi.

203 3233 327 3285 mundus.
357 3236 479 3308 Namque
509 3241 588 3292 etiarn
617 3241 700 3313 paulo
746 3240 847 3308 Deliis
870 3244 960 3312 itaque
984 3237 1090 3290 duobus
1111 3235 1251 3306 principiis

203 3325 265 3384 post
284 3312 403 3368 dicturus
419 3321 526 3370 esttEt
545 3319 627 3372 invito
640 3339 701 3392 pro·
745 3323 842 3384 volunt
870 3322 921 3372 ista
952 3331 1068 3390 quatuor
1093 3314 1252 3388 procreari,

203 3393 276 3446 cessit
285 3411 372 3465 uenter
385 3394 506 3468 Olympo.
520 3398 593 3450 Serv.
747 3404 849 3478 ignom,
859 3417 962 3464 aerem,
974 3414 1089 3466 aquarn,
1101 3405 1198 3445 terrain
1208 3411 1215 3442 z
1227 3405 1254 3445 et

238 3473 281 3526 31.
297 3478 418 3548 illamque
434 3477 561 3544 canebat,
575 3476 615 3533 uti
631 3496 704 3556 ’μαψ
750 3499 782 3542 ax
793 3477 834 3530 his
847 3490 958 3536 eastern
972 3487 1000 3525 ut
1013 3473 1059 3525 illa
1071 3471 1125 3524 duo
1140 3471 1256 3526 elemen-

204 3571 266 3606 uum
276 3571 325 3624 per
336 3553 415 3606 inane
426 3566 514 3608 coacta
524 3555 641 3610 Semina.
655 3559 705 3612 Va·
750 3571 779 3626 tn
791 3556 872 3620 atomi
889 3568 916 3608 et
932 3555 1012 3615 inane
1029 3554 1099 3603 sint:
1116 3547 1174 3602 hac
1190 3569 1254 3603 vero

204 3634 249 3688 riae
261 3646 322 3686 sunt
332 3631 554 3708 Philosophorum
565 3638 705 3708 opiniones
751 3633 1006 3712 quatuursyntheta,
1014 3633 1256 3702 islesuccmposita

100 3759 103 3766 .
206 3709 239 3766 de
254 3730 342 3764 rerum
355 3714 465 3786 origiue.
478 3715 546 3778 Natu
557 3715 601 3768 slii
614 3713 707 3782 dicunt
752 3739 783 3777 ex
794 3717 844 3772 illis
858 3713 980 3782 duobus,
994 3725 1118 3786 praestent
1126 3713 1255 3784 originem

206 3793 706 3864 qntttiaexigneprocrearhuthuaxa·
754 3795 811 3868 aliis
838 3793 961 3858 omnihus
985 3793 1071 3846 robus.
1090 3791 1146 3844 llec
1166 3805 1257 3860 putem

205 3889 284 3942 porus
299 3892 304 3920 :
319 3869 363 3922 alii
380 3890 411 3922 ex
427 3871 555 3938 hamore,
571 3887 600 3929 ut
611 3871 708 3926 litales
755 3879 857 3938 [atione
874 3873 1050 3948 ,comprahnt,
1071 3889 1101 3926 ex
1118 3871 1213 3931 stantis
1230 3885 1257 3925 et

206 3947 333 4004 Milesias.
351 3949 427 4004 Unde
443 3966 503 4006 est:
525 3953 711 4026 Oceanumque
755 3958 827 4022 ipnni
848 3955 976 4029 originem
991 3971 1079 4020 rerum
1096 3967 1169 4002 esse:
1183 3947 1256 4022 φοι]

206 4032 520 4103 patremrerum.hliiea
530 4047 645 4106 quatuor
658 4023 710 4087 ele·
756 4031 820 4103 nihil
843 4047 882 4091 est
902 4035 928 4084 in
948 4051 1035 4086 rerum
1056 4043 1167 4092 natura,
1186 4027 1256 4100 quud

209 4111 315 4178 nuntia,
323 4124 352 4162 ut
362 4111 536 4186 Empedocles
546 4135 553 4166 ε
565 4113 710 4168 secundum
756 4134 810 4186 pon
823 4127 849 4168 et
861 4131 959 4193 corpus
971 4111 1087 4178 hahent,
1105 4121 1131 4162 et
1146 4110 1258 4180 recipiat
