2998 4670
267 378 332 445 610
597 369 978 438 GOMMENTARIA

266 497 397 560 Aristaei.
415 497 488 572 Hic,
506 495 609 576 inquit
624 506 737 567 meter,
756 505 790 553 ut
806 492 863 553 tibi
881 494 1025 575 expediat
1041 515 1185 559 caussam
1200 501 1307 565 morbi

171 615 174 622 ’
267 608 378 670 apum,
390 597 483 667 atque
494 597 529 644 ut
540 595 669 644 eventus
682 580 755 642 felix
769 584 823 656 sit,
837 583 1007 663 capiendus
1019 599 1064 644 est
1078 587 1204 663 vinclis;
1216 588 1307 652 aliter

266 675 313 736 nil
325 673 432 746 lacies3
452 684 488 732 ut
499 672 582 733 enim
593 670 740 731 domatur
754 672 900 743 Proteus,
919 691 982 730 non
998 669 1133 732 flectitur
1147 679 1306 752 oratione,

266 782 324 822 nec
336 759 490 844 precibus.
500 761 605 842 Aperit
615 772 752 840 tempus,
766 757 885 833 locum,
898 762 1181 841 opportunitatem,
1193 765 1306 845 quibus

267 850 437 930 capiendus
447 850 576 910 Proteus
587 869 594 906 ε
607 859 745 929 tempus,
757 867 830 907 nam
843 845 893 907 die
906 847 1026 918 medio,
1038 861 1067 907 et
1078 849 1147 910 Sole
1159 853 1308 912 ardentis·

267 940 362 999 simo:
373 938 492 1013 locum,
503 939 575 1018 quia
587 938 619 996 in
629 951 737 1012 antro,
749 957 812 1018 quo
822 957 853 997 se
862 937 971 1018 recipit
981 935 1019 996 ad
1030 939 1180 1018 quietem:
1195 961 1309 1023 oppor-

266 1030 448 1102 tunitatem,
459 1028 534 1108 quia
546 1025 663 1087 dormit
675 1025 775 1086 fessus
789 1027 942 1085 matutina
955 1027 1077 1107 pecoris
1090 1029 1270 1107 agitatione.

305 1115 374 1192 405.
393 1117 513 1176 Deinde
534 1115 625 1177 docet
644 1136 707 1198 qua
726 1117 758 1174 ri
780 1129 811 1176 et
830 1129 895 1176 arte
913 1117 1011 1197 possit
1028 1118 1151 1177 vincere
1171 1115 1310 1178 fallacias

266 1207 389 1267 Protei:
402 1221 447 1266 est
460 1207 544 1266 enim
559 1205 605 1265 illi
621 1226 703 1281 mos,
718 1217 752 1265 ut
766 1224 863 1286 quum
879 1203 1038 1265 dormiens
1053 1208 1189 1286 capitur,
1204 1207 1309 1266 statim

266 1309 461 1377 experrectus
479 1296 571 1356 ludos
590 1294 698 1371 faciat,
718 1307 941 1376 convertatque
958 1316 989 1355 se
1010 1297 1042 1354 in
1057 1296 1309 1370 ,varias-formast

265 1405 340 1443 nam
352 1381 403 1444 fiet
417 1404 485 1460 sus,
505 1385 606 1464 tigris,
624 1382 733 1459 draco,
749 1383 862 1458 leaena,
879 1385 974 1464 ignis,
990 1404 1081 1464 aqua.
1098 1386 1154 1444 llis
1167 1397 1214 1444 tot
1227 1382 1310 1444 frau-

266 1472 360 1533 dibus
373 1473 503 1533 unicum
517 1473 705 1548 remedium;
724 1473 875 1532 nimirum
887 1472 999 1546 virtus,
1015 1485 1045 1532 et
1059 1473 1107 1531 ris
1122 1473 1309 1532 vincientis:

267 1573 386 1640 quanto
407 1558 460 1621 ille
482 1563 580 1642 magia
599 1581 631 1620 se
649 1575 748 1622 vertet
767 1562 799 1618 in
819 1560 920 1619 varias
939 1561 1070 1642 species,
1090 1573 1179 1620 tanto
1199 1559 1312 1620 fortius

266 1648 463 1724 retinendus,
475 1648 675 1725 vinciendus,
687 1645 892 1709 cohibendus.
902 1647 979 1707 lnde
991 1646 1058 1722 fiet,
1070 1660 1108 1706 ut
1120 1667 1216 1728 quum
1227 1645 1311 1706 elabi

186 1773 190 1780 ·
266 1752 415 1817 nequeat,
430 1737 542 1797 reddat
557 1759 589 1799 se
602 1740 710 1819 primae
724 1735 770 1797 illi
784 1734 907 1810 formae‚
924 1738 956 1794 in
970 1757 1032 1816 qua
1043 1737 1146 1817 primo
1156 1735 1313 1795 dormien-

267 1835 330 1882 tem
352 1823 470 1885 vidisti.
494 1825 695 1886 Observanda
719 1837 792 1885 sunt
817 1845 911 1903 quam
935 1822 1130 1904 elegantibus
1152 1822 1313 1904 epithetis,

268 1933 364 1993 quam
385 1927 457 1995 apto
479 1911 632 1995 rhythmo
653 1927 739 1973 vates
758 1914 866 1972 omnia
887 1911 1051 1973 aflecerit:
1076 1933 1128 1973 sus
1148 1909 1313 1985 horridus;

268 2106 324 2140 non
340 2086 445 2142 edebat.
462 2088 568 2142 Phrasis
584 2093 644 2161 ipsa
660 2090 767 2142 Graeco·
812 2105 940 2158 aquarum
958 2087 1102 2140 mobilitati
1118 2086 1220 2139 similis.
1239 2088 1311 2140 Seru.

268 2185 327 2220 rum
342 2180 390 2220 est.
403 2167 528 2240 Sophocl.
543 2170 571 2221 in
582 2168 693 2222 Philoct.
707 2165 767 2238 disp
846 2171 908 2238 lot.
922 2171 1021 2224 Medios
1028 2187 1108 2241 quum
1116 2168 1163 2222 Sol
1169 2169 1314 2220 accenderit

269 2246 355 2298 tactis·
371 2247 458 2302 cena.
706 2289 709 2296 ⁴
812 2251 1059 2304 caturciacum
1073 2250 1260 2302 numinatuuc
1273 2248 1313 2298 vi·

306 2325 367 2396 397.
391 2327 522 2399 Expediet
541 2329 623 2380 morbi
644 2347 767 2394 causam,
814 2329 1098 2383 dentur.-Nituntur
1108 2329 1158 2380 iste
1171 2327 1316 2379 auctorita-

270 2417 424 2480 eventusque
434 2407 560 2462 secundet.
572 2409 631 2460 Duo
641 2411 711 2462 enim
721 2411 771 2460 itta
816 2423 841 2463 te
852 2411 960 2464 Homeri
969 2411 1110 2463 asserentis
1119 2421 1182 2460 tunc
1191 2407 1315 2460 Proteum

271 2488 443 2557 requiruntur
451 2489 478 2538 in
489 2489 617 2554 oraculis,
628 2506 708 2541 causa
719 2506 773 2539 ma·
816 2493 905 2544 etnari
914 2509 1062 2563 emergere,
1073 2490 1150 2561 quasi
1160 2505 1188 2540 se
1198 2502 1261 2540 tunc
1271 2486 1317 2540 det

272 2563 307 2628 li,
326 2578 352 2617 et
368 2563 523 2618 remedium.
538 2569 607 2620 Seru.
622 2597 656 2606 -
672 2567 733 2619 Sine
747 2569 773 2618 vt'
816 2561 1177 2640 conspectandum:'1tpnt³
1191 2563 1259 2622 ι’ἰλιος
1270 2562 1318 2630 μα’·

273 2661 327 2693 non
344 2643 400 2694 nlla
415 2643 487 2694 dabit
502 2657 638 2716 proecepta.
655 2648 695 2697 Ne
711 2663 772 2697 eum
818 2669 854 2702 cor
876 2645 965 2717 coperia
985 2645 1224 2713 apostatantibus:
1242 2645 1270 2712 sip
1290 2644 1318 2710 ἐξ

273 2733 394 2791 speraret
398 2737 477 2790 posse
484 2723 609 2792 precibus
617 2722 771 2774 flectiSern.
817 2723 871 2782 abir
879 2720 921 2776 rior
930 2725 1000 2794 piper
1010 2727 1071 2780 ἅλως
1079 2723 1199 2792 tappete:
1211 2715 1320 2789 tQuan-

310 2799 372 2865 400.
389 2799 452 2850 Doti
469 2799 564 2852 cineum
588 2800 640 2851 ltoec
658 2801 771 2851 demum⁸
821 2805 955 2874 «doergo
973 2801 1017 2854 Sol
1032 2801 1147 2853 medium
1164 2798 1256 2851 celum
1273 2817 1318 2852 as·

275 2878 352 2931 Circa
363 2876 468 2930 vincula
480 2881 622 2931 novissime
635 2881 691 2950 ejus
705 2879 775 2932 desi·
821 2883 980 2946 scanderit,
995 2883 1071 2932 Tunc
1090 2899 1105 2932 e
1119 2881 1186 2931 mari
1203 2891 1319 2950 emerget

275 2973 341 3014 nent
350 2959 421 3024 doli,
432 2959 525 3026 idest,
538 2960 684 3012 formarum
692 2961 776 3013 varie·
822 2987 833 3010 ι
844 2963 1049 3014 senexmarinus
1057 2958 1197 3012 veridicus.
1206 2981 1217 3004 υ
1226 2959 1318 3012 Servio

275 3052 342 3094 tates
358 3061 363 3091 ι
382 3041 457 3110 cujus
471 3039 624 3111 figmentum
638 3038 775 3112 physicam
821 3040 947 3094 etCerdae
957 3043 994 3093 sic
1005 3038 1193 3111 opinantibus,
1206 3057 1260 3090 non
1274 3037 1321 3091 ad-

276 3119 370 3172 volant
385 3137 442 3172 esse
454 3122 604 3172 rationem:
621 3138 683 3172 nant
695 3119 776 3172 bomo
821 3121 982 3174 sentiturCl.
996 3121 1064 3172 Voss
1079 3120 1124 3190 qui
1143 3119 1256 3170 affirmat
1272 3136 1321 3170 ne-

278 3198 361 3253 habet
373 3201 400 3251 in
412 3217 440 3252 ae
453 3199 608 3265 libidinem,
623 3201 776 3265 stultitiam,
821 3204 886 3254 mini
896 3201 937 3252 las
947 3219 1003 3253 esse
1012 3200 1079 3252 liora
1087 3197 1232 3251 meridiana
1242 3197 1321 3250 deum

277 3280 463 3344 ferocitatem,
477 3278 568 3330 dolum
581 3299 587 3330 ι
602 3299 660 3350 qun
672 3279 735 3332 dum
750 3281 777 3332 in
822 3282 913 3349 edire,
925 3300 1012 3352 neque
1025 3281 1138 3351 templa,
1150 3297 1200 3331 nec
1213 3277 1245 3331 ad
1259 3279 1321 3330 illo·

279 3377 312 3410 ιο
331 3361 434 3430 vigent,
451 3378 513 3429 pars
531 3359 593 3421 itta,
613 3379 672 3430 qun
690 3361 778 3413 vicina
822 3365 983 3433 rumjannat
995 3360 1125 3414 altavoee
1137 3359 1220 3430 loqui.
1233 3361 1323 3428 Tunc,

279 3438 429 3504 divinitati,
443 3439 538 3503 idest,
552 3439 778 3510 prudentia‚non
821 3443 876 3511 ait,
891 3455 921 3494 ut
936 3442 1024 3494 media
1038 3453 1134 3505 noete,
1150 3441 1259 3493 seviunt
1275 3441 1325 3492 Le-

282 3532 408 3589 apparet:
423 3533 554 3588 quatuos
567 3533 655 3589 potest
667 3539 727 3570 suas
740 3523 779 3572 vi·
820 3523 1129 3594 mures‚Spectra,tnnc
1137 3522 1257 3592 inprimis
1265 3533 1322 3571 sese

281 3613 323 3648 res
337 3609 442 3660 tenere,
455 3615 538 3666 quum
552 3599 652 3649 fuerint
663 3597 710 3649 illa
721 3597 780 3650 reli·
823 3615 941 3653 ostentat
950 3599 1212 3671 terribilitlimpusa,
1223 3601 1266 3652 cui
1275 3615 1321 3670 pet

280 3688 358 3747 gata,
375 3673 472 3737 idest,
488 3693 569 3744 quum
587 3679 646 3745 quis
665 3678 780 3729 caruerit
824 3699 892 3732 unos
905 3681 1041 3745 aheneus,
1061 3679 1129 3733 alter
1141 3681 1277 3740 asininns;
1297 3689 1323 3730 et

281 3755 405 3808 omnibus
419 3755 488 3805 vitiis
504 3777 510 3804 ι
526 3754 596 3806 unde
614 3755 779 3809 sacerdotem
826 3779 883 3831 que
903 3778 953 3831 pro
974 3760 1050 3812 libito
1069 3777 1126 3812 sese
1145 3761 1172 3811 in
1190 3759 1323 3830 Taurum,

280 3834 353 3888 hune
362 3834 428 3886 dicit
436 3851 516 3905 posse
526 3835 677 3900 vaticinari,
688 3849 715 3888 et
723 3854 779 3888 sus·
823 3843 959 3911 viperam,
973 3847 1105 3904 muscam,
1120 3840 1257 3890 mulierem
1270 3836 1324 3887 for·

281 3917 370 3987 cipere
382 3915 563 3979 divinitatem,
576 3933 657 3986 quum
670 3917 781 3989 religata
824 3935 943 3983 mosam,
958 3931 984 3971 et
1000 3919 1116 3972 belluam
1134 3917 1208 3968 vultu
1228 3913 1324 3966 arden-

283 3997 310 4047 in
325 4014 357 4050 eo
371 3997 471 4058 luerint
482 3997 560 4067 ignea
573 3995 720 4066 cupiditas,
735 3998 781 4050 sil·
825 4011 878 4053 tem
890 4002 1036 4066 convertit,
1051 4011 1080 4050 ut
1094 3997 1138 4050 ille
1150 3997 1268 4046 Proteus.

285 4076 679 4150 vestrisasperites,lapsnsque
689 4080 780 4145 animi,
861 4078 989 4151 407..Stts
1009 4076 1134 4130 barriclos.
1153 4071 1231 4129 ovid.
1253 4088 1324 4126 nanc
