2998 4670
284 339 347 424 570
608 336 988 404 COMMENTARIA

284 473 396 521 terram
417 459 609 522 invertendo.
632 461 733 541 Auget
755 461 1073 539 commiserationem,
1096 486 1194 546 quum
1217 465 1321 546 addit,

285 569 349 608 non
362 547 425 607 illis
436 549 579 608 nocuisse
591 549 825 629 pretiosarum,
838 550 985 630 pretiosas
996 549 1119 632 epulas,
1130 574 1227 634 quum
1237 552 1322 616 fron·

284 634 337 696 des
351 649 475 716 pastum
489 637 663 719 praebeant3
678 639 784 699 arnn'es
798 659 891 700 cursu
904 641 1043 716 exerciti,
1055 641 1087 700 id
1098 656 1157 717 est,
1166 663 1229 704 non
1239 658 1323 726 stag·

282 739 409 800 nantes,
422 742 530 808 potum
543 749 550 785 :
563 726 615 788 sed
628 748 729 809 neque
744 727 808 788 illis
818 729 925 789 nocuit
935 750 1009 790 cura
1021 729 1170 811 augendae
1179 733 1237 810 rei,
1250 753 1321 814 quse

280 835 343 880 nna
356 815 434 876 solet
445 836 572 876 somnos
587 817 785 900 abrumpere,
798 833 828 878 et
842 819 969 879 morbos
982 839 1137 900 generare.

322 903 389 966 531.
408 905 586 988 Amplificat
603 909 814 968 narrationem
834 907 1018 968 calamitatis
1038 907 1159 991 duplici
1180 927 1228 985 re,
1250 931 1321 992 qun

282 1007 383 1054 secuta
397 1010 443 1055 est
454 998 572 1058 caedem
583 1009 756 1058 taurorum.
766 998 870 1057 Prima
883 1010 946 1058 eat:
963 997 1089 1059 deerant
1099 999 1210 1073 boves,
1220 1017 1321 1081 neque

281 1083 420 1162 quaesita
440 1085 677 1146 inveniebantur
695 1085 734 1145 ad
753 1086 910 1167 portanda
931 1088 1065 1149 Junonis
1081 1107 1183 1164 sacra,
1203 1101 1234 1148 et
1246 1101 1322 1148 tunc

281 1172 419 1252 primum
431 1195 539 1235 currus
553 1172 647 1256 hujus
659 1176 731 1236 Dete
742 1175 828 1235 ducti
841 1191 915 1237 sunt
926 1179 992 1238 uria
1007 1179 1047 1238 ad
1059 1177 1205 1252 donaria,
1217 1175 1249 1236 id
1262 1191 1323 1254 est,

280 1257 321 1318 ad
336 1274 420 1342 temp
466 1263 558 1324 donis
571 1263 683 1324 dicata.
699 1261 822 1324 Altera:
838 1265 964 1346 ipsimet
981 1264 1125 1328 homines
1140 1268 1244 1326 rastris
1261 1279 1321 1325 ter·

280 1365 348 1408 ram
360 1350 439 1410 rima
462 1367 568 1426 antur,
581 1350 744 1413 fodiebant
758 1353 929 1434 unguibus;
941 1357 1034 1435 quin,
1046 1354 1071 1414 si
1082 1351 1208 1435 quando
1219 1366 1321 1412 aratro

282 1455 377 1517 opus,
399 1436 535 1518 plaustra
554 1441 672 1502 cervice
686 1438 827 1500 humana
842 1437 951 1502 obnixi
970 1439 1143 1500 trabebant.
1160 1437 1244 1516 Quid
1263 1437 1322 1498 hac

281 1543 315 1583 re
329 1525 488 1586 miserius!

321 1613 389 1694 537.
404 1613 560 1675 Confercit
567 1615 633 1696 jam
644 1614 696 1676 hic
707 1631 840 1698 stragem
851 1630 1017 1698 vagantem
1029 1635 1086 1698 per
1097 1615 1189 1696 plura
1202 1615 1323 1673 anima·

317 1733 376 1788 526.
389 1736 471 1809 Atqui
486 1758 538 1790 nors
555 1741 665 1794 Massico
683 1741 779 1794 Bacchi
821 1743 928 1814 poetice
936 1741 1010 1794 dicit.
1022 1743 1154 1794 Ceterum
1164 1737 1322 1791 veritasbsrc

280 1815 400 1866 Manem.
415 1817 484 1870 Vina
500 1821 616 1889 pretiosa
634 1839 650 1872 a
663 1822 778 1873 Massico
823 1834 884 1874 ests
903 1839 984 1892 quum
1003 1839 1061 1874 mos
1075 1833 1143 1872 esset
1157 1817 1323 1872 sacerdotem

280 1907 370 1947 monte
377 1895 543 1967 Campaniae
552 1911 578 1950 et
586 1903 779 1970 pertransimus
823 1899 948 1972 Argivum
957 1902 1058 1969 junctis
1068 1900 1154 1952 bobus
1165 1901 1203 1952 ire
1214 1897 1249 1950 ad
1262 1910 1325 1950 tem-

280 1975 417 2047 tangitilla
423 1993 481 2046 quse
487 1976 579 2030 dieunt
586 1979 702 2051 physici:
711 1997 780 2032 mor·
822 1977 869 2049 pls
879 1979 1008 2044 Junonis,
1022 1991 1048 2030 et
1060 1979 1165 2033 solenni
1181 1978 1225 2032 die
1238 1977 1321 2029 boves

279 2050 330 2103 bos
341 2055 431 2106 venire
444 2073 475 2106 ex
486 2056 539 2107 cibi
551 2071 577 2109 et
589 2070 668 2129 potus
685 2059 779 2111 nimie-
822 2056 1325 2128 uoninvenirentur(pestilentisenirn,

281 2141 349 2190 tate;
361 2130 403 2182 vel
416 2133 576 2201 mutatione,
594 2154 626 2188 ex
637 2139 725 2189 nimiis
737 2140 779 2190 vi·
823 2153 881 2208 quas
897 2155 947 2209 per
958 2137 1073 2188 Atticam
1090 2139 1246 2203 transierat,
1264 2137 1324 2188 uni·

280 2207 350 2280 giliis
371 2221 398 2262 et
418 2211 501 2264 multa
524 2213 716 2280 sollicitudine;
734 2215 778 2268 di·
822 2231 899 2268 versa
910 2215 1124 2288 consumpserat)
1135 2215 1189 2266 dno
1197 2215 1323 2268 sacerdo·

280 2302 398 2362 euntque
407 2294 487 2345 etiam
498 2294 554 2347 sine
567 2294 608 2348 bis
620 2298 694 2349 nasci
704 2299 780 2369 egri·
822 2297 856 2350 tis
872 2295 919 2349 lilii
934 2296 1041 2350 Cleobis
1058 2308 1085 2350 et
1103 2296 1175 2362 Bito,
1194 2307 1324 2364 matrem,

279 2367 415 2423 tudinem:
424 2390 485 2425 nam
494 2374 520 2426 iu
529 2375 688 2428 animalibus
696 2393 779 2448 quum
822 2376 967 2430 subeuntes
976 2379 1052 2449 jugo,
1061 2375 1095 2429 ad
1105 2374 1204 2448 templa
1215 2373 1322 2427 dusera.

280 2449 346 2502 nihil
355 2449 451 2505 horum
459 2455 506 2519 sit,
515 2456 779 2529 tamenngritudiues
822 2455 890 2509 Tum
900 2459 971 2510 Juno
983 2457 1101 2529 probans
1113 2473 1205 2509 eorum
1218 2454 1325 2526 religio-

281 2533 423 2585 cernimus.
433 2536 503 2587 Serv.
823 2551 900 2601 nem,
914 2535 1011 2589 obtulit
1028 2537 1122 2604 matri,
1138 2549 1167 2588 ut
1181 2533 1254 2606 quod
1269 2532 1325 2585 vel·

315 2612 372 2681 527.
392 2615 486 2686 Epulo
498 2623 609 2688 reposto.
626 2618 679 2670 Aut
696 2618 780 2671 abun.
823 2613 873 2680 let‚
883 2626 1007 2685 posceret
1016 2615 1075 2667 liliis
1085 2636 1091 2668 ι
1102 2613 1202 2685 illapia
1215 2630 1325 2685 respon·

281 2689 389 2756 slantes,
406 2702 453 2744 aut
471 2695 560 2745 variae.
575 2725 607 2735 -
619 2697 682 2747 Noli
698 2696 780 2750 inter-
823 2694 897 2744 tioue
909 2694 963 2757 ait,
977 2705 1007 2744 ut
1020 2693 1093 2763 quod
1104 2693 1183 2744 sciret
1195 2691 1246 2743 dea
1259 2689 1324 2744 utile

280 2771 380 2839 pretori
392 2781 496 2842 repostae
508 2771 603 2824 eodem
617 2775 712 2838 modo,
725 2793 778 2845 quo
823 2772 996 2836 mortalibus,
1008 2773 1067 2842 ipsa
1077 2783 1221 2843 prestaret.
1232 2768 1323 2822 Altero

280 2849 418 2918 opposs’toe:
432 2851 547 2902 sernsoni
559 2849 642 2902 latino
653 2852 709 2904 haec
721 2854 780 2906 lan·
822 2851 913 2921 itaque
930 2848 974 2901 die
990 2849 1136 2903 sacerdotis
1153 2848 1199 2900 lilii
1210 2851 1322 2918 juvenes

280 2925 363 3000 guida
376 2928 560 2999 interpretatio
575 2933 709 2985 contraria
725 2946 789 2997 esn-
823 2931 922 3001 reperti
938 2943 999 2982 suns
1013 2933 1131 2983 mortui:
1147 2949 1178 2983 ex
1193 2949 1247 3002 quo
1260 2949 1325 3002 pro·

282 3020 309 3061 et
320 3008 367 3060 illa
379 3011 470 3062 itemm
481 3011 617 3084 opposite,
636 3031 709 3084 aeque
722 3017 780 3084 reji-
823 3010 915 3063 batum
929 3021 986 3077 est,
1004 3011 1069 3062 nibil
1087 3029 1145 3066 esse
1159 3023 1245 3063 morte
1256 3029 1324 3082 pre·

283 3089 407 3143 ciendum
418 3109 524 3144 sensum
535 3092 642 3163 prebet.
659 3095 689 3148 V.
703 3096 780 3146 G.-
824 3091 956 3152 stantius3
982 3089 1055 3161 qnod
1076 3090 1227 3143 Herodotus
1251 3090 1324 3163 apud

282 3169 411 3240 Simplicis
430 3171 517 3224 berboe.
538 3175 649 3245 Propter
669 3176 781 3227 varieta-
824 3169 929 3222 Graecos
941 3168 1092 3241 plenissime
1101 3171 1324 3222 commemoratin

281 3260 321 3303 tes
331 3249 469 3322 epularum
482 3251 547 3304 dixit
557 3253 679 3326 simplicis
691 3254 779 3308 herbe
825 3251 913 3322 prims
932 3247 1052 3302 historia.
1069 3251 1139 3302 Seru.
1157 3277 1191 3289 -
1209 3249 1324 3321 Heynius

168 3379 171 3384 ,
281 3327 354 3380 Serv.
363 3333 462 3382 -lloc
472 3334 584 3404 opponit
594 3331 624 3401 ri
633 3333 723 3404 ποικίλῃ
733 3355 783 3398 sps·
825 3329 917 3382 Servio
930 3340 956 3381 et
968 3329 1027 3382 aliis
1037 3329 1081 3381 bio
1093 3328 1267 3390 contradicim
1278 3327 1325 3381 sed

284 3409 325 3477 sii,
344 3419 371 3461 et
386 3427 463 3462 coeuoe
477 3411 575 3477 dubioe,
595 3424 625 3464 ut
643 3414 781 3468 Terentius
825 3411 966 3462 momentis
983 3421 1008 3460 et
1025 3409 1173 3460 rationibus
1193 3408 1324 3472 abstinet,

284 3501 311 3541 et
323 3491 448 3542 Horatius
459 3490 614 3562 loquuntur.
826 3490 878 3542 sol.
890 3493 917 3552 l,
927 3507 987 3561 pag.
999 3488 1049 3558 497
1060 3499 1085 3539 et
1094 3489 1153 3557 498.
1161 3489 1323 3540 -Donars'a.

321 3568 381 3620 530.
401 3573 456 3622 Nec
468 3589 569 3624 somnos
582 3573 711 3643 abrumpit
721 3591 783 3625 cura
825 3571 941 3622 Denaris
951 3570 1059 3640 proprie
1072 3568 1219 3634 locarunt,
1232 3570 1259 3619 in
1270 3569 1326 3638 qui·

285 3644 401 3696 salubres.
413 3647 451 3698 ux
467 3667 531 3701 cura
545 3649 616 3701 enim
628 3651 726 3716 nimia,
742 3652 783 3716 ri·
825 3648 876 3700 bus
888 3647 961 3699 dona
972 3660 1138 3719 reponuntur
1150 3648 1241 3700 obluta
1252 3647 1303 3698 diis
1317 3668 1323 3696 :

283 3722 353 3796 gilisa
365 3739 549 3795 procreantur.
563 3727 632 3779 Sero.
826 3729 943 3780 Abusive
955 3728 1063 3800 templa.
1075 3729 1143 3780 Nam
1156 3729 1190 3781 ita
1203 3741 1229 3779 et
1239 3725 1327 3798 pulvi·

323 3805 636 3878 s3r.tttorts1mparttus
646 3805 734 3861 ductos
744 3808 785 3860 ol·
827 3809 901 3861 noris
911 3827 961 3882 pro
974 3810 1079 3880 templis
1091 3811 1231 3881 ponimus;
1244 3825 1325 3879 quum

289 3896 322 3936 to.
335 3884 424 3938 llobns
434 3885 599 3958 agrestibus,
611 3897 637 3938 et
649 3887 713 3959 ipsis
723 3889 785 3941 inte·
827 3889 880 3940 sint
894 3892 1002 3962 proprie
1016 3887 1184 3960 lectuli‚·qui
1199 3889 1280 3939 sterni
1298 3889 1327 3938 in

289 3966 413 4037 qualibus
427 3985 433 4018 ε
447 3983 510 4018 nam
521 3966 577 4032 uri,
596 3977 701 4040 aqmstes
713 3969 786 4023 boues
827 3969 951 4041 templis,
970 3965 1216 4041 supervenientibus
1232 3965 1327 4037 pleris-

291 4057 367 4114 sunt,
386 4059 416 4100 ut
434 4045 546 4099 disinms
567 4061 649 4119 supra
664 4069 670 4100 ε
691 4061 718 4102 et
733 4047 785 4102 boc
830 4067 882 4120 que
895 4046 1145 4103 consueruntSero.
