2964 4690
282 394 346 476 346
612 384 993 457 connanrlnm

279 519 400 601 pecori,
416 518 447 578 id
458 530 516 592 est,
526 529 560 578 ut
569 515 734 591 habeatur,
747 519 827 576 tertii
841 540 846 575 :
861 519 1064 602 experientia,
1076 539 1145 600 quae
1156 523 1337 581 necessaria

280 607 421 688 adapes,
436 608 557 688 quarti:
573 626 672 687 quum
687 607 719 664 in
735 604 797 665 fine
813 607 875 665 ait:
892 609 974 667 Hinc
986 627 1089 667 canere
1101 610 1257 690 incipiam,
1278 631 1337 670 or·

278 693 364 753 ditur
381 717 444 755 non
460 695 499 754 ab
514 693 640 776 apibus,
660 694 714 753 sed
727 693 765 754 ad
779 693 951 774 segetibus:
972 695 1122 776 incipiam
1134 715 1239 755 orsum
1253 718 1334 756 can·

277 793 327 839 tus
341 783 403 840 mei
414 781 453 842 ab
463 780 510 840 his
521 795 656 862 quatuor
668 779 760 840 rebus
772 781 910 856 rusticis,
924 801 987 840 non
1000 779 1040 841 ab
1050 784 1160 842 armis:
1175 783 1336 865 expendat

277 869 388 932 Lector
403 873 550 946 Veneres,
569 891 639 952 quae
654 890 767 952 sparsae
782 872 816 930 in
831 870 991 932 versibus:
1011 888 1125 953 segetes
1139 873 1216 934 dicit
1230 872 1334 948 laetus,

279 977 348 1038 quta
367 980 426 1021 vox
449 961 623 1021 auditorem
648 957 744 1020 allicit
769 963 931 1044 proposito
955 963 1058 1020 statim
1082 963 1145 1021 risu
1167 974 1196 1021 et
1219 961 1335 1021 laetitia

278 1067 445 1128 agrorum:
460 1049 571 1109 maluit
582 1047 673 1107 sidere
684 1049 883 1124 excellenter,
897 1069 992 1132 quam
1006 1063 1130 1131 tempore
1142 1049 1333 1129 vulgariter:

278 1134 312 1194 in
334 1135 412 1211 illis,
436 1135 578 1218 ulmisque
596 1133 753 1220 aclp'urzgere
773 1140 857 1211 vites,
884 1137 989 1195 innuit
1009 1135 1191 1216 conjugium
1216 1137 1335 1196 vitium

277 1243 349 1282 cum
368 1225 479 1284 ulmis:
499 1245 597 1307 quum
616 1224 692 1285 dicit
712 1223 819 1298 cultae,
841 1225 917 1306 quid
937 1225 1023 1286 aliud
1042 1224 1210 1305 significat,
1232 1245 1335 1306 quam

277 1313 550 1394 agricolationem,
561 1333 629 1396 quae
643 1311 755 1374 horum
766 1315 918 1375 librorum
931 1313 1281 1395 argumentumiQuum
1291 1313 1334 1374 de

278 1399 404 1483 apibus,
416 1407 607 1486 experientia,
621 1423 652 1463 se
664 1404 707 1462 rei
720 1405 844 1464 rusticae
857 1405 1159 1487 experientissimum
1174 1402 1334 1484 professus

277 1501 336 1564 est,
351 1511 425 1550 nasu
437 1493 526 1552 nulla
537 1491 600 1552 fere
614 1513 659 1551 res
672 1494 753 1551 inter
764 1495 893 1552 rusticas
907 1493 1027 1572 majore
1039 1507 1107 1573 eget
1118 1491 1311 1573 experientia
1325 1512 1332 1547 :

277 1597 376 1657 quum
391 1599 462 1662 apes
476 1602 580 1662 parcas
596 1585 757 1655 nominat,
778 1582 904 1660 attingit
920 1583 1076 1662 signatam
1095 1580 1221 1639 illarum
1237 1593 1331 1637 natu·

276 1687 359 1740 ram3
376 1682 421 1727 est
439 1669 523 1728 cuim
540 1669 623 1750 frugi
642 1669 776 1746 animal,
795 1691 939 1753 parcum,
954 1684 1047 1752 atque
1062 1669 1179 1730 laboris
1194 1669 1243 1728 sui
1256 1667 1335 1726 reti·

278 1759 508 1818 nentrssimum.

318 1844 345 1904 5.
366 1848 439 1906 Post
452 1850 700 1930 propositionem
720 1850 845 1908 invocat
862 1851 1004 1931 principe
1021 1849 1091 1908 loco
1107 1845 1209 1907 Solem
1224 1860 1255 1905 et
1269 1847 1334 1905 Lu·

277 1953 351 1992 nam
366 1957 371 1991 :
389 1934 532 2016 adjungit
543 1939 713 2011 rationem,
736 1959 809 1997 nam
828 1937 860 1997 hi
878 1961 894 1997 e
909 1940 985 1998 caelo
1001 1957 1120 1997 annum
1138 1935 1267 1994 ducunt.
1283 1931 1333 1992 Ab

278 2022 422 2082 invocato
437 2024 506 2084 Sole
519 2039 548 2084 et
562 2027 664 2100 Luna,
677 2029 729 2106 qui
741 2027 806 2087 duo
817 2029 980 2088 necessarii
994 2027 1031 2086 ad
1046 2039 1179 2104 segetes,
1191 2024 1334 2096 arbusta,

276 2129 404 2189 pecora,
423 2111 598 2189 mellilicia,
617 2119 717 2196 pergit
732 2117 769 2174 ad
786 2117 1018 2177 invocationem
1033 2114 1161 2173 illorum
1178 2115 1335 2188 Deorum,

277 2285 377 2326 cuntur.
388 2275 482 2328 Juven.
497 2279 573 2344 Vlll,
589 2295 636 2349 77:
654 2275 778 2331 astratus
824 2280 860 2339 V,
880 2278 945 2349 6093
963 2278 1050 2330 minor
1067 2276 1127 2328 inde
1136 2315 1144 2341 ,
1168 2293 1218 2346 pro
1233 2293 1264 2325 ex
1285 2274 1334 2339 iis,

276 2353 350 2406 humi
364 2357 466 2428 palmes
480 2358 574 2411 viduas
590 2359 724 2412 desiderat
739 2361 780 2411 ul·
824 2379 921 2412 currem.
947 2360 1053 2412 Servius
1072 2360 1265 2427 interpretatur
1285 2354 1335 2404 de-

278 2453 366 2486 mosn
384 2440 476 2491 llorat.
492 2441 543 2506 lV,
561 2440 612 2492 Od.
625 2441 661 2503 V,
679 2442 730 2494 30:
748 2441 781 2491 Et
825 2439 901 2503 ltine,
914 2439 1048 2510 deinceps5
1066 2437 1112 2487 sed
1130 2436 1231 2488 nullum
1247 2433 1336 2485 addu-

279 2517 358 2568 vitem
369 2517 463 2571 viduas
477 2518 551 2572 ducit
562 2519 596 2571 ad
608 2521 726 2572 arbores.
738 2545 748 2566 a
825 2521 860 2570 cit
872 2517 1040 2590 exemplum,
1059 2535 1113 2586 quo
1131 2514 1334 2586 interpretatio·

312 2596 337 2661 4.
353 2597 442 2663 Quum
458 2601 484 2650 in
499 2601 662 2652 carminibus
676 2600 780 2650 vocales
826 2619 885 2651 nem
898 2617 972 2650 suam
983 2598 1094 2648 fulciat:
1110 2598 1155 2648 alii
1167 2595 1276 2658 volunt,
1288 2597 1334 2645 in-

275 2673 418 2727 verborum
428 2678 526 2729 ultimae
540 2679 678 2730 vocalibus
690 2681 781 2748 primis
827 2693 866 2732 ter
877 2699 943 2751 quos
954 2682 1011 2749 ipse
1023 2679 1156 2748 lleynius,
1167 2677 1220 2728 vol.
1234 2677 1259 2738 l,
1270 2694 1334 2747 pag.

276 2759 443 2826 sequentium
457 2759 607 2824 elidantur,
624 2759 732 2831 quidam
744 2759 782 2811 le·
828 2761 876 2829 247
886 2802 893 2825 ,
905 2760 958 2811 hoe
971 2757 1134 2808 vocabulum
1145 2757 1205 2807 hinc
1215 2756 1284 2807 idem
1297 2759 1336 2806 si-

275 2850 342 2910 gunt
351 2839 439 2909 pecori
449 2850 527 2912 utque
535 2841 638 2912 apibus;
654 2840 701 2892 scd
713 2840 782 2893 male
826 2839 951 2912 gnificare
963 2837 1035 2908 quod
1047 2857 1131 2898 rrunc,·
1144 2835 1172 2888 id
1182 2855 1245 2888 vero
1256 2837 1335 2888 Man·

276 2929 303 2968 et
317 2931 411 2969 contra
426 2917 541 2972 codices.
559 2920 590 2972 V.
603 2921 635 2970 G.
648 2951 683 2959 —
699 2921 783 2991 Expe.
827 2920 1040 2971 cinellnsmerito
1051 2917 1333 2968 nlssurdumdeclarat.

277 2997 377 3049 denna.
391 2996 421 3049 ld
434 3013 490 3066 est,
505 3017 554 3051 usu
570 3013 633 3052 nata
648 2999 780 3052 doctrina.
828 2999 860 3052 V.
874 3000 905 3049 G.
922 3027 956 3036 -—
973 2998 1039 3060 Vos,
1055 3017 1070 3046 ο
1085 2996 1224 3048 clarissima
1240 2993 1335 3045 mundi

276 3077 335 3132 Hoc
354 3092 393 3131 est
417 3078 534 3147 incipe,
558 3081 599 3133 vel
622 3083 726 3133 notitia.
748 3111 782 3119 -
827 3079 948 3130 Lumina.
971 3076 1093 3130 Siderum
1114 3089 1140 3128 et
1163 3078 1336 3126 Rusticurum

278 3158 375 3211 Parcis.
384 3159 577 3212 servatricibus
591 3162 714 3232 frugum,
724 3179 790 3231 qnae.
827 3157 943 3208 Deorum
954 3159 1098 3208 invocatio.
1105 3157 1194 3223 Quum
1204 3157 1335 3226 cujusque

277 3239 358 3291 mella
368 3240 530 3292 custodiunt.
541 3273 574 3280 -
584 3241 681 3312 Apibus
689 3241 781 3312 parcis.
827 3237 1006 3288 invocationis
1018 3255 1100 3288 causa
1112 3235 1264 3297 indicetur,
1280 3253 1336 3286 ma-

277 3317 343 3370 Sunt
355 3319 608 3392 quileguntpurvis,
622 3319 669 3372 sed
684 3321 783 3371 rectius
829 3317 954 3369 nilestum
976 3330 1016 3367 est
1033 3317 1143 3380 verbis,
1160 3333 1175 3365 o
1194 3311 1335 3365 clarissima

277 3398 370 3468 parcis.
381 3400 490 3451 Aristot.
503 3398 565 3452 hist.
578 3401 659 3452 onim.
670 3399 723 3464 lx,
739 3400 782 3466 4ο.
829 3397 923 3447 rnundi
943 3397 1072 3459 Lumina,
1092 3395 1227 3466 designari
1247 3393 1334 3446 Solem

280 3476 423 3542 osrdsps‘rae.
437 3479 539 3530 etl‘lin.
550 3479 599 3544 xl,
612 3497 640 3530 21
656 3498 785 3551 :proepar·
830 3497 861 3528 ao
874 3479 992 3538 Lunam
1008 3479 1108 3547 quippe
1120 3477 1165 3546 qui
1177 3491 1275 3526 annum
1287 3493 1335 3526 cae·

279 3575 328 3610 cas.
337 3559 418 3610 Mart.
427 3559 498 3622 XIV,
506 3576 565 3610 222.
573 3559 642 3610 Huic
651 3559 783 3630 unipes-ca
828 3558 854 3609 lo
871 3558 1017 3624 ducentes,
1033 3577 1093 3609 eum
1104 3561 1131 3609 in
1147 3575 1250 3608 menses
1261 3556 1334 3607 dirs-

280 3635 380 3687 laborut
392 3637 455 3707 apis.
829 3657 880 3710 que
891 3637 1019 3690 dividant.
1031 3639 1150 3690 Bacchus
1162 3639 1232 3688 enim
1243 3649 1268 3688 et
1280 3635 1330 3688 Ce-

316 3715 341 3768 5.
353 3717 436 3781 Hinc,
450 3735 499 3788 pro
509 3737 540 3768 ex
550 3717 603 3782 iris,
614 3717 710 3768 horum
720 3737 783 3788 par·
827 3737 883 3784 res,
894 3721 921 3771 in
935 3722 1014 3772 certis
1023 3732 1124 3772 tantum
1133 3719 1278 3791 mysteriis,
1289 3733 1331 3765 so-

281 3808 343 3849 tcrn.
355 3793 397 3848 Sic
408 3797 478 3849 infra
486 3797 532 3849 Ge.
543 3799 575 3862 ll,
586 3797 650 3864 444;
662 3799 705 3862 lll‚
716 3798 781 3859 308;
827 3799 851 3852 le
877 3817 907 3851 ac
923 3800 988 3852 luna
1008 3799 1257 3851 commiscebantur.
1280 3795 1329 3847 llic

281 3875 344 3930 hinc
359 3894 390 3928 ex
402 3875 447 3928 his.
464 3875 506 3928 Sic
521 3877 567 3929 Ge.
583 3877 622 3942 ll,
637 3877 781 3946 2433112115,
827 3899 890 3932 vero
904 3894 1033 3933 consueto
1047 3882 1196 3953 funguntur
1207 3893 1332 3944 munere,

283 3957 310 4008 in
324 3956 393 4009 lroec:
404 3957 455 4021 lll,
468 3957 534 4027 lgm
549 3955 622 4022 inde,
635 3977 686 4028 pro
700 3977 732 4010 ex
744 3977 782 4009 ea.
829 3961 1048 4034 advocanturque
1066 3960 1193 4012 frilntenti
1210 3972 1235 4012 et
1249 3960 1332 4010 vineae

283 4035 489 4103 Horatius,Sat.
500 4037 684 4103 l,lV,6,lrinc
691 4039 788 4110 pendet
830 4041 954 4103 datores;
973 4053 1002 4091 ut
1024 4061 1059 4093 ne
1076 4041 1204 4092 Varronis
1225 4037 1333 4111 quidem

284 4115 399 4171 Lucilius
406 4139 415 4178 ,·
423 4135 473 4188 pro
483 4116 568 4170 abhis.
576 4117 703 4182 Ovidius,
715 4119 734 4170 F
737 4131 784 4171 ost.
830 4119 984 4174 testimonio
998 4119 1182 4194 indigeamus,
1193 4121 1219 4172 in
1232 4119 1334 4190 princi-
