2918 4682
299 411 348 475 iu
374 408 763 475 ouonoiconou
786 413 879 478 mn.
904 417 954 480 11.
1082 419 1144 510 493

78 531 256 610 difficilis,
275 533 371 594 velim
389 549 425 593 nt
441 535 588 615 exiguum
604 551 713 613 agrum
729 534 826 611 celas,
843 539 892 598 cui
909 537 1050 602 sufficere
1065 544 1146 605 vires
1224 595 1225 599 ,

79 635 157 682 tuae
171 625 311 704 possint3
326 621 446 682 etiamsi
458 618 567 680 laudes
580 619 715 680 aliorum
729 622 872 702 ingentes
883 645 985 706 agros.

131 709 211 787 413.
233 713 336 792 Pergit
358 712 392 770 in
416 707 587 770 indicanda
607 707 780 790 diligentia.
807 709 943 774 Concide
967 716 1084 778 vimina
1109 739 1146 780 ex

82 819 206 874 rusco,
229 800 398 862 arundines
419 819 454 858 ex
475 798 593 872 fluviis,
615 799 717 879 virgas
738 819 774 858 ex
793 798 959 880 salicibus,
980 818 1014 863 ut
1032 803 1147 868 babeas

83 886 187 948 domi
204 885 413 948 sustentacula
425 885 464 946 ad
478 889 557 946 vites
569 883 726 961 novellas,
741 885 910 968 ligamenta
923 889 961 950 ad
975 889 1127 954 fortiores.

132 973 209 1051 [μθ.
231 973 372 1036 Absolvit
393 974 612 1058 longissimum
632 987 797 1034 tractatum
818 977 981 1038 vinearum
1005 982 1147 1042 indicans

85 1063 319 1126 difficultatem
335 1063 429 1147 hujus
447 1064 576 1146 negotii.
596 1063 649 1122 Vis
662 1065 739 1124 scire
756 1087 850 1146 quam
865 1069 904 1127 sit
918 1067 1058 1130 difficilis
1075 1091 1148 1130 uva-

85 1175 168 1215 rum
179 1157 337 1230 tractatio,
349 1153 434 1214 audi.
450 1151 588 1212 Habebis
597 1150 667 1232 jam
679 1153 759 1212 vites
774 1154 855 1234 palis
869 1157 1002 1231 vinctas,
1015 1173 1045 1217 et
1057 1157 1149 1239 peda·

85 1243 214 1302 mentis
222 1241 371 1323 illigatas:
383 1239 583 1319 habebisjam
593 1253 733 1320 putatas,
746 1241 880 1322 reposita
889 1241 968 1302 falce
977 1242 1148 1304 ablabore:

84 1335 261 1414 pervenies
269 1330 425 1414 putando,
437 1328 668 1412 ablaqueando,
680 1329 845 1390 runcando
854 1329 892 1389 ad
901 1346 1054 1394 extremos
1065 1351 1151 1394 antes

88 1420 230 1498 vitium,
243 1417 273 1478 id
288 1433 346 1492 est,
361 1418 502 1491 ordines,
517 1414 689 1496 languidus
705 1417 832 1497 quidem
848 1437 913 1498 prae
927 1417 1036 1480 labore
1048 1443 1083 1480 ac
1097 1419 1150 1480 de·

16 1543 17 1570 l
88 1507 215 1584 fessus,
231 1529 380 1592 canesque
392 1506 458 1589 jam
475 1506 636 1566 victoriam
653 1504 822 1566 defunctus
836 1509 958 1588 magnis
971 1507 1148 1570 laboribus:

16 1633 18 1668 ι
93 1610 127 1654 et
150 1609 254 1656 tamen
274 1597 385 1658 iteruin
406 1610 478 1678 post
493 1609 541 1654 tot
560 1591 726 1654 molimina
742 1615 824 1655 nova
842 1617 926 1676 seges
943 1595 1087 1658 laborum
1107 1599 1151 1656 in·

94 1683 242 1744 cumbit:
263 1707 335 1746 narn
351 1703 475 1768 semper
494 1681 551 1742 tibi
570 1681 662 1742 tellus
680 1681 894 1759 sollicitanda,
912 1704 1034 1766 semper
1048 1684 1150 1768 pulvis

95 1771 296 1833 movendus:
317 1777 408 1857 quin,
423 1793 520 1856 quum
532 1771 599 1852 jam
615 1785 746 1838 maturae
760 1770 878 1834 fuerint
893 1791 975 1848 uvoe,
994 1787 1024 1833 et
1042 1771 1150 1834 vinde-

95 1862 162 1922 mia
177 1883 275 1944 prope
290 1864 321 1923 in
333 1864 466 1938 loribus,
480 1877 586 1922 tamen
598 1875 675 1920 tunc
687 1859 790 1920 adhuc
804 1862 971 1922 metuenda
986 1876 1031 1922 est
1041 1865 1151 1922 intem·

16 1997 19 2010 .
94 1947 1150 2033 peries,metuendusaer,quiomnisinnibilumrediget.Expende

16 2085 19 2120 ,
97 2037 198 2100 lector
219 2041 278 2102 ista
299 2055 448 2116 extrema,
468 2060 567 2122 quum
587 2057 691 2098 aerem
707 2037 783 2098 velit
801 2038 936 2120 intelligi
953 2056 984 2100 et
1001 2041 1152 2121 intempe-

98 2129 195 2205 riem,
208 2131 317 2192 lovem
330 2131 489 2203 nominat,
502 2131 557 2212 qui
571 2148 628 2210 pro
643 2148 713 2188 aere
722 2130 871 2202 sumitur,
884 2143 919 2188 ut
931 2129 1024 2188 verba
1036 2128 1152 2188 formet

101 2215 141 2276 ad
154 2215 304 2300 majorem
320 2222 508 2280 rusticorum
523 2233 691 2289 terrorem,
706 2217 795 2276 etita
810 2230 971 2296 exaggeret
986 2215 1153 2276 difficulta-

102 2317 176 2365 tem.
191 2307 288 2380 Quasi
301 2305 383 2367 dicat
394 2329 400 2365 :
413 2305 485 2365 vide
496 2305 616 2364 vinitor
628 2303 700 2384 quis
715 2317 787 2362 tuus
801 2302 907 2378 labor,
918 2301 1152 2383 confligendum

102 2392 160 2451 tibi
174 2409 218 2452 est
229 2416 299 2454 curn
314 2397 383 2476 ipso
395 2396 484 2454 Jove.
500 2391 571 2466 llla,
584 2389 772 2452 sollicitanda
784 2403 881 2450 sanun
897 2387 992 2466 tellus,
1002 2389 1152 2472 pulvisque

103 2479 274 2556 movendis,
293 2480 410 2544 babent
423 2479 624 2564 periphrasin
637 2474 810 2538 multorum
825 2479 987 2555 laborum,
1006 2481 1060 2562 qui
1074 2477 1151 2539 tole-

104 2675 242 2730 lendarum
257 2677 402 2732 herbarum
421 2693 448 2733 et
467 2679 605 2732 frondium
651 2680 769 2750 antiquis
781 2675 920 2729 codicibus
933 2675 1007 2727 varia
1022 2687 1069 2726 est.
1083 2673 1152 2747 Heg-

107 2755 289 2810 secendsrnm.
302 2759 371 2811 Seru.
650 2759 710 2809 nius
723 2756 837 2830 pretulit
849 2766 974 2808 extremos
982 2753 1077 2827 effetus
1089 2751 1153 2804 uini·

16 2895 17 2904 ,
141 2837 198 2904 413.
218 2837 302 2890 Rusti.
327 2839 439 2891 lluscum
461 2839 604 2912 virgultum
651 2848 703 2900 lor,·
715 2857 807 2892 rernm
818 2855 910 2888 omnes
922 2835 1099 2906 antiquissimi
1110 2851 1154 2886 co-

16 2915 18 2996 ζ
108 2929 161 2985 est,
173 2916 242 2969 unde
255 2919 322 2970 vites
332 2917 451 2990 ligantur
464 2942 471 2970 ι
486 2931 513 2971 et
530 2939 605 2972 com-
650 2917 723 2970 dices
734 2919 822 2970 ferunt
832 2915 937 2990 effectos
944 2915 985 2968 vel
993 2913 1102 2987 effectio
1107 2935 1116 2975 ‚·
1126 2927 1153 2966 et

16 3003 18 3022 ⁸
109 3009 233 3049 memorat
251 2997 374 3062 labores,
392 3000 437 3070 qui
453 2998 516 3052 licet
533 3003 606 3053 cirea
649 3001 702 3052 boo
717 2999 877 3052 vocabulum
895 3012 955 3051 ante
969 3009 1095 3050 extremus
1111 2996 1153 3047 lo·

111 3075 174 3142 alia,
190 3088 278 3127 tamen
297 3094 347 3146 pro
364 3077 462 3129 ritibus
481 3095 606 3131 exercen-
651 3095 728 3143 canu
747 3081 818 3133 unde
833 3078 993 3132 concludam
1009 3076 1079 3128 banc
1095 3095 1153 3129 esse
1224 3105 1226 3110 ·

110 3169 159 3209 tur·
170 3155 237 3207 Serv·
649 3163 792 3232 genuinam
802 3159 954 3223 lectionem,
966 3158 1037 3208 canit
1048 3157 1156 3228 effectos

144 3235 200 3306 4¹7.
219 3233 280 3284 Jam
300 3234 371 3285 canit
388 3243 511 3288 exlrctnor
530 3235 606 3307 effre-
650 3250 776 3290 extreinus
786 3236 882 3288 vinitor
890 3246 974 3296 antem
987 3247 1014 3286 et
1024 3235 1061 3285 sic
1072 3234 1154 3305 expli-r

16 3303 17 3390 f
112 3327 161 3380 tus,
170 3325 217 3366 etc.
231 3311 327 3365 Melina
336 3326 375 3365 est
384 3313 499 3386 Effectus
507 3313 605 3386 legere,
651 3316 766 3370 candem
779 3333 892 3377 censeo;
906 3315 1018 3378 vinitor,
1036 3315 1080 3385 qni
1093 3331 1154 3386 per·

16 3391 17 3408 ¹
114 3393 318 3467 qnamesfoetos:
336 3405 364 3444 nt
380 3391 487 3465 quidam
505 3393 604 3467 legunt.
651 3395 771 3449 renitad
787 3394 909 3446 ultimum
929 3392 1051 3444 ordinem
1071 3395 1155 3444 vine·

16 3545 17 3548 Ἴ
113 3475 143 3526 Et
161 3483 228 3525 anus
247 3473 292 3524 alii
314 3485 445 3524 extremos
467 3475 607 3525 vinearum
653 3471 1156 3538 etlaborumfinem,cantatloetnsan·

116 3555 213 3608 ordines
230 3555 366 3623 accipiunt
381 3569 388 3605 s
410 3552 455 3605 alii
477 3557 607 3606 macerias
652 3565 687 3607 ter
699 3573 767 3626 quos
779 3572 810 3606 ex
824 3553 896 3604 omni
908 3551 1096 3624 percusserit,
1110 3549 1156 3604 ab·

117 3633 204 3708 quibus
224 3634 314 3684 vineta
337 3631 523 3686 clauduntur:
549 3651 607 3704 qne
652 3633 739 3686 solvit.
754 3631 890 3684 -Antea
908 3631 975 3684 Ceto
992 3629 1025 3682 de
1043 3629 1156 3682 remili-

116 3715 227 3769 rnsceriae
238 3713 305 3764 finnt
316 3713 350 3765 de
363 3715 443 3778 assis,
454 3713 545 3784 idest,
558 3715 609 3766 sic-
654 3716 720 3766 tori:
733 3737 743 3761 ι
754 3713 859 3766 Pedites
870 3725 985 3784 quatuor
996 3710 1155 3783 agminibus,

118 3799 151 3850 cis
157 3793 296 3868 lapidibus.
307 3793 365 3844 Hoc
373 3805 461 3846 autem
470 3793 609 3860 dicit,Jam
657 3817 668 3840 ι
679 3795 782 3864 equites
794 3791 900 3844 duobus
913 3791 1019 3843 antibus
1032 3789 1136 3842 ducas·
1149 3812 1157 3842 s

120 3887 199 3928 cantat
218 3875 331 3926 rusticus
351 3873 444 3926 labore
463 3872 554 3935 linito;
574 3885 611 3925 ts·
655 3885 717 3924 sunt
738 3885 827 3925 autern
849 3885 969 3924 extremae
993 3867 1156 3942 quadrarum

120 3973 172 4008 rnen
185 3955 274 4008 deesse
286 3971 342 4006 non
354 3965 443 4026 potest
455 3952 612 4024 quod'exer·
655 3965 754 4026 partes.
769 3951 887 4025 Philarq.

122 4053 173 4087 cere
182 4038 250 4100 ¹circa
260 4035 393 4087 culturam
402 4033 495 4086 vitium
504 4032 610 4086 debeat.
693 4029 1157 4106 418.Pulvirquemooendur.Genur

123 4113 182 4168 Serv.
194 4145 228 4158 -·
239 4115 369 4172 Carminis
386 4115 466 4186 hujus
485 4114 567 4168 lectio
585 4115 611 4167 in
659 4109 1158 4187 ipsumculturapulrerstiovocatum
