2970 4714
246 374 1296 407 mmmmmmmwu

631 597 905 707 CULEX

343 863 786 964 prosternemur
814 883 1195 965 nnsrrrorus

274 1152 378 1219 CUM
400 1149 682 1217 NOTATIONE
706 1147 1190 1216 INTERPOLATIONUM
1212 1153 1224 1236 (
1246 1155 1266 1238 ).

283 1613 450 1710 Lusruus,
462 1631 589 1706 Octavi,
601 1629 710 1710 gracili
720 1631 908 1693 'modulante
918 1629 1028 1691 Thalia
1038 1655 1046 1707 ;

281 1729 397 1805 Atque,
410 1735 445 1780 ut
458 1715 614 1794 araneoli‚
628 1731 752 1778 tenuem
766 1717 972 1780 formavimus
985 1739 1108 1780 orsum:

283 1815 447 1874 Lusimus:
461 1807 528 1869 haec
542 1822 671 1890 propter
683 1805 801 1867 Culicis
813 1821 882 1869 sunt
892 1809 1030 1868 carmina
1044 1808 1142 1887 dicta,

283 1902 395 1961 Omnis
407 1911 443 1957 ut
455 1896 594 1956 historiae
606 1894 784 1976 periodum
798 1909 954 1956 consonet
966 1895 1054 1956 ordo.

282 1989 428 2052 Notitiam
440 1983 553 2045 ducunt
562 2003 663 2044 voces.
677 1985 764 2043 Licet
776 1984 902 2044 invidus
914 1981 1006 2062 adsit.

283 2077 433 2156 Quisquis
445 2075 505 2133 erit
517 2073 646 2156 culpare
655 2073 746 2153 jocos
758 2075 944 2155 Musamque
956 2085 1100 2156 paratus,

282 2164 426 2228 Pondere
438 2161 486 2223 vel
500 2163 612 2223 culicis
624 2162 723 2223 levior
735 2163 882 2245 famaque
893 2162 1022 2224 feretur.

281 2255 439 2316 Posterius
450 2254 593 2335 graviore
604 2272 682 2313 sono
695 2252 752 2312 tibi
764 2255 854 2314 Musa
868 2251 1018 2335 loquetur

282 2345 412 2420 Nostra,
424 2341 548 2403 dabunt
559 2363 657 2424 quum
672 2362 797 2403 securos
809 2341 889 2401 milri
905 2357 1046 2426 tempora
1057 2356 1170 2426 portus,

283 2437 327 2497 Ut
341 2434 397 2494 tibi
411 2433 507 2516 digna
520 2448 575 2494 tuo
588 2433 751 2516 poliantur
763 2434 903 2494 carmina
914 2453 1018 2493 sensu.
1265 2461 1294 2492 to

323 2528 451 2585 Latonse
463 2524 634 2605 magnique
646 2523 734 2583 Jovis
746 2543 852 2604 penus,
864 2543 956 2582 aurea
970 2521 1088 2605 proles,

284 2612 423 2674 Phoebus
435 2614 494 2671 erit
505 2613 605 2672 nostri
617 2613 763 2693 princeps
776 2623 808 2672 et
819 2613 969 2671 carminis
982 2626 1108 2688 auctor,

285 2700 325 2759 Et
337 2702 496 2759 recinente
508 2697 575 2780 lyra
587 2696 706 2774 fautor3
718 2720 767 2761 seu
779 2698 887 2759 detinet
897 2696 989 2758 illum

285 2786 375 2850 Alma
388 2787 562 2849 Chimaereo
575 2786 719 2848 Xanthus
730 2787 859 2869 perfusa
871 2785 1010 2870 liquore,

285 2879 345 2939 Seu
357 2897 468 2939 nemus
480 2879 620 2954 Asteriae,
633 2897 686 2938 seu
699 2899 762 2960 qua
775 2879 938 2937 Parnassia
952 2897 1043 2960 rupes
1267 2888 1294 2936 ις

286 2969 371 3028 Hinc
383 2983 478 3050 atque
491 2967 566 3028 hinc
579 2967 689 3050 patula
702 2968 881 3052 praepandit
893 2986 1012 3030 cornua
1025 2966 1142 3044 fronte,

287 3057 496 3140 Castaliaeque
508 3078 624 3118 sonans
637 3055 760 3140 liquido
772 3055 853 3139 pede
866 3056 983 3117 labitur
994 3056 1089 3116 unda.

330 3147 390 3210 Vos
400 3167 514 3230 quoque
525 3147 620 3206 Pierii
632 3145 736 3207 laticis
749 3147 862 3226 decue,
874 3147 931 3224 ite,
944 3165 1067 3207 sorores

277 3305 749 3372 (t)Quumnetolerabilisquidemlectio
793 3305 1293 3374 iniis,qnseinterpolatorumintemperan·

249 3377 336 3425 Culicis
347 3381 388 3435 sit,
401 3378 514 3442 nullaque
523 3380 579 3427 inde
590 3383 687 3427 omnino
698 3396 750 3443 per·
793 3380 824 3424 tis
838 3390 860 3425 et
871 3380 931 3426 mala
943 3378 1067 3427 sedulitate
1079 3377 1214 3440 interposita
1227 3388 1292 3432 sunt,
1381 3393 1385 3398 ·

249 3452 297 3512 cipi
305 3451 376 3511 possit
383 3448 504 3512 voluptas,
514 3451 645 3514 periculum
653 3452 711 3506 ieci,
720 3466 750 3496 sn
793 3445 1294 3514 hsuslpaucslegisuspicormelioraiisquoe

250 3530 336 3565 mutata
347 3521 398 3581 ejus
407 3518 521 3575 lectione,
533 3534 581 3566 tum
595 3536 622 3567 er
634 3520 748 3567 librorum
793 3522 837 3584 ipsi
855 3533 921 3567 erant
939 3519 1064 3565 commenti
1081 3533 1162 3579 psrntn
1181 3517 1249 3563 docte
1266 3533 1293 3564 nc

250 3590 401 3651 corruptelis,
413 3603 462 3634 rum
472 3607 500 3636 ex
510 3593 614 3637 virorum
627 3591 749 3638 doctorum
793 3593 858 3637 scite.
865 3589 958 3636 licebat
965 3586 1063 3633 similem
1072 3603 1168 3650 operam
1173 3589 1220 3632 Cir-i
1228 3603 1294 3633 com-

250 3661 454 3709 mendationibus
468 3675 491 3707 et
504 3665 658 3725 conjecturis,
673 3665 749 3710 inter-
794 3660 898 3706 modere.
917 3659 1004 3704 Verum
1023 3660 1141 3720 specimen
1160 3673 1294 3719 proponere

250 3730 410 3796 poletionibus
419 3746 476 3776 vero
486 3730 619 3776 characters
629 3728 750 3776 literarum
793 3731 914 3784 volebam
930 3731 954 3774 in
969 3743 1017 3790 quo
1030 3727 1184 3791 expoliendo,
1198 3731 1293 3792 impug-

250 3803 343 3849 tlirerso
350 3801 448 3852 notatis,
457 3802 572 3845 exiturum
581 3811 640 3845 esset
648 3815 749 3858 carmen,
793 3799 884 3855 nando,
897 3797 1061 3855 defendendo,
1075 3801 1116 3862 qui
1128 3798 1212 3855 velint,
1227 3801 1294 3862 inge·

250 3871 371 3936 quodsine
379 3869 509 3914 offensione
516 3867 562 3930 legi
571 3870 650 3930 poerit.
656 3869 695 3914 lile
701 3883 750 3914 non
793 3871 832 3916 nia
841 3867 975 3915 exerceant!
984 3868 1151 3929 Lususinqenii
1159 3867 1227 3936 ethic
1235 3882 1293 3916 esto.

251 3957 332 3990 omnes
339 3941 607 4003 mutationespraestsre,
621 3951 661 3984 sut
672 3955 750 3986 rerem
826 3941 854 3984 V.
871 3939 884 3984 3
898 3955 964 4002 seqq.
980 3950 1003 3985 et
1020 3953 1044 3985 tr
1058 3955 1123 4003 seqq.
1139 3939 1293 4002 interpolatio

252 4029 278 4059 ec
290 4012 415 4076 genuinam
428 4009 553 4056 lectionem
563 4009 652 4072 ubique
661 4011 751 4056 restitu·
794 4013 920 4060 seriorum.

252 4095 298 4129 rem
305 4079 438 4134 venditare,
447 4082 485 4127 vir
493 4095 552 4144 opus
559 4091 593 4128 eet
600 4091 627 4126 ut
633 4094 749 4127 moneam.
828 4095 865 4128 ι...
875 4078 909 4127 rt.
917 4081 981 4130 Nora
990 4081 1149 4147 interpolatio.
1160 4083 1248 4130 lterum
1256 4095 1292 4129 ao.
