2918 4682
355 352 1013 421 russonsruoauutm.11.
1143 364 1204 451 ts,

153 471 235 550 dos,
248 474 280 534 id
292 487 351 554 est,
362 478 513 540 arcendos
524 497 631 558 greges
641 496 659 536 a
669 475 797 553 vitibus,
811 480 965 560 precipue
974 478 1050 540 dum
1062 481 1123 543 illas
1134 499 1210 544 sunt

152 576 289 642 tenerae,
304 567 514 650 laborumque
525 569 651 648 ignaru.

203 654 271 734 373.
281 657 376 718 Addit
387 660 553 732 rationem,
568 677 624 728 cur
639 654 780 716 texenda
793 676 896 738 sepes,
906 673 941 720 ut
950 677 1042 742 pecus
1052 675 1208 725 arceatur:

153 743 253 822 quia,
272 749 393 810 etiamsi
410 747 536 830 hyemes
550 748 703 827 indignae,
724 765 828 822 saevae,
843 764 976 809 noceant
992 752 1124 812 novellis
1139 754 1211 812 viti·

151 831 235 908 bus,
248 837 353 911 etSol,
364 859 462 920 quum
473 850 584 919 potens
596 849 653 908 est,
667 855 765 916 quum
776 849 821 902 est
830 839 974 910 aestivus3
990 851 1095 900 tamen
1109 839 1209 923 majus

153 939 386 986 nocumentum
409 927 566 1007 accipiunt
586 921 718 997 eburis,
741 926 876 1004 capreis,
897 924 1027 1002 ovibus,
1048 928 1207 1007 juvencis:

155 1011 211 1068 uri
224 1015 324 1090 enim,
341 1031 371 1076 et
387 1013 504 1097 capreae
518 1035 572 1096 per
583 1012 694 1074 ludum
710 1015 817 1073 omnia
830 1015 1048 1096 pessumdant,
1064 1031 1093 1077 et
1105 1033 1210 1100 prote·

154 1113 252 1160 runt:
266 1125 355 1178 oves,
370 1127 404 1165 ac
413 1103 555 1186 juvencae
568 1101 788 1185 depascuntur.

201 1187 270 1272 376.
284 1192 346 1252 Dat
361 1194 545 1274 explicatius
560 1213 628 1273 quse
643 1191 776 1266 dixerat,
792 1193 942 1252 nimirum
959 1213 1031 1272 quer
1045 1208 1119 1254 sunt
1132 1193 1207 1274 hye-

159 1297 228 1336 mes
241 1279 303 1340 illae
316 1281 468 1364 indignae,
480 1283 551 1364 quis
566 1295 676 1362 potens
689 1279 756 1354 Sol,
770 1280 854 1361 quod
870 1280 950 1342 illud
960 1279 1097 1342 ferarum
1112 1304 1210 1343 nocu-

156 1379 323 1426 mentum:
341 1372 431 1448 quesi
450 1369 547 1442 dicat,
564 1367 635 1452 plus
655 1371 833 1429 nocumenti
848 1390 941 1450 pecus
953 1366 1064 1430 afferre
1079 1370 1210 1445 vitibus,

155 1469 257 1529 quarn
269 1453 403 1516 afferant
412 1455 538 1539 hyemes
549 1457 700 1538 indignae,
711 1479 806 1540 quarn
816 1456 867 1518 Sol
878 1471 1004 1540 potens3
1015 1461 1211 1541 nequeenim

155 1539 292 1620 frigora,
305 1565 403 1627 quum
416 1562 537 1628 tempus
550 1549 664 1629 pruina
678 1547 863 1628 albicat(en
874 1548 1095 1628 indignitatem
1107 1548 1212 1624 illam;

157 1627 191 1685 id
205 1645 252 1690 est
260 1635 509 1716 magnitudinem
522 1636 681 1718 frigoris),
692 1659 792 1720 neque
806 1650 910 1711 aestas,
925 1657 1022 1718 quum
1036 1638 1140 1718 gravis
1156 1636 1211 1696 ad-

158 1716 291 1779 modum
308 1722 477 1799 incumbit,
492 1727 650 1786 arentibus
669 1747 733 1808 prte
753 1727 862 1786 ardore
882 1725 1019 1808 scopulis
1038 1725 1093 1804 (en
1110 1723 1211 1786 Solem

157 1815 338 1890 potentem)
353 1827 475 1873 tanturn
492 1828 625 1890 nocent,
640 1831 794 1898 quantum
810 1834 916 1896 greges
929 1813 994 1872 illi:
1011 1835 1084 1872 nam
1101 1833 1211 1874 eorum

157 1916 282 1960 morsus
301 1923 420 1964 veneno
443 1920 489 1964 est
510 1906 641 1993 plenus,
660 1918 691 1966 et
710 1906 887 1966 cicatricem
907 1905 1023 1986 possis,
1046 1917 1100 1964 ant
1121 1903 1210 1965 ulcus

157 1991 322 2052 nominare
334 1995 452 2074 potius,
469 2016 564 2076 quam
580 2016 729 2055 morsum.

193 2164 256 2236 372.
265 2170 398 2242 Praecipue
407 2171 470 2225 dum
477 2173 555 2245 froas
566 2186 658 2228 tenera
706 2173 741 2226 ed
754 2171 942 2244 explicandum
959 2171 1047 2224 Solem
1063 2175 1211 2246 vigentem,

157 2244 274 2302 Advorte
290 2250 351 2303 loeo
369 2252 420 2304 boc
435 2252 518 2306 Servii
533 2267 662 2324 corrupta
705 2255 743 2306 ita
761 2256 798 2305 ait
814 2253 927 2304 Meteon.
943 2253 985 2314 ll,
1003 2251 1018 2304 Β
1035 2273 1040 2300 r
1060 2247 1133 2320 iyrlp
1153 2250 1211 2308 luter

159 2342 216 2378 etse
228 2328 326 2392 verbu
340 2349 398 2401 qun
414 2344 443 2384 ut
459 2351 508 2402 per
519 2345 545 2385 te
557 2333 661 2386 incolo·
707 2331 761 2386 iret
771 2329 881 2396 pitane
893 2331 975 2400 apsari·
991 2331 1078 2384 cerata.

159 2405 244 2458 mitsti
257 2425 310 2459 sure
327 2409 466 2464 restituere
480 2413 582 2482 possis,
596 2411 662 2483 quid
742 2413 803 2482 374.
818 2412 945 2466 silvestres
958 2413 1006 2465 uti.
1021 2411 1116 2478 idest,
1129 2413 1211 2466 boves
1235 2419 1242 2426 ‘

159 2485 301 2556 superbae
314 2490 532 2542 nominaveteres
546 2489 663 2542 tradide-
708 2505 842 2564 agrestes,
865 2493 911 2562 qui
932 2493 959 2544 in
985 2492 1102 2544 Pirenaeo
1121 2505 1212 2546 monte

159 2557 661 2643 rintapponamssarisiusieitfnmdes,
708 2583 856 2625 nascuntur
869 2572 940 2624 inter
956 2567 1056 2626 Gallias
1072 2584 1100 2624 et
1116 2573 1213 2644 Hispa·

159 2659 185 2698 et
188 2647 342 2717 finudibus,
353 2663 454 2704 veteres
465 2671 514 2722 per
523 2672 540 2704 u
550 2651 660 2704 dixisse:
708 2654 765 2704 nias
777 2653 875 2722 posito.
893 2649 960 2704 Sunt
975 2662 1081 2716 autem,
1094 2653 1212 2722 exceptis

160 2729 234 2798 eujus
256 2730 407 2802 exemplum
429 2733 507 2802 ponit
528 2732 610 2784 Ennii
631 2751 662 2783 ex
707 2730 866 2804 elephantis,
874 2731 989 2802 majores
997 2731 1156 2784 animalibus
1164 2749 1213 2782 ca-

160 2808 294 2862 annalium
304 2809 373 2862 libro
381 2812 495 2881 septimo
505 2832 511 2862 =
521 2812 664 2864 Buresoast
706 2813 787 2864 teris:
805 2811 870 2864 dicti
891 2811 951 2875 Uri,
969 2807 1018 2863 ria-l
1034 2810 1081 2866 riis
1097 2799 1167 2880 ipat,
1183 2809 1212 2864 id

160 2887 271 2940 Flundes
279 2891 463 2962 nonfrondes:
476 2904 607 2944 mutatum
616 2909 661 2944 re·
706 2905 760 2960 est,
771 2909 787 2943 a
799 2891 944 2944 inentibus.
960 2919 990 2932 ·-
1010 2892 1162 2962 Capreoeque
1172 2908 1212 2942 se·

161 2983 189 3015 ro
202 2987 219 3018 u
230 2968 258 3018 in
270 2988 285 3020 o
297 2985 387 3022 monet
399 2971 516 3032 Plinius;
531 2985 558 3026 et
572 2974 662 3025 nomi·
706 2991 805 3046 quoccs.
819 2971 849 3022 ld
864 2983 920 3036 est,
937 2971 1145 3041 persecutrices;
1164 2987 1212 3020 seu

162 3046 385 3118 nativumabsqne
393 3068 411 3099 n
421 3049 498 3103 litera
509 3052 537 3102 in
545 3063 660 3122 utroque
708 3049 781 3122 quod
794 3052 860 3103 vites
871 3061 1068 3121 persequantur
1079 3069 1085 3097 :
1096 3059 1140 3110 ut,
1153 3049 1213 3098 Ma-

162 3123 249 3194 loqui,
257 3125 330 3196 frus,
338 3127 404 3198 frus.
416 3129 484 3180 Dum
498 3131 557 3181 vitis
570 3130 662 3184 novel·
709 3131 804 3202 leaeque
814 3128 962 3200 sequacibus
972 3125 1056 3179 undis.
1068 3124 1140 3178 Serv.

162 3202 274 3256 laestet
287 3205 387 3258 laboris
397 3209 551 3277 inexperta,
565 3219 662 3279 atque,
743 3211 803 3278 379.
817 3207 951 3260 Admone.
967 3205 1140 3275 Participium
1155 3219 1210 3270 est,

162 3293 189 3333 ut
203 3282 307 3337 Colum.
324 3287 377 3350 eit,
397 3285 498 3358 injuste
517 3286 661 3357 impatiens·
707 3309 739 3342 ao
749 3291 771 3340 si
781 3288 896 3351 diceret,
909 3285 1016 3338 abrosm
1029 3283 1098 3335 Serv.
1112 3311 1146 3321 -
1158 3282 1212 3334 Ad-

162 3391 194 3400 -
204 3363 408 3436 Impmdensque
419 3363 544 3416 ledonem.
557 3363 663 3422 Groeee-
707 3387 798 3420 morso.
813 3368 872 3418 Hac
881 3365 955 3418 verbi
965 3365 1052 3419 forma
1062 3381 1126 3414 usus
1135 3363 1212 3416 Plou-

162 3460 216 3494 rutn
229 3461 302 3496 mors
315 3444 380 3497 dixit
393 3445 513 3514 insipien
524 3441 606 3498 niret.
706 3467 749 3506 tus
767 3447 861 3500 Pseud.
880 3448 999 3516 Propert.
1021 3443 1067 3496 lib.
1087 3443 1141 3507 ΙΙΙ,
1164 3461 1210 3505 rt;

194 3523 254 3592 373.
267 3524 394 3598 Iudiqrms
410 3525 511 3576 hiemes.
525 3551 560 3564 ··-
571 3523 662 3595 Expli·
705 3527 797 3580 Sidon.
815 3527 900 3596 Epist.
917 3525 980 3588 Vll,
994 3523 1026 3585 6;
1043 3521 1210 3594 Capitolinus

164 3607 203 3656 cui
214 3623 337 3678 magnos,
353 3625 446 3671 soeuas,
461 3619 585 3670 secutus,
602 3625 660 3678 quse
705 3609 733 3660 in
740 3608 886 3658 Antonino.
895 3605 997 3662 Seneca
1004 3604 1089 3675 Epist.
1100 3603 1211 3669 XXVII,

163 3685 212 3754 jam
222 3685 275 3736 dixi
288 3687 343 3737 Eel.
357 3687 397 3750 X;
410 3685 445 3738 ad
457 3685 539 3752 illud,
553 3686 660 3759 indiguo
702 3685 878 3761 Symmachus
886 3687 970 3757 Epist.
981 3685 1002 3751 Ι,
1015 3682 1056 3736 25.
1068 3681 1211 3753 conjunxit

158 3781 240 3837 guum
253 3765 344 3817 Gallus
355 3785 442 3818 amore
452 3767 552 3838 periret.
567 3767 661 3837 Neque
706 3767 758 3821 boc
775 3769 802 3820 in
821 3781 967 3821 extremum
984 3765 1101 3818 iuratus.
1121 3763 1209 3814 Cerdo.

166 3843 237 3896 aliter
246 3846 269 3895 is
279 3843 353 3896 locus
365 3845 485 3916 expediri
494 3858 583 3916 potest
591 3865 663 3899 eom·
706 3877 742 3888 -
757 3847 837 3918 Stirpi
860 3845 934 3917 apud
957 3844 1116 3916 Virgilium,
1138 3843 1159 3896 si
1177 3841 1211 3892 de

165 3923 252 3991 node,
265 3942 346 3995 quam
360 3923 395 3976 de
409 3925 591 3996 magnitudine
605 3925 662 3978 bie·
708 3925 807 3996 plantis
820 3939 928 3997 agatur,
941 3921 1083 3978 masculini
1092 3921 1210 3992 generis;

165 4006 217 4055 nis.
230 4033 264 4044 -
277 4004 416 4078 Solemque
431 4016 570 4078 potentem.
589 4005 662 4073 Quid
708 4007 731 4058 si
747 4005 781 4058 de
797 4003 967 4067 hominibus,
985 4003 1116 4056 feminini.
1134 4000 1161 4054 V
1159 4038 1165 4049 .
1179 4001 1209 4052 G.

167 4083 186 4132 ti
195 4088 306 4156 sumpsit
317 4105 349 4140 ex
360 4087 521 4140 Aristotele?
532 4087 581 4138 llic
592 4087 662 4138 enim
710 4087 865 4139 -Donatut
873 4085 944 4138 banc
953 4085 1106 4154 opinionem
1116 4081 1209 4150 rejicit.
