2986 4694
301 390 361 456 170
546 369 580 431 e.
605 367 837 434 vincturi
860 368 1091 438 Maeonis

341 487 479 555 Bideute
492 487 573 556 dicit
584 488 775 556 adtendisse
787 491 902 558 forfice

302 583 305 588 ¹
340 596 475 660 Comata
487 596 585 677 colla,
600 619 707 686 neque
720 595 908 677 sordidum,
917 597 1000 688 jugo

339 705 527 784 Premente,
542 701 624 768 dura
636 703 757 768 volnus
767 701 881 768 ederet
889 703 981 794 juba.

337 811 499 873 Cremona
510 807 643 898 frigide,
657 826 691 873 et
701 808 808 874 lutose
821 810 940 891 Gallie,

336 914 413 979 Tibi
426 915 495 979 haec
508 916 623 996 fuisse,
639 931 672 978 et
683 937 768 995 esse,
782 915 1005 1003 cognitissima

334 1021 390 1084 Ait
401 1021 554 1100 Sabinus,
567 1019 681 1084 ultima
694 1043 733 1084 ex
744 1022 872 1109 origine

335 1127 408 1190 Tua
420 1129 548 1192 stetisse
561 1125 640 1191 dicit
652 1127 686 1190 in
697 1127 869 1215 uoragine,

335 1234 407 1297 Tua
420 1233 454 1296 in
467 1231 587 1323 palude
600 1231 792 1322 deposuisse
805 1233 962 1312 sarcinas,

335 1340 377 1406 Et
389 1337 466 1404 inde
479 1357 527 1406 tot
539 1363 600 1428 per
612 1339 757 1406 orbitosa
768 1339 871 1406 millis

334 1447 458 1532 Jugum
471 1445 603 1510 tulisse:
617 1445 713 1524 laeva,
726 1445 794 1510 sive
807 1445 955 1524 dextera,

335 1549 477 1638 Strigarc
489 1551 609 1629 mulas,
623 1551 691 1614 sive
705 1551 872 1639 utrimque
884 1563 1038 1636 coeperat.

335 1657 452 1744 Neque
464 1655 531 1720 ulla
543 1671 619 1722 vota
631 1655 834 1722 semitelibus
847 1653 918 1720 deis
1308 1681 1338 1712 ιο

268 1833 271 1839 ,
299 1821 302 1827 ,
334 1760 401 1826 Sibi
415 1783 486 1826 esse
498 1762 597 1841 facta,
612 1779 748 1851 propter
760 1761 824 1828 hoc
837 1760 1068 1836 novissimum,

290 1929 393 1982 cervice
406 1928 577 1995 attondetur,
588 1949 622 1996 qe
631 1931 687 2004 jugi
698 1930 789 1982 attritu
835 1927 920 1981 millis
927 1925 1073 1980 mulionem
1081 1935 1203 1996 portasse
1211 1921 1340 1978 exhume-

289 2007 337 2062 ilia
344 2008 525 2073 exulceretur3
536 2023 564 2064 et
571 2009 672 2082 forcipe
678 2009 791 2081 prebeu·
834 2011 871 2061 ris
881 2010 944 2061 suis.
955 2006 1095 2061 Acerbitas
1106 2006 1187 2078 igitur
1197 2017 1223 2056 et
1232 2005 1260 2056 in
1269 2003 1337 2072 boc,

290 2087 487 2158 diturierrum,
503 2091 533 2142 in
548 2089 688 2142 atwudisse
703 2086 791 2142 medie
836 2089 909 2161 quod
933 2087 1020 2142 mules
1047 2085 1118 2138 maie
1148 2098 1253 2140 curetas
1276 2103 1338 2138 eum

288 2181 375 2221 metro
387 2181 536 2242 repugnat:
553 2169 634 2241 igitur
647 2165 791 2240 legendum
835 2173 919 2244 egisse
927 2181 1026 2222 narrat.
1038 2167 1155 2240 Striyare
1165 2185 1214 2238 pro
1226 2167 1339 2238 strinqs·

288 2249 420 2303 assedisse.
433 2251 496 2302 Mox
511 2267 579 2302 vers.
598 2265 625 2300 rr
645 2267 695 2321 pro
708 2248 788 2313 dum,
835 2267 880 2316 re,
896 2249 970 2321 quod
986 2246 1090 2311 editur,
1105 2263 1162 2298 esse
1178 2245 1338 2317 legendum,

287 2329 381 2382 adusta
387 2331 478 2384 Heius.
488 2333 557 2400 conj.
567 2352 574 2392 3
586 2349 636 2382 nec
645 2329 698 2382 hoc
706 2330 789 2401 magis
834 2331 1005 2383 manifestum
1014 2339 1067 2391 est,
1077 2324 1159 2396 idque
1166 2324 1282 2397 Scaliger
1291 2324 1339 2376 do·

288 2409 568 2472 accommodste;non
575 2411 645 2463 enim
654 2406 790 2479 juba,sed
835 2412 906 2477 cuit,
923 2421 949 2461 et
967 2406 1070 2460 dudum
1088 2407 1117 2456 in
1132 2419 1195 2458 vett.
1214 2404 1294 2469 edd,
1309 2417 1339 2458 ut

287 2489 387 2542 collum
399 2491 522 2542 aduritur
534 2493 626 2542 attritu
637 2488 715 2559 jube.
834 2491 900 2543 Van.
929 2489 1013 2556 1486,
1034 2503 1189 2558 expressum
1213 2484 1336 2538 vidimus.

326 2569 365 2622 13.
389 2569 428 2635 14.
449 2568 509 2620 Tibi
530 2568 584 2620 boec
596 2569 681 2637 fuisse
695 2577 722 2618 st
740 2583 791 2620 esse
834 2567 1027 2640 decipiendum
1044 2579 1133 2620 tamen
1148 2562 1194 2618 bie
1210 2582 1266 2616 non
1281 2577 1336 2616 tam

287 2647 478 2718 coquitissima,
492 2647 539 2698 Au
554 2646 682 2711 Sabinus,
695 2644 790 2696 ultima
833 2665 884 2718 pro
904 2647 1133 2716 interquiescere,
1157 2643 1205 2697 sed
1226 2644 1335 2694 omnino
1439 2703 1442 2710 Ι

287 2741 319 2776 ex
330 2724 439 2796 origine.
451 2727 490 2777 lte
500 2725 667 2797 distinguunt
679 2724 733 2776 aiii.
746 2723 790 2774 ΔΙ-
834 2743 888 2796 pre
901 2726 984 2778 macie
994 2724 1038 2777 vel
1049 2723 1140 2777 inedie
1152 2721 1265 2776 deficere
1274 2723 1338 2774 viri·

288 2806 424 2856 reseratio
435 2805 556 2858 firmetur
569 2805 689 2875 exemplo
700 2803 791 2856 Catul-
834 2805 902 2872 bus,
919 2815 949 2854 ut
967 2801 1057 2856 rbedae
1073 2803 1202 2856 ducende
1221 2805 1337 2874 imperet

287 2882 323 2950 ii,
338 2883 412 2952 quod
424 2897 553 2955 sequutus
565 2896 605 2936 est
614 2903 639 2934 v.
654 2883 695 2949 ι4.
712 2882 751 2934 15.
761 2895 790 2932 ιιι
835 2883 902 2956 bigas
915 2886 977 2936 siut.
991 2885 1069 2936 Nunc
1083 2897 1171 2936 autem
1184 2902 1233 2936 nee
1248 2884 1336 2934 minus

288 2964 339 3028 sit,
352 2961 438 3015 indes
449 2962 599 3026 natalibus,
613 2981 629 3013 e
637 2978 720 3032 puero
732 2960 759 3012 b.
770 2961 788 3012 i.
835 2965 1004 3016 menifestum
1017 2977 1073 3030 est,
1086 2965 1166 3018 etiem
1182 2963 1286 3034 reliqua
1297 2962 1336 3013 sic

287 3045 354 3098 sent
373 3057 461 3096 autem
484 3043 530 3096 iiia
554 3041 709 3115 appellandi
727 3059 791 3094 casu
835 3045 1023 3098 constituenda
1033 3063 1108 3098 esse:
1122 3044 1200 3104 iuva,
1213 3043 1266 3096 siue
1275 3041 1336 3094 dex·

288 3122 376 3176 dicte:
391 3123 466 3189 Tibi,
478 3143 493 3176 o
507 3125 632 3177 Cremona
642 3136 692 3174 etc.
836 3134 890 3177 tera
909 3126 1024 3199 Striqaur
1043 3123 1117 3178 melu
1127 3163 1137 3190 ,
1153 3125 1206 3177 sive
1224 3135 1337 3194 utraque

326 3205 366 3258 16.
377 3203 537 3277 deposuisse,
551 3217 597 3256 aut
606 3200 790 3255 contrahenda
834 3220 953 3279 ceperat.
970 3205 1051 3275 Quod
1069 3205 1158 3258 media
1179 3207 1207 3258 in
1225 3215 1337 3274 utraque

287 3297 328 3338 eet
336 3284 440 3352 media,
453 3295 502 3336 aut·
510 3285 562 3357 leg.
572 3283 696 3356 deposisse
705 3283 790 3336 exde-
834 3287 1010 3356 producitur,
1033 3286 1110 3350 eliis,
1134 3286 1184 3338 etsi
1205 3285 1335 3336 seriorum

285 3364 414 3436 posiuisse.
428 3366 495 3416 Tum
512 3376 557 3416 tua
571 3365 599 3416 in
609 3363 722 3436 palude,
738 3381 789 3434 pe·
834 3380 989 3438 poetarum,
1004 3365 1131 3437 exemplis
1141 3363 1214 3416 idem
1226 3354 1336 3416 edoctor

289 3443 391 3496 iudosis
403 3444 479 3496 iocis.
834 3465 889 3499 non
901 3447 970 3498 maie
980 3444 1099 3498 babebit.
1108 3442 1139 3498 Si
1146 3445 1189 3495 cui
1199 3455 1287 3494 tamen
1296 3442 1337 3492 in·

326 3539 357 3592 ¹7
367 3541 441 3594 seqq.
454 3523 557 3594 Vulgo:
570 3525 671 3596 lupum
685 3520 787 3575 tulisse:
833 3519 1338 3593 tolerabileboevideatur,iegetutrt'n·

287 3599 415 3654 loevaside
424 3603 537 3654 dextera.
545 3601 677 3674 Strieqere
685 3599 789 3666 mulus,
833 3623 906 3677 qur,
928 3603 971 3657 vel
994 3621 1055 3658 cum
1075 3605 1133 3656 viro
1158 3601 1239 3656 docto
1264 3599 1338 3673 apud

287 3679 341 3732 siue
357 3691 500 3751 utrumque
513 3690 631 3751 ceperat.
645 3677 788 3746 Quomodo
833 3685 922 3736 Burm.
936 3683 990 3736 sive
1004 3691 1269 3756 utrequecoeperarrt.

289 3757 351 3820 aiii,
364 3760 444 3810 etiam
457 3761 503 3828 qui
513 3759 704 3824 emendarunt,
714 3759 790 3813 intel-
872 3780 914 3816 ao·
931 3779 973 3815 αι.
988 3782 1030 3816 aa.
1042 3764 1109 3816 Tem
1121 3762 1235 3816 feliciter
1247 3760 1336 3812 omnia

288 3836 401 3890 lexerint
413 3836 681 3905 locum‚dioerenon
693 3839 789 3893 babeo.
835 3841 949 3894 molioni
967 3844 1078 3896 cessisse
1100 3843 1154 3909 ait,
1171 3853 1201 3894 ut
1220 3861 1254 3894 ne
1273 3851 1337 3891 vote

288 3917 425 3970 Sententia
440 3918 546 3971 videtur
562 3937 619 3972 esse
634 3919 707 3972 bees
725 3939 791 3992 quo·
837 3921 944 3992 quidem
957 3918 1009 3974 diis
1021 3921 1150 3987 visilibus,
1167 3921 1273 3986 indies,
1288 3937 1338 3972 un-

289 4001 338 4052 ties
352 3998 435 4053 altera
449 3999 491 4052 vei
505 4013 618 4071 utraque
632 3999 705 4053 mule
718 4000 792 4054 defe-
837 4019 916 4072 quem
933 4003 1069 4074 suscipere
1084 4019 1192 4055 necesse
1207 4001 1338 4065 baberet,

291 4093 374 4146 seret,
382 4081 499 4154 demtum
510 4085 541 4135 iis
548 4084 641 4154 jugum
651 4101 702 4155 per
709 4083 791 4137 muita
835 4097 886 4134 nee
898 4081 982 4134 ullum
996 4082 1159 4153 susciperet,
1175 4093 1272 4152 preter
1285 4079 1338 4132 boc
